[
  {
    "date": "2025-06-30",
    "symbol": "BK",
    "reportedCurrency": "USD",
    "cik": "0001390777",
    "fillingDate": "2025-08-01",
    "acceptedDate": "2025-08-01 07:02:10",
    "calendarYear": "2025",
    "period": "Q2",
    "revenue": 10324000000,
    "costOfRevenue": 5382000000,
    "grossProfit": 4942000000,
    "grossProfitRatio": 0.4786904301,
    "researchAndDevelopmentExpenses": 0,
    "generalAndAdministrativeExpenses": 1734000000,
    "sellingAndMarketingExpenses": 0,
    "sellingGeneralAndAdministrativeExpenses": 1734000000,
    "otherExpenses": 1369000000,
    "operatingExpenses": 3103000000,
    "costAndExpenses": 8485000000,
    "interestIncome": 6602000000,
    "interestExpense": 5399000000,
    "depreciationAndAmortization": 426000000,
    "ebitda": 2265000000,
    "ebitdaratio": 0.2193917086,
    "operatingIncome": 1839000000,
    "operatingIncomeRatio": 0.1781286323,
    "totalOtherIncomeExpensesNet": 0,
    "incomeBeforeTax": 1839000000,
    "incomeBeforeTaxRatio": 0.1781286323,
    "incomeTaxExpense": 404000000,
    "netIncome": 1423000000,
    "netIncomeRatio": 0.1378341728,
    "eps": 1.95,
    "epsdiluted": 1.93,
    "weightedAverageShsOut": 714799000,
    "weightedAverageShsOutDil": 720007000,
    "link": "https://www.sec.gov/Archives/edgar/data/1390777/000139077725000118/0001390777-25-000118-index.htm",
    "finalLink": "https://www.sec.gov/Archives/edgar/data/1390777/000139077725000118/bk-20250630.htm"
  },
  {
    "date": "2025-03-31",
    "symbol": "BK",
    "reportedCurrency": "USD",
    "cik": "0001390777",
    "fillingDate": "2025-05-02",
    "acceptedDate": "2025-05-02 07:02:08",
    "calendarYear": "2025",
    "period": "Q1",
    "revenue": 9651000000,
    "costOfRevenue": 4982000000,
    "grossProfit": 4669000000,
    "grossProfitRatio": 0.4837840638,
    "researchAndDevelopmentExpenses": 0,
    "generalAndAdministrativeExpenses": 1802000000,
    "sellingAndMarketingExpenses": 0,
    "sellingGeneralAndAdministrativeExpenses": 1802000000,
    "otherExpenses": 1345000000,
    "operatingExpenses": 3147000000,
    "costAndExpenses": 8129000000,
    "interestIncome": 6123000000,
    "interestExpense": 4964000000,
    "depreciationAndAmortization": 446000000,
    "ebitda": 1968000000,
    "ebitdaratio": 0.2039166926,
    "operatingIncome": 1522000000,
    "operatingIncomeRatio": 0.1577038649,
    "totalOtherIncomeExpensesNet": 0,
    "incomeBeforeTax": 1522000000,
    "incomeBeforeTaxRatio": 0.1577038649,
    "incomeTaxExpense": 300000000,
    "netIncome": 1220000000,
    "netIncomeRatio": 0.1264117708,
    "eps": 1.59,
    "epsdiluted": 1.58,
    "weightedAverageShsOut": 720951000,
    "weightedAverageShsOutDil": 727398000,
    "link": "https://www.sec.gov/Archives/edgar/data/1390777/000139077725000084/0001390777-25-000084-index.htm",
    "finalLink": "https://www.sec.gov/Archives/edgar/data/1390777/000139077725000084/bk-20250331.htm"
  },
  {
    "date": "2024-12-31",
    "symbol": "BK",
    "reportedCurrency": "USD",
    "cik": "0001390777",
    "fillingDate": "2025-02-27",
    "acceptedDate": "2025-02-27 07:00:18",
    "calendarYear": "2024",
    "period": "Q4",
    "revenue": 10033000000,
    "costOfRevenue": 5293000000,
    "grossProfit": 4740000000,
    "grossProfitRatio": 0.4724409449,
    "researchAndDevelopmentExpenses": 0,
    "generalAndAdministrativeExpenses": 1682000000,
    "sellingAndMarketingExpenses": 0,
    "sellingGeneralAndAdministrativeExpenses": 1682000000,
    "otherExpenses": 1586000000,
    "operatingExpenses": 3268000000,
    "costAndExpenses": 8561000000,
    "interestIncome": 6467000000,
    "interestExpense": 5273000000,
    "depreciationAndAmortization": 428000000,
    "ebitda": 1900000000,
    "ebitdaratio": 0.1893750623,
    "operatingIncome": 1472000000,
    "operatingIncomeRatio": 0.1467158377,
    "totalOtherIncomeExpensesNet": 0,
    "incomeBeforeTax": 1472000000,
    "incomeBeforeTaxRatio": 0.1467158377,
    "incomeTaxExpense": 315000000,
    "netIncome": 1155000000,
    "netIncomeRatio": 0.1151201037,
    "eps": 1.56,
    "epsdiluted": 1.54,
    "weightedAverageShsOut": 726568000,
    "weightedAverageShsOutDil": 733720000,
    "link": "https://www.sec.gov/Archives/edgar/data/1390777/000139077725000046/0001390777-25-000046-index.htm",
    "finalLink": "https://www.sec.gov/Archives/edgar/data/1390777/000139077725000046/bk-20241231.htm"
  },
  {
    "date": "2024-09-30",
    "symbol": "BK",
    "reportedCurrency": "USD",
    "cik": "0001390777",
    "fillingDate": "2024-11-01",
    "acceptedDate": "2024-11-01 16:31:04",
    "calendarYear": "2024",
    "period": "Q3",
    "revenue": 10162000000,
    "costOfRevenue": 5627000000,
    "grossProfit": 4535000000,
    "grossProfitRatio": 0.4462704192,
    "researchAndDevelopmentExpenses": 0,
    "generalAndAdministrativeExpenses": 1696000000,
    "sellingAndMarketingExpenses": 0,
    "sellingGeneralAndAdministrativeExpenses": 1696000000,
    "otherExpenses": 1314000000,
    "operatingExpenses": 3010000000,
    "costAndExpenses": 8637000000,
    "interestIncome": 6652000000,
    "interestExpense": 5604000000,
    "depreciationAndAmortization": 451000000,
    "ebitda": 1976000000,
    "ebitdaratio": 0.1944499114,
    "operatingIncome": 1525000000,
    "operatingIncomeRatio": 0.1500688841,
    "totalOtherIncomeExpensesNet": 0,
    "incomeBeforeTax": 1525000000,
    "incomeBeforeTaxRatio": 0.1500688841,
    "incomeTaxExpense": 336000000,
    "netIncome": 1182000000,
    "netIncomeRatio": 0.1163156859,
    "eps": 1.51,
    "epsdiluted": 1.5,
    "weightedAverageShsOut": 736547000,
    "weightedAverageShsOutDil": 742080000,
    "link": "https://www.sec.gov/Archives/edgar/data/1390777/000139077724000133/0001390777-24-000133-index.htm",
    "finalLink": "https://www.sec.gov/Archives/edgar/data/1390777/000139077724000133/bk-20240930.htm"
  },
  {
    "date": "2024-06-30",
    "symbol": "BK",
    "reportedCurrency": "USD",
    "cik": "0001390777",
    "fillingDate": "2024-08-02",
    "acceptedDate": "2024-08-02 07:01:21",
    "calendarYear": "2024",
    "period": "Q2",
    "revenue": 9871000000,
    "costOfRevenue": 5362000000,
    "grossProfit": 4509000000,
    "grossProfitRatio": 0.4567926249,
    "researchAndDevelopmentExpenses": 0,
    "generalAndAdministrativeExpenses": 1691000000,
    "sellingAndMarketingExpenses": 0,
    "sellingGeneralAndAdministrativeExpenses": 1691000000,
    "otherExpenses": 1291000000,
    "operatingExpenses": 2982000000,
    "costAndExpenses": 8344000000,
    "interestIncome": 6392000000,
    "interestExpense": 5362000000,
    "depreciationAndAmortization": 456000000,
    "ebitda": 1983000000,
    "ebitdaratio": 0.2008915004,
    "operatingIncome": 1527000000,
    "operatingIncomeRatio": 0.1546955729,
    "totalOtherIncomeExpensesNet": 0,
    "incomeBeforeTax": 1527000000,
    "incomeBeforeTaxRatio": 0.1546955729,
    "incomeTaxExpense": 357000000,
    "netIncome": 1168000000,
    "netIncomeRatio": 0.1183264107,
    "eps": 1.53,
    "epsdiluted": 1.52,
    "weightedAverageShsOut": 746904000,
    "weightedAverageShsOutDil": 751596000,
    "link": "https://www.sec.gov/Archives/edgar/data/1390777/000139077724000105/0001390777-24-000105-index.htm",
    "finalLink": "https://www.sec.gov/Archives/edgar/data/1390777/000139077724000105/bk-20240630.htm"
  },
  {
    "date": "2024-03-31",
    "symbol": "BK",
    "reportedCurrency": "USD",
    "cik": "0001390777",
    "fillingDate": "2024-05-03",
    "acceptedDate": "2024-05-03 07:00:57",
    "calendarYear": "2024",
    "period": "Q1",
    "revenue": 9487000000,
    "costOfRevenue": 5083000000,
    "grossProfit": 4404000000,
    "grossProfitRatio": 0.4642141878,
    "researchAndDevelopmentExpenses": 0,
    "generalAndAdministrativeExpenses": 1821000000,
    "sellingAndMarketingExpenses": 0,
    "sellingGeneralAndAdministrativeExpenses": 1821000000,
    "otherExpenses": 1259000000,
    "operatingExpenses": 3080000000,
    "costAndExpenses": 8163000000,
    "interestIncome": 6096000000,
    "interestExpense": 5056000000,
    "depreciationAndAmortization": 468000000,
    "ebitda": 1792000000,
    "ebitdaratio": 0.1888900601,
    "operatingIncome": 1324000000,
    "operatingIncomeRatio": 0.1395593971,
    "totalOtherIncomeExpensesNet": 0,
    "incomeBeforeTax": 1324000000,
    "incomeBeforeTaxRatio": 0.1395593971,
    "incomeTaxExpense": 297000000,
    "netIncome": 1025000000,
    "netIncomeRatio": 0.1080425846,
    "eps": 1.26,
    "epsdiluted": 1.25,
    "weightedAverageShsOut": 756937000,
    "weightedAverageShsOutDil": 762268000,
    "link": "https://www.sec.gov/Archives/edgar/data/1390777/000139077724000075/0001390777-24-000075-index.htm",
    "finalLink": "https://www.sec.gov/Archives/edgar/data/1390777/000139077724000075/bk-20240331.htm"
  },
  {
    "date": "2023-12-31",
    "symbol": "BK",
    "reportedCurrency": "USD",
    "cik": "0001390777",
    "fillingDate": "2023-12-31",
    "acceptedDate": "2023-12-30 19:00:00",
    "calendarYear": "2023",
    "period": "Q4",
    "revenue": 4367000000,
    "costOfRevenue": 0,
    "grossProfit": 4367000000,
    "grossProfitRatio": 1,
    "researchAndDevelopmentExpenses": 0,
    "generalAndAdministrativeExpenses": 1631000000,
    "sellingAndMarketingExpenses": 0,
    "sellingGeneralAndAdministrativeExpenses": 1631000000,
    "otherExpenses": 2736000000,
    "operatingExpenses": 4367000000,
    "costAndExpenses": 4367000000,
    "interestIncome": 5963000000,
    "interestExpense": 4862000000,
    "depreciationAndAmortization": 626000000,
    "ebitda": 0,
    "ebitdaratio": 0,
    "operatingIncome": 0,
    "operatingIncomeRatio": 0,
    "totalOtherIncomeExpensesNet": 232000000,
    "incomeBeforeTax": 232000000,
    "incomeBeforeTaxRatio": 0.0531257156,
    "incomeTaxExpense": 29000000,
    "netIncome": 205000000,
    "netIncomeRatio": 0.0469429815,
    "eps": 0.21,
    "epsdiluted": 0.2,
    "weightedAverageShsOut": 767146000,
    "weightedAverageShsOutDil": 772102000,
    "link": null,
    "finalLink": null
  },
  {
    "date": "2023-09-30",
    "symbol": "BK",
    "reportedCurrency": "USD",
    "cik": "0001390777",
    "fillingDate": "2023-11-03",
    "acceptedDate": "2023-11-03 07:03:04",
    "calendarYear": "2023",
    "period": "Q3",
    "revenue": 4333000000,
    "costOfRevenue": 0,
    "grossProfit": 4333000000,
    "grossProfitRatio": 1,
    "researchAndDevelopmentExpenses": 0,
    "generalAndAdministrativeExpenses": 1714000000,
    "sellingAndMarketingExpenses": 0,
    "sellingGeneralAndAdministrativeExpenses": 1714000000,
    "otherExpenses": 2619000000,
    "operatingExpenses": 4333000000,
    "costAndExpenses": 4333000000,
    "interestIncome": 5519000000,
    "interestExpense": 4503000000,
    "depreciationAndAmortization": 426000000,
    "ebitda": 0,
    "ebitdaratio": 0,
    "operatingIncome": 0,
    "operatingIncomeRatio": 0,
    "totalOtherIncomeExpensesNet": 1328000000,
    "incomeBeforeTax": 1328000000,
    "incomeBeforeTaxRatio": 0.3064851142,
    "incomeTaxExpense": 285000000,
    "netIncome": 1040000000,
    "netIncomeRatio": 0.240018463,
    "eps": 1.23,
    "epsdiluted": 1.22,
    "weightedAverageShsOut": 777813000,
    "weightedAverageShsOutDil": 781781000,
    "link": "https://www.sec.gov/Archives/edgar/data/1390777/000139077723000103/0001390777-23-000103-index.htm",
    "finalLink": "https://www.sec.gov/Archives/edgar/data/1390777/000139077723000103/bk-20230930.htm"
  },
  {
    "date": "2023-06-30",
    "symbol": "BK",
    "reportedCurrency": "USD",
    "cik": "0001390777",
    "fillingDate": "2023-08-04",
    "acceptedDate": "2023-08-04 07:08:11",
    "calendarYear": "2023",
    "period": "Q2",
    "revenue": 4412000000,
    "costOfRevenue": 0,
    "grossProfit": 4412000000,
    "grossProfitRatio": 1,
    "researchAndDevelopmentExpenses": 0,
    "generalAndAdministrativeExpenses": 1692000000,
    "sellingAndMarketingExpenses": 0,
    "sellingGeneralAndAdministrativeExpenses": 1692000000,
    "otherExpenses": 2720000000,
    "operatingExpenses": 4412000000,
    "costAndExpenses": 4412000000,
    "interestIncome": 5224000000,
    "interestExpense": 4124000000,
    "depreciationAndAmortization": 449000000,
    "ebitda": 0,
    "ebitdaratio": 0,
    "operatingIncome": 0,
    "operatingIncomeRatio": 0,
    "totalOtherIncomeExpensesNet": 1388000000,
    "incomeBeforeTax": 1388000000,
    "incomeBeforeTaxRatio": 0.3145965549,
    "incomeTaxExpense": 315000000,
    "netIncome": 1072000000,
    "netIncomeRatio": 0.2429737081,
    "eps": 1.31,
    "epsdiluted": 1.31,
    "weightedAverageShsOut": 787718000,
    "weightedAverageShsOutDil": 790725000,
    "link": "https://www.sec.gov/Archives/edgar/data/1390777/000139077723000081/0001390777-23-000081-index.htm",
    "finalLink": "https://www.sec.gov/Archives/edgar/data/1390777/000139077723000081/bk-20230630.htm"
  },
  {
    "date": "2023-03-31",
    "symbol": "BK",
    "reportedCurrency": "USD",
    "cik": "0001390777",
    "fillingDate": "2023-05-05",
    "acceptedDate": "2023-05-05 07:03:15",
    "calendarYear": "2023",
    "period": "Q1",
    "revenue": 4331000000,
    "costOfRevenue": 0,
    "grossProfit": 4331000000,
    "grossProfitRatio": 1,
    "researchAndDevelopmentExpenses": 0,
    "generalAndAdministrativeExpenses": 1791000000,
    "sellingAndMarketingExpenses": 0,
    "sellingGeneralAndAdministrativeExpenses": 1791000000,
    "otherExpenses": 2540000000,
    "operatingExpenses": 4331000000,
    "costAndExpenses": 4331000000,
    "interestIncome": 3942000000,
    "interestExpense": 2814000000,
    "depreciationAndAmortization": 351000000,
    "ebitda": 0,
    "ebitdaratio": 0,
    "operatingIncome": 0,
    "operatingIncomeRatio": 0,
    "totalOtherIncomeExpensesNet": 1288000000,
    "incomeBeforeTax": 1288000000,
    "incomeBeforeTaxRatio": 0.2973909028,
    "incomeTaxExpense": 306000000,
    "netIncome": 982000000,
    "netIncomeRatio": 0.226737474,
    "eps": 1.13,
    "epsdiluted": 1.13,
    "weightedAverageShsOut": 803340000,
    "weightedAverageShsOutDil": 807718000,
    "link": "https://www.sec.gov/Archives/edgar/data/1390777/000139077723000046/0001390777-23-000046-index.htm",
    "finalLink": "https://www.sec.gov/Archives/edgar/data/1390777/000139077723000046/bk-20230331.htm"
  },
  {
    "date": "2022-12-31",
    "symbol": "BK",
    "reportedCurrency": "USD",
    "cik": "0001390777",
    "fillingDate": "2023-02-27",
    "acceptedDate": "2023-02-27 07:26:41",
    "calendarYear": "2022",
    "period": "Q4",
    "revenue": 3832000000,
    "costOfRevenue": 0,
    "grossProfit": 3832000000,
    "grossProfitRatio": 1,
    "researchAndDevelopmentExpenses": 0,
    "generalAndAdministrativeExpenses": 1802000000,
    "sellingAndMarketingExpenses": 0,
    "sellingGeneralAndAdministrativeExpenses": 1802000000,
    "otherExpenses": 2030000000,
    "operatingExpenses": 3832000000,
    "costAndExpenses": 3832000000,
    "interestIncome": 3197000000,
    "interestExpense": 2141000000,
    "depreciationAndAmortization": 381000000,
    "ebitda": 0,
    "ebitdaratio": 0,
    "operatingIncome": 0,
    "operatingIncomeRatio": 0,
    "totalOtherIncomeExpensesNet": 685000000,
    "incomeBeforeTax": 685000000,
    "incomeBeforeTaxRatio": 0.1787578288,
    "incomeTaxExpense": 142000000,
    "netIncome": 543000000,
    "netIncomeRatio": 0.1417014614,
    "eps": 0.63,
    "epsdiluted": 0.62,
    "weightedAverageShsOut": 811586000,
    "weightedAverageShsOutDil": 815846000,
    "link": "https://www.sec.gov/Archives/edgar/data/1390777/000139077723000033/0001390777-23-000033-index.htm",
    "finalLink": "https://www.sec.gov/Archives/edgar/data/1390777/000139077723000033/bk-20221231.htm"
  },
  {
    "date": "2022-09-30",
    "symbol": "BK",
    "reportedCurrency": "USD",
    "cik": "0001390777",
    "fillingDate": "2022-11-07",
    "acceptedDate": "2022-11-07 06:48:38",
    "calendarYear": "2022",
    "period": "Q3",
    "revenue": 4154000000,
    "costOfRevenue": 0,
    "grossProfit": 4154000000,
    "grossProfitRatio": 1,
    "researchAndDevelopmentExpenses": 0,
    "generalAndAdministrativeExpenses": 1641000000,
    "sellingAndMarketingExpenses": 0,
    "sellingGeneralAndAdministrativeExpenses": 1641000000,
    "otherExpenses": 2513000000,
    "operatingExpenses": 4154000000,
    "costAndExpenses": 4154000000,
    "interestIncome": 1984000000,
    "interestExpense": 1058000000,
    "depreciationAndAmortization": 396000000,
    "ebitda": 0,
    "ebitdaratio": 0,
    "operatingIncome": 0,
    "operatingIncomeRatio": 0,
    "totalOtherIncomeExpensesNet": 630000000,
    "incomeBeforeTax": 630000000,
    "incomeBeforeTaxRatio": 0.1516610496,
    "incomeTaxExpense": 242000000,
    "netIncome": 388000000,
    "netIncomeRatio": 0.093403948,
    "eps": 0.39,
    "epsdiluted": 0.39,
    "weightedAverageShsOut": 811304000,
    "weightedAverageShsOutDil": 814516000,
    "link": "https://www.sec.gov/Archives/edgar/data/1390777/000139077722000101/0001390777-22-000101-index.htm",
    "finalLink": "https://www.sec.gov/Archives/edgar/data/1390777/000139077722000101/bk-20220930.htm"
  },
  {
    "date": "2022-06-30",
    "symbol": "BK",
    "reportedCurrency": "USD",
    "cik": "0001390777",
    "fillingDate": "2022-08-05",
    "acceptedDate": "2022-08-05 07:05:19",
    "calendarYear": "2022",
    "period": "Q2",
    "revenue": 4164000000,
    "costOfRevenue": 0,
    "grossProfit": 4164000000,
    "grossProfitRatio": 1,
    "researchAndDevelopmentExpenses": 0,
    "generalAndAdministrativeExpenses": 1623000000,
    "sellingAndMarketingExpenses": 0,
    "sellingGeneralAndAdministrativeExpenses": 1623000000,
    "otherExpenses": 2541000000,
    "operatingExpenses": 4164000000,
    "costAndExpenses": 4164000000,
    "interestIncome": 1159000000,
    "interestExpense": 335000000,
    "depreciationAndAmortization": 422000000,
    "ebitda": 0,
    "ebitdaratio": 0,
    "operatingIncome": 0,
    "operatingIncomeRatio": 0,
    "totalOtherIncomeExpensesNet": 1095000000,
    "incomeBeforeTax": 1095000000,
    "incomeBeforeTaxRatio": 0.2629682997,
    "incomeTaxExpense": 231000000,
    "netIncome": 869000000,
    "netIncomeRatio": 0.2086935639,
    "eps": 1.03,
    "epsdiluted": 1.03,
    "weightedAverageShsOut": 810680000,
    "weightedAverageShsOutDil": 813590000,
    "link": "https://www.sec.gov/Archives/edgar/data/1390777/000139077722000075/0001390777-22-000075-index.htm",
    "finalLink": "https://www.sec.gov/Archives/edgar/data/1390777/000139077722000075/bk-20220630.htm"
  },
  {
    "date": "2022-03-31",
    "symbol": "BK",
    "reportedCurrency": "USD",
    "cik": "0001390777",
    "fillingDate": "2022-05-06",
    "acceptedDate": "2022-05-06 16:11:07",
    "calendarYear": "2022",
    "period": "Q1",
    "revenue": 3847000000,
    "costOfRevenue": 0,
    "grossProfit": 3847000000,
    "grossProfitRatio": 1,
    "researchAndDevelopmentExpenses": 0,
    "generalAndAdministrativeExpenses": 1702000000,
    "sellingAndMarketingExpenses": 0,
    "sellingGeneralAndAdministrativeExpenses": 1702000000,
    "otherExpenses": 2145000000,
    "operatingExpenses": 3847000000,
    "costAndExpenses": 3847000000,
    "interestIncome": 778000000,
    "interestExpense": 80000000,
    "depreciationAndAmortization": 437000000,
    "ebitda": 0,
    "ebitdaratio": 0,
    "operatingIncome": 0,
    "operatingIncomeRatio": 0,
    "totalOtherIncomeExpensesNet": 918000000,
    "incomeBeforeTax": 918000000,
    "incomeBeforeTaxRatio": 0.2386275019,
    "incomeTaxExpense": 153000000,
    "netIncome": 773000000,
    "netIncomeRatio": 0.2009357941,
    "eps": 0.86,
    "epsdiluted": 0.86,
    "weightedAverageShsOut": 812791000,
    "weightedAverageShsOutDil": 813986000,
    "link": "https://www.sec.gov/Archives/edgar/data/1390777/000139077722000049/0001390777-22-000049-index.htm",
    "finalLink": "https://www.sec.gov/Archives/edgar/data/1390777/000139077722000049/bk-20220331.htm"
  },
  {
    "date": "2021-12-31",
    "symbol": "BK",
    "reportedCurrency": "USD",
    "cik": "0001390777",
    "fillingDate": "2022-02-25",
    "acceptedDate": "2022-02-25 07:05:13",
    "calendarYear": "2021",
    "period": "Q4",
    "revenue": 3940000000,
    "costOfRevenue": 0,
    "grossProfit": 3940000000,
    "grossProfitRatio": 1,
    "researchAndDevelopmentExpenses": 0,
    "generalAndAdministrativeExpenses": 1633000000,
    "sellingAndMarketingExpenses": 0,
    "sellingGeneralAndAdministrativeExpenses": 1633000000,
    "otherExpenses": 2307000000,
    "operatingExpenses": 3940000000,
    "costAndExpenses": 3940000000,
    "interestIncome": 729000000,
    "interestExpense": 52000000,
    "depreciationAndAmortization": 461000000,
    "ebitda": 0,
    "ebitdaratio": 0,
    "operatingIncome": 0,
    "operatingIncomeRatio": 0,
    "totalOtherIncomeExpensesNet": 1065000000,
    "incomeBeforeTax": 1065000000,
    "incomeBeforeTaxRatio": 0.2703045685,
    "incomeTaxExpense": 196000000,
    "netIncome": 863000000,
    "netIncomeRatio": 0.219035533,
    "eps": 1.01,
    "epsdiluted": 1.01,
    "weightedAverageShsOut": 813861000,
    "weightedAverageShsOutDil": 817345000,
    "link": "https://www.sec.gov/Archives/edgar/data/1390777/000139077722000043/0001390777-22-000043-index.htm",
    "finalLink": "https://www.sec.gov/Archives/edgar/data/1390777/000139077722000043/bk-20211231.htm"
  },
  {
    "date": "2021-09-30",
    "symbol": "BK",
    "reportedCurrency": "USD",
    "cik": "0001390777",
    "fillingDate": "2021-11-05",
    "acceptedDate": "2021-11-05 06:49:08",
    "calendarYear": "2021",
    "period": "Q3",
    "revenue": 3959000000,
    "costOfRevenue": 0,
    "grossProfit": 3959000000,
    "grossProfitRatio": 1,
    "researchAndDevelopmentExpenses": 0,
    "generalAndAdministrativeExpenses": 1584000000,
    "sellingAndMarketingExpenses": 0,
    "sellingGeneralAndAdministrativeExpenses": 1584000000,
    "otherExpenses": 2375000000,
    "operatingExpenses": 3959000000,
    "costAndExpenses": 3959000000,
    "interestIncome": 693000000,
    "interestExpense": 52000000,
    "depreciationAndAmortization": 468000000,
    "ebitda": 0,
    "ebitdaratio": 0,
    "operatingIncome": 0,
    "operatingIncomeRatio": 0,
    "totalOtherIncomeExpensesNet": 1162000000,
    "incomeBeforeTax": 1162000000,
    "incomeBeforeTaxRatio": 0.2935084617,
    "incomeTaxExpense": 219000000,
    "netIncome": 947000000,
    "netIncomeRatio": 0.2392018186,
    "eps": 1.04,
    "epsdiluted": 1.04,
    "weightedAverageShsOut": 847115000,
    "weightedAverageShsOutDil": 849028000,
    "link": "https://www.sec.gov/Archives/edgar/data/1390777/000139077721000095/0001390777-21-000095-index.htm",
    "finalLink": "https://www.sec.gov/Archives/edgar/data/1390777/000139077721000095/bk-20210930.htm"
  },
  {
    "date": "2021-06-30",
    "symbol": "BK",
    "reportedCurrency": "USD",
    "cik": "0001390777",
    "fillingDate": "2021-08-05",
    "acceptedDate": "2021-08-05 06:33:55",
    "calendarYear": "2021",
    "period": "Q2",
    "revenue": 3887000000,
    "costOfRevenue": 0,
    "grossProfit": 3887000000,
    "grossProfitRatio": 1,
    "researchAndDevelopmentExpenses": 0,
    "generalAndAdministrativeExpenses": 1518000000,
    "sellingAndMarketingExpenses": 0,
    "sellingGeneralAndAdministrativeExpenses": 1518000000,
    "otherExpenses": 2369000000,
    "operatingExpenses": 3887000000,
    "costAndExpenses": 3887000000,
    "interestIncome": 685000000,
    "interestExpense": 40000000,
    "depreciationAndAmortization": 472000000,
    "ebitda": 0,
    "ebitdaratio": 0,
    "operatingIncome": 0,
    "operatingIncomeRatio": 0,
    "totalOtherIncomeExpensesNet": 1268000000,
    "incomeBeforeTax": 1268000000,
    "incomeBeforeTaxRatio": 0.3262155904,
    "incomeTaxExpense": 241000000,
    "netIncome": 1022000000,
    "netIncomeRatio": 0.2629277077,
    "eps": 1.14,
    "epsdiluted": 1.13,
    "weightedAverageShsOut": 869298000,
    "weightedAverageShsOutDil": 873475000,
    "link": "https://www.sec.gov/Archives/edgar/data/1390777/000139077721000070/0001390777-21-000070-index.htm",
    "finalLink": "https://www.sec.gov/Archives/edgar/data/1390777/000139077721000070/bk-20210630.htm"
  },
  {
    "date": "2021-03-31",
    "symbol": "BK",
    "reportedCurrency": "USD",
    "cik": "0001390777",
    "fillingDate": "2021-05-06",
    "acceptedDate": "2021-05-06 06:23:50",
    "calendarYear": "2021",
    "period": "Q1",
    "revenue": 3847000000,
    "costOfRevenue": 0,
    "grossProfit": 3847000000,
    "grossProfitRatio": 1,
    "researchAndDevelopmentExpenses": 0,
    "generalAndAdministrativeExpenses": 1602000000,
    "sellingAndMarketingExpenses": 0,
    "sellingGeneralAndAdministrativeExpenses": 1602000000,
    "otherExpenses": 2245000000,
    "operatingExpenses": 3847000000,
    "costAndExpenses": 3847000000,
    "interestIncome": 738000000,
    "interestExpense": 83000000,
    "depreciationAndAmortization": 466000000,
    "ebitda": 0,
    "ebitdaratio": 0,
    "operatingIncome": 0,
    "operatingIncomeRatio": 0,
    "totalOtherIncomeExpensesNet": 1153000000,
    "incomeBeforeTax": 1153000000,
    "incomeBeforeTaxRatio": 0.2997140629,
    "incomeTaxExpense": 221000000,
    "netIncome": 927000000,
    "netIncomeRatio": 0.2409669873,
    "eps": 0.97,
    "epsdiluted": 0.97,
    "weightedAverageShsOut": 883505000,
    "weightedAverageShsOutDil": 884536000,
    "link": "https://www.sec.gov/Archives/edgar/data/1390777/000139077721000046/0001390777-21-000046-index.htm",
    "finalLink": "https://www.sec.gov/Archives/edgar/data/1390777/000139077721000046/bk-20210331.htm"
  },
  {
    "date": "2020-12-31",
    "symbol": "BK",
    "reportedCurrency": "USD",
    "cik": "0001390777",
    "fillingDate": "2021-02-25",
    "acceptedDate": "2021-02-25 06:48:25",
    "calendarYear": "2020",
    "period": "Q4",
    "revenue": 3768000000,
    "costOfRevenue": 0,
    "grossProfit": 3768000000,
    "grossProfitRatio": 1,
    "researchAndDevelopmentExpenses": 0,
    "generalAndAdministrativeExpenses": 1554000000,
    "sellingAndMarketingExpenses": 0,
    "sellingGeneralAndAdministrativeExpenses": 1554000000,
    "otherExpenses": 2214000000,
    "operatingExpenses": 3768000000,
    "costAndExpenses": 3768000000,
    "interestIncome": 776000000,
    "interestExpense": 96000000,
    "depreciationAndAmortization": 455000000,
    "ebitda": 0,
    "ebitdaratio": 0,
    "operatingIncome": 0,
    "operatingIncomeRatio": 0,
    "totalOtherIncomeExpensesNet": 903000000,
    "incomeBeforeTax": 903000000,
    "incomeBeforeTaxRatio": 0.2396496815,
    "incomeTaxExpense": 148000000,
    "netIncome": 750000000,
    "netIncomeRatio": 0.199044586,
    "eps": 0.79,
    "epsdiluted": 0.79,
    "weightedAverageShsOut": 889928000,
    "weightedAverageShsOutDil": 891846000,
    "link": "https://www.sec.gov/Archives/edgar/data/1390777/000139077721000037/0001390777-21-000037-index.htm",
    "finalLink": "https://www.sec.gov/Archives/edgar/data/1390777/000139077721000037/bk-20201231.htm"
  },
  {
    "date": "2020-09-30",
    "symbol": "BK",
    "reportedCurrency": "USD",
    "cik": "0001390777",
    "fillingDate": "2020-11-05",
    "acceptedDate": "2020-11-05 06:43:11",
    "calendarYear": "2020",
    "period": "Q3",
    "revenue": 3762000000,
    "costOfRevenue": 0,
    "grossProfit": 3762000000,
    "grossProfitRatio": 1,
    "researchAndDevelopmentExpenses": 0,
    "generalAndAdministrativeExpenses": 1466000000,
    "sellingAndMarketingExpenses": 0,
    "sellingGeneralAndAdministrativeExpenses": 1466000000,
    "otherExpenses": 2296000000,
    "operatingExpenses": 3762000000,
    "costAndExpenses": 3762000000,
    "interestIncome": 820000000,
    "interestExpense": 117000000,
    "depreciationAndAmortization": 431000000,
    "ebitda": 0,
    "ebitdaratio": 0,
    "operatingIncome": 0,
    "operatingIncomeRatio": 0,
    "totalOtherIncomeExpensesNet": 1157000000,
    "incomeBeforeTax": 1157000000,
    "incomeBeforeTaxRatio": 0.307549176,
    "incomeTaxExpense": 213000000,
    "netIncome": 937000000,
    "netIncomeRatio": 0.2490696438,
    "eps": 0.98,
    "epsdiluted": 0.98,
    "weightedAverageShsOut": 892857000,
    "weightedAverageShsOutDil": 893878000,
    "link": "https://www.sec.gov/Archives/edgar/data/1390777/000139077720000090/0001390777-20-000090-index.htm",
    "finalLink": "https://www.sec.gov/Archives/edgar/data/1390777/000139077720000090/bk-20200930.htm"
  },
  {
    "date": "2020-06-30",
    "symbol": "BK",
    "reportedCurrency": "USD",
    "cik": "0001390777",
    "fillingDate": "2020-08-06",
    "acceptedDate": "2020-08-06 06:36:14",
    "calendarYear": "2020",
    "period": "Q2",
    "revenue": 3925000000,
    "costOfRevenue": 0,
    "grossProfit": 3925000000,
    "grossProfitRatio": 1,
    "researchAndDevelopmentExpenses": 0,
    "generalAndAdministrativeExpenses": 1464000000,
    "sellingAndMarketingExpenses": 0,
    "sellingGeneralAndAdministrativeExpenses": 1464000000,
    "otherExpenses": 2461000000,
    "operatingExpenses": 3925000000,
    "costAndExpenses": 3925000000,
    "interestIncome": 943000000,
    "interestExpense": 163000000,
    "depreciationAndAmortization": 390000000,
    "ebitda": 0,
    "ebitdaratio": 0,
    "operatingIncome": 0,
    "operatingIncomeRatio": 0,
    "totalOtherIncomeExpensesNet": 1181000000,
    "incomeBeforeTax": 1181000000,
    "incomeBeforeTaxRatio": 0.3008917197,
    "incomeTaxExpense": 216000000,
    "netIncome": 950000000,
    "netIncomeRatio": 0.2420382166,
    "eps": 1.01,
    "epsdiluted": 1.01,
    "weightedAverageShsOut": 891089000,
    "weightedAverageShsOutDil": 892079000,
    "link": "https://www.sec.gov/Archives/edgar/data/1390777/000139077720000072/0001390777-20-000072-index.htm",
    "finalLink": "https://www.sec.gov/Archives/edgar/data/1390777/000139077720000072/form10-q2q20.htm"
  },
  {
    "date": "2020-03-31",
    "symbol": "BK",
    "reportedCurrency": "USD",
    "cik": "0001390777",
    "fillingDate": "2020-05-07",
    "acceptedDate": "2020-05-07 06:38:12",
    "calendarYear": "2020",
    "period": "Q1",
    "revenue": 4017000000,
    "costOfRevenue": 0,
    "grossProfit": 4017000000,
    "grossProfitRatio": 1,
    "researchAndDevelopmentExpenses": 0,
    "generalAndAdministrativeExpenses": 1482000000,
    "sellingAndMarketingExpenses": 0,
    "sellingGeneralAndAdministrativeExpenses": 1482000000,
    "otherExpenses": 2535000000,
    "operatingExpenses": 4017000000,
    "costAndExpenses": 4017000000,
    "interestIncome": 1570000000,
    "interestExpense": 756000000,
    "depreciationAndAmortization": 354000000,
    "ebitda": 0,
    "ebitdaratio": 0,
    "operatingIncome": 0,
    "operatingIncomeRatio": 0,
    "totalOtherIncomeExpensesNet": 1227000000,
    "incomeBeforeTax": 1227000000,
    "incomeBeforeTaxRatio": 0.3054518297,
    "incomeTaxExpense": 265000000,
    "netIncome": 980000000,
    "netIncomeRatio": 0.2439631566,
    "eps": 1.05,
    "epsdiluted": 1.05,
    "weightedAverageShsOut": 894122000,
    "weightedAverageShsOutDil": 896689000,
    "link": "https://www.sec.gov/Archives/edgar/data/1390777/000139077720000062/0001390777-20-000062-index.htm",
    "finalLink": "https://www.sec.gov/Archives/edgar/data/1390777/000139077720000062/form10-q1q20.htm"
  },
  {
    "date": "2019-12-31",
    "symbol": "BK",
    "reportedCurrency": "USD",
    "cik": "0001390777",
    "fillingDate": "2020-02-27",
    "acceptedDate": "2020-02-27 06:53:38",
    "calendarYear": "2019",
    "period": "Q4",
    "revenue": 4686000000,
    "costOfRevenue": 0,
    "grossProfit": 4686000000,
    "grossProfitRatio": 1,
    "researchAndDevelopmentExpenses": 0,
    "generalAndAdministrativeExpenses": 1639000000,
    "sellingAndMarketingExpenses": 0,
    "sellingGeneralAndAdministrativeExpenses": 1639000000,
    "otherExpenses": 3047000000,
    "operatingExpenses": 4686000000,
    "costAndExpenses": 4686000000,
    "interestIncome": 1721000000,
    "interestExpense": 906000000,
    "depreciationAndAmortization": 344000000,
    "ebitda": 0,
    "ebitdaratio": 0,
    "operatingIncome": 0,
    "operatingIncomeRatio": 0,
    "totalOtherIncomeExpensesNet": 1822000000,
    "incomeBeforeTax": 1822000000,
    "incomeBeforeTaxRatio": 0.388817755,
    "incomeTaxExpense": 373000000,
    "netIncome": 1440000000,
    "netIncomeRatio": 0.3072983355,
    "eps": 1.52,
    "epsdiluted": 1.52,
    "weightedAverageShsOut": 911324000,
    "weightedAverageShsOutDil": 914739000,
    "link": "https://www.sec.gov/Archives/edgar/data/1390777/000139077720000044/0001390777-20-000044-index.htm",
    "finalLink": "https://www.sec.gov/Archives/edgar/data/1390777/000139077720000044/form10-k4q19.htm"
  },
  {
    "date": "2019-09-30",
    "symbol": "BK",
    "reportedCurrency": "USD",
    "cik": "0001390777",
    "fillingDate": "2019-11-07",
    "acceptedDate": "2019-11-07 06:53:39",
    "calendarYear": "2019",
    "period": "Q3",
    "revenue": 3764000000,
    "costOfRevenue": 0,
    "grossProfit": 3764000000,
    "grossProfitRatio": 1,
    "researchAndDevelopmentExpenses": 0,
    "generalAndAdministrativeExpenses": 1479000000,
    "sellingAndMarketingExpenses": 0,
    "sellingGeneralAndAdministrativeExpenses": 1479000000,
    "otherExpenses": 2285000000,
    "operatingExpenses": 3764000000,
    "costAndExpenses": 3764000000,
    "interestIncome": 1942000000,
    "interestExpense": 1212000000,
    "depreciationAndAmortization": 336000000,
    "ebitda": 0,
    "ebitdaratio": 0,
    "operatingIncome": 0,
    "operatingIncomeRatio": 0,
    "totalOtherIncomeExpensesNet": 1287000000,
    "incomeBeforeTax": 1287000000,
    "incomeBeforeTaxRatio": 0.3419234857,
    "incomeTaxExpense": 246000000,
    "netIncome": 1038000000,
    "netIncomeRatio": 0.275770457,
    "eps": 1.07,
    "epsdiluted": 1.07,
    "weightedAverageShsOut": 933264000,
    "weightedAverageShsOutDil": 935677000,
    "link": "https://www.sec.gov/Archives/edgar/data/1390777/000139077719000104/0001390777-19-000104-index.htm",
    "finalLink": "https://www.sec.gov/Archives/edgar/data/1390777/000139077719000104/form10-q3q19.htm"
  },
  {
    "date": "2019-06-30",
    "symbol": "BK",
    "reportedCurrency": "USD",
    "cik": "0001390777",
    "fillingDate": "2019-08-07",
    "acceptedDate": "2019-08-07 06:40:18",
    "calendarYear": "2019",
    "period": "Q2",
    "revenue": 3830000000,
    "costOfRevenue": 0,
    "grossProfit": 3830000000,
    "grossProfitRatio": 1,
    "researchAndDevelopmentExpenses": 0,
    "generalAndAdministrativeExpenses": 1421000000,
    "sellingAndMarketingExpenses": 0,
    "sellingGeneralAndAdministrativeExpenses": 1421000000,
    "otherExpenses": 2409000000,
    "operatingExpenses": 3830000000,
    "costAndExpenses": 3830000000,
    "interestIncome": 1965000000,
    "interestExpense": 1163000000,
    "depreciationAndAmortization": 333000000,
    "ebitda": 0,
    "ebitdaratio": 0,
    "operatingIncome": 0,
    "operatingIncomeRatio": 0,
    "totalOtherIncomeExpensesNet": 1285000000,
    "incomeBeforeTax": 1285000000,
    "incomeBeforeTaxRatio": 0.3355091384,
    "incomeTaxExpense": 264000000,
    "netIncome": 1017000000,
    "netIncomeRatio": 0.265535248,
    "eps": 1.01,
    "epsdiluted": 1.01,
    "weightedAverageShsOut": 951281000,
    "weightedAverageShsOutDil": 953928000,
    "link": "https://www.sec.gov/Archives/edgar/data/1390777/000139077719000080/0001390777-19-000080-index.htm",
    "finalLink": "https://www.sec.gov/Archives/edgar/data/1390777/000139077719000080/form10-q2q19.htm"
  },
  {
    "date": "2019-03-31",
    "symbol": "BK",
    "reportedCurrency": "USD",
    "cik": "0001390777",
    "fillingDate": "2019-05-08",
    "acceptedDate": "2019-05-08 06:39:09",
    "calendarYear": "2019",
    "period": "Q1",
    "revenue": 3808000000,
    "costOfRevenue": 0,
    "grossProfit": 3808000000,
    "grossProfitRatio": 1,
    "researchAndDevelopmentExpenses": 0,
    "generalAndAdministrativeExpenses": 1524000000,
    "sellingAndMarketingExpenses": 0,
    "sellingGeneralAndAdministrativeExpenses": 1524000000,
    "otherExpenses": 2284000000,
    "operatingExpenses": 3808000000,
    "costAndExpenses": 3808000000,
    "interestIncome": 1920000000,
    "interestExpense": 1079000000,
    "depreciationAndAmortization": 302000000,
    "ebitda": 0,
    "ebitdaratio": 0,
    "operatingIncome": 0,
    "operatingIncomeRatio": 0,
    "totalOtherIncomeExpensesNet": 1193000000,
    "incomeBeforeTax": 1193000000,
    "incomeBeforeTaxRatio": 0.3132878151,
    "incomeTaxExpense": 237000000,
    "netIncome": 946000000,
    "netIncomeRatio": 0.2484243697,
    "eps": 0.94,
    "epsdiluted": 0.94,
    "weightedAverageShsOut": 962397000,
    "weightedAverageShsOutDil": 965960000,
    "link": "https://www.sec.gov/Archives/edgar/data/1390777/000139077719000063/0001390777-19-000063-index.htm",
    "finalLink": "https://www.sec.gov/Archives/edgar/data/1390777/000139077719000063/form10-q1q19.htm"
  },
  {
    "date": "2018-12-31",
    "symbol": "BK",
    "reportedCurrency": "USD",
    "cik": "0001390777",
    "fillingDate": "2019-02-27",
    "acceptedDate": "2019-02-27 06:54:13",
    "calendarYear": "2018",
    "period": "Q4",
    "revenue": 3912000000,
    "costOfRevenue": 0,
    "grossProfit": 3912000000,
    "grossProfitRatio": 1,
    "researchAndDevelopmentExpenses": 0,
    "generalAndAdministrativeExpenses": 1602000000,
    "sellingAndMarketingExpenses": 0,
    "sellingGeneralAndAdministrativeExpenses": 1602000000,
    "otherExpenses": 2310000000,
    "operatingExpenses": 3912000000,
    "costAndExpenses": 3912000000,
    "interestIncome": 1864000000,
    "interestExpense": 979000000,
    "depreciationAndAmortization": 328000000,
    "ebitda": 0,
    "ebitdaratio": 0,
    "operatingIncome": 0,
    "operatingIncomeRatio": 0,
    "totalOtherIncomeExpensesNet": 1020000000,
    "incomeBeforeTax": 1020000000,
    "incomeBeforeTaxRatio": 0.2607361963,
    "incomeTaxExpense": 150000000,
    "netIncome": 881000000,
    "netIncomeRatio": 0.225204499,
    "eps": 0.84,
    "epsdiluted": 0.84,
    "weightedAverageShsOut": 1024828000,
    "weightedAverageShsOutDil": 1030404000,
    "link": "https://www.sec.gov/Archives/edgar/data/1390777/000139077719000050/0001390777-19-000050-index.htm",
    "finalLink": "https://www.sec.gov/Archives/edgar/data/1390777/000139077719000050/form10-k_4q18.htm"
  },
  {
    "date": "2018-09-30",
    "symbol": "BK",
    "reportedCurrency": "USD",
    "cik": "0001390777",
    "fillingDate": "2018-11-06",
    "acceptedDate": "2018-11-06 07:05:59",
    "calendarYear": "2018",
    "period": "Q3",
    "revenue": 3970000000,
    "costOfRevenue": 0,
    "grossProfit": 3970000000,
    "grossProfitRatio": 1,
    "researchAndDevelopmentExpenses": 0,
    "generalAndAdministrativeExpenses": 1478000000,
    "sellingAndMarketingExpenses": 0,
    "sellingGeneralAndAdministrativeExpenses": 1478000000,
    "otherExpenses": 2492000000,
    "operatingExpenses": 3970000000,
    "costAndExpenses": 3970000000,
    "interestIncome": 1634000000,
    "interestExpense": 743000000,
    "depreciationAndAmortization": 334000000,
    "ebitda": 0,
    "ebitdaratio": 0,
    "operatingIncome": 0,
    "operatingIncomeRatio": 0,
    "totalOtherIncomeExpensesNet": 1334000000,
    "incomeBeforeTax": 1334000000,
    "incomeBeforeTaxRatio": 0.3360201511,
    "incomeTaxExpense": 220000000,
    "netIncome": 1111000000,
    "netIncomeRatio": 0.2798488665,
    "eps": 1.07,
    "epsdiluted": 1.06,
    "weightedAverageShsOut": 999808000,
    "weightedAverageShsOutDil": 1003665000,
    "link": "https://www.sec.gov/Archives/edgar/data/1390777/000139077718000129/0001390777-18-000129-index.htm",
    "finalLink": "https://www.sec.gov/Archives/edgar/data/1390777/000139077718000129/form10-q_3q18.htm"
  },
  {
    "date": "2018-06-30",
    "symbol": "BK",
    "reportedCurrency": "USD",
    "cik": "0001390777",
    "fillingDate": "2018-08-03",
    "acceptedDate": "2018-08-03 06:46:41",
    "calendarYear": "2018",
    "period": "Q2",
    "revenue": 4032000000,
    "costOfRevenue": 0,
    "grossProfit": 4032000000,
    "grossProfitRatio": 1,
    "researchAndDevelopmentExpenses": 0,
    "generalAndAdministrativeExpenses": 1489000000,
    "sellingAndMarketingExpenses": 0,
    "sellingGeneralAndAdministrativeExpenses": 1489000000,
    "otherExpenses": 2543000000,
    "operatingExpenses": 4032000000,
    "costAndExpenses": 4032000000,
    "interestIncome": 1553000000,
    "interestExpense": 637000000,
    "depreciationAndAmortization": 342000000,
    "ebitda": 0,
    "ebitdaratio": 0,
    "operatingIncome": 0,
    "operatingIncomeRatio": 0,
    "totalOtherIncomeExpensesNet": 1394000000,
    "incomeBeforeTax": 1394000000,
    "incomeBeforeTaxRatio": 0.345734127,
    "incomeTaxExpense": 286000000,
    "netIncome": 1103000000,
    "netIncomeRatio": 0.2735615079,
    "eps": 1.04,
    "epsdiluted": 1.03,
    "weightedAverageShsOut": 1010179000,
    "weightedAverageShsOutDil": 1014357000,
    "link": "https://www.sec.gov/Archives/edgar/data/1390777/000139077718000113/0001390777-18-000113-index.htm",
    "finalLink": "https://www.sec.gov/Archives/edgar/data/1390777/000139077718000113/form10-q_2q18.htm"
  },
  {
    "date": "2018-03-31",
    "symbol": "BK",
    "reportedCurrency": "USD",
    "cik": "0001390777",
    "fillingDate": "2018-05-08",
    "acceptedDate": "2018-05-08 07:17:25",
    "calendarYear": "2018",
    "period": "Q1",
    "revenue": 4072000000,
    "costOfRevenue": 0,
    "grossProfit": 4072000000,
    "grossProfitRatio": 1,
    "researchAndDevelopmentExpenses": 0,
    "generalAndAdministrativeExpenses": 1576000000,
    "sellingAndMarketingExpenses": 0,
    "sellingGeneralAndAdministrativeExpenses": 1576000000,
    "otherExpenses": 2496000000,
    "operatingExpenses": 4072000000,
    "costAndExpenses": 4072000000,
    "interestIncome": 1381000000,
    "interestExpense": 462000000,
    "depreciationAndAmortization": 335000000,
    "ebitda": 0,
    "ebitdaratio": 0,
    "operatingIncome": 0,
    "operatingIncomeRatio": 0,
    "totalOtherIncomeExpensesNet": 1444000000,
    "incomeBeforeTax": 1444000000,
    "incomeBeforeTaxRatio": 0.3546168959,
    "incomeTaxExpense": 282000000,
    "netIncome": 1171000000,
    "netIncomeRatio": 0.2875736739,
    "eps": 1.11,
    "epsdiluted": 1.1,
    "weightedAverageShsOut": 1016797000,
    "weightedAverageShsOutDil": 1021731000,
    "link": "https://www.sec.gov/Archives/edgar/data/1390777/000139077718000083/0001390777-18-000083-index.htm",
    "finalLink": "https://www.sec.gov/Archives/edgar/data/1390777/000139077718000083/form10-q_1q18.htm"
  },
  {
    "date": "2017-12-31",
    "symbol": "BK",
    "reportedCurrency": "USD",
    "cik": "0001390777",
    "fillingDate": "2018-02-28",
    "acceptedDate": "2018-02-28 06:30:17",
    "calendarYear": "2017",
    "period": "Q4",
    "revenue": 3622000000,
    "costOfRevenue": 0,
    "grossProfit": 3622000000,
    "grossProfitRatio": 1,
    "researchAndDevelopmentExpenses": 0,
    "generalAndAdministrativeExpenses": 1628000000,
    "sellingAndMarketingExpenses": 0,
    "sellingGeneralAndAdministrativeExpenses": 1628000000,
    "otherExpenses": 1994000000,
    "operatingExpenses": 3622000000,
    "costAndExpenses": 3622000000,
    "interestIncome": 1219000000,
    "interestExpense": 368000000,
    "depreciationAndAmortization": 430000000,
    "ebitda": 0,
    "ebitdaratio": 0,
    "operatingIncome": 0,
    "operatingIncomeRatio": 0,
    "totalOtherIncomeExpensesNet": 728000000,
    "incomeBeforeTax": 728000000,
    "incomeBeforeTaxRatio": 0.200993926,
    "incomeTaxExpense": -453000000,
    "netIncome": 1175000000,
    "netIncomeRatio": 0.3244064053,
    "eps": 1.09,
    "epsdiluted": 1.08,
    "weightedAverageShsOut": 1024828000,
    "weightedAverageShsOutDil": 1030404000,
    "link": "https://www.sec.gov/Archives/edgar/data/1390777/000139077718000069/0001390777-18-000069-index.htm",
    "finalLink": "https://www.sec.gov/Archives/edgar/data/1390777/000139077718000069/form10-k_4q17.htm"
  },
  {
    "date": "2017-09-30",
    "symbol": "BK",
    "reportedCurrency": "USD",
    "cik": "0001390777",
    "fillingDate": "2017-11-07",
    "acceptedDate": "2017-11-07 06:50:39",
    "calendarYear": "2017",
    "period": "Q3",
    "revenue": 3907000000,
    "costOfRevenue": 0,
    "grossProfit": 3907000000,
    "grossProfitRatio": 1,
    "researchAndDevelopmentExpenses": 0,
    "generalAndAdministrativeExpenses": 1485000000,
    "sellingAndMarketingExpenses": 0,
    "sellingGeneralAndAdministrativeExpenses": 1485000000,
    "otherExpenses": 2422000000,
    "operatingExpenses": 3907000000,
    "costAndExpenses": 3907000000,
    "interestIncome": 1151000000,
    "interestExpense": 312000000,
    "depreciationAndAmortization": 351000000,
    "ebitda": 0,
    "ebitdaratio": 0,
    "operatingIncome": 0,
    "operatingIncomeRatio": 0,
    "totalOtherIncomeExpensesNet": 1368000000,
    "incomeBeforeTax": 1368000000,
    "incomeBeforeTaxRatio": 0.350140773,
    "incomeTaxExpense": 348000000,
    "netIncome": 1018000000,
    "netIncomeRatio": 0.2605579729,
    "eps": 0.94,
    "epsdiluted": 0.94,
    "weightedAverageShsOut": 1035337000,
    "weightedAverageShsOutDil": 1041138000,
    "link": "https://www.sec.gov/Archives/edgar/data/1390777/000139077717000106/0001390777-17-000106-index.htm",
    "finalLink": "https://www.sec.gov/Archives/edgar/data/1390777/000139077717000106/bk3q201710-q.htm"
  },
  {
    "date": "2017-06-30",
    "symbol": "BK",
    "reportedCurrency": "USD",
    "cik": "0001390777",
    "fillingDate": "2017-08-03",
    "acceptedDate": "2017-08-03 16:21:23",
    "calendarYear": "2017",
    "period": "Q2",
    "revenue": 3852000000,
    "costOfRevenue": 0,
    "grossProfit": 3852000000,
    "grossProfitRatio": 1,
    "researchAndDevelopmentExpenses": 0,
    "generalAndAdministrativeExpenses": 1432000000,
    "sellingAndMarketingExpenses": 0,
    "sellingGeneralAndAdministrativeExpenses": 1432000000,
    "otherExpenses": 2420000000,
    "operatingExpenses": 3852000000,
    "costAndExpenses": 3852000000,
    "interestIncome": 1052000000,
    "interestExpense": 226000000,
    "depreciationAndAmortization": 346000000,
    "ebitda": 0,
    "ebitdaratio": 0,
    "operatingIncome": 0,
    "operatingIncomeRatio": 0,
    "totalOtherIncomeExpensesNet": 1308000000,
    "incomeBeforeTax": 1308000000,
    "incomeBeforeTaxRatio": 0.3395638629,
    "incomeTaxExpense": 332000000,
    "netIncome": 975000000,
    "netIncomeRatio": 0.2531152648,
    "eps": 0.88,
    "epsdiluted": 0.88,
    "weightedAverageShsOut": 1035829000,
    "weightedAverageShsOutDil": 1041879000,
    "link": "https://www.sec.gov/Archives/edgar/data/1390777/000139077717000095/0001390777-17-000095-index.htm",
    "finalLink": "https://www.sec.gov/Archives/edgar/data/1390777/000139077717000095/bk2q201710-q.htm"
  },
  {
    "date": "2017-03-31",
    "symbol": "BK",
    "reportedCurrency": "USD",
    "cik": "0001390777",
    "fillingDate": "2017-05-08",
    "acceptedDate": "2017-05-08 16:26:52",
    "calendarYear": "2017",
    "period": "Q1",
    "revenue": 3743000000,
    "costOfRevenue": 0,
    "grossProfit": 3743000000,
    "grossProfitRatio": 1,
    "researchAndDevelopmentExpenses": 0,
    "generalAndAdministrativeExpenses": 1488000000,
    "sellingAndMarketingExpenses": 0,
    "sellingGeneralAndAdministrativeExpenses": 1488000000,
    "otherExpenses": 2255000000,
    "operatingExpenses": 3743000000,
    "costAndExpenses": 3743000000,
    "interestIncome": 960000000,
    "interestExpense": 168000000,
    "depreciationAndAmortization": 347000000,
    "ebitda": 0,
    "ebitdaratio": 0,
    "operatingIncome": 0,
    "operatingIncomeRatio": 0,
    "totalOtherIncomeExpensesNet": 1206000000,
    "incomeBeforeTax": 1206000000,
    "incomeBeforeTaxRatio": 0.3222014427,
    "incomeTaxExpense": 269000000,
    "netIncome": 922000000,
    "netIncomeRatio": 0.2463264761,
    "eps": 0.83,
    "epsdiluted": 0.83,
    "weightedAverageShsOut": 1041158000,
    "weightedAverageShsOutDil": 1047746000,
    "link": "https://www.sec.gov/Archives/edgar/data/1390777/000139077717000076/0001390777-17-000076-index.htm",
    "finalLink": "https://www.sec.gov/Archives/edgar/data/1390777/000139077717000076/bk1q201710-q.htm"
  },
  {
    "date": "2016-12-31",
    "symbol": "BK",
    "reportedCurrency": "USD",
    "cik": "0001390777",
    "fillingDate": "2017-02-28",
    "acceptedDate": "2017-02-28 07:59:07",
    "calendarYear": "2016",
    "period": "Q4",
    "revenue": 3692000000,
    "costOfRevenue": 0,
    "grossProfit": 3692000000,
    "grossProfitRatio": 1,
    "researchAndDevelopmentExpenses": 0,
    "generalAndAdministrativeExpenses": 1395000000,
    "sellingAndMarketingExpenses": 0,
    "sellingGeneralAndAdministrativeExpenses": 1395000000,
    "otherExpenses": 2297000000,
    "operatingExpenses": 3692000000,
    "costAndExpenses": 3692000000,
    "interestIncome": 928000000,
    "interestExpense": 97000000,
    "depreciationAndAmortization": 384000000,
    "ebitda": 0,
    "ebitdaratio": 0,
    "operatingIncome": 0,
    "operatingIncomeRatio": 0,
    "totalOtherIncomeExpensesNet": 1152000000,
    "incomeBeforeTax": 1152000000,
    "incomeBeforeTaxRatio": 0.3120260022,
    "incomeTaxExpense": 280000000,
    "netIncome": 870000000,
    "netIncomeRatio": 0.2356446371,
    "eps": 0.77,
    "epsdiluted": 0.77,
    "weightedAverageShsOut": 1050888000,
    "weightedAverageShsOutDil": 1056818000,
    "link": "https://www.sec.gov/Archives/edgar/data/1390777/000139077717000065/0001390777-17-000065-index.htm",
    "finalLink": "https://www.sec.gov/Archives/edgar/data/1390777/000139077717000065/bk201610-k_4q16.htm"
  },
  {
    "date": "2016-09-30",
    "symbol": "BK",
    "reportedCurrency": "USD",
    "cik": "0001390777",
    "fillingDate": "2016-11-08",
    "acceptedDate": "2016-11-08 06:45:20",
    "calendarYear": "2016",
    "period": "Q3",
    "revenue": 3836000000,
    "costOfRevenue": 0,
    "grossProfit": 3836000000,
    "grossProfitRatio": 1,
    "researchAndDevelopmentExpenses": 0,
    "generalAndAdministrativeExpenses": 1467000000,
    "sellingAndMarketingExpenses": 0,
    "sellingGeneralAndAdministrativeExpenses": 1467000000,
    "otherExpenses": 2369000000,
    "operatingExpenses": 3836000000,
    "costAndExpenses": 3836000000,
    "interestIncome": 874000000,
    "interestExpense": 100000000,
    "depreciationAndAmortization": 370000000,
    "ebitda": 0,
    "ebitdaratio": 0,
    "operatingIncome": 0,
    "operatingIncomeRatio": 0,
    "totalOtherIncomeExpensesNet": 1317000000,
    "incomeBeforeTax": 1317000000,
    "incomeBeforeTaxRatio": 0.3433263816,
    "incomeTaxExpense": 324000000,
    "netIncome": 987000000,
    "netIncomeRatio": 0.2572992701,
    "eps": 0.9,
    "epsdiluted": 0.9,
    "weightedAverageShsOut": 1062248000,
    "weightedAverageShsOutDil": 1067682000,
    "link": "https://www.sec.gov/Archives/edgar/data/1390777/000139077716000255/0001390777-16-000255-index.htm",
    "finalLink": "https://www.sec.gov/Archives/edgar/data/1390777/000139077716000255/bk3q201610-q.htm"
  },
  {
    "date": "2016-06-30",
    "symbol": "BK",
    "reportedCurrency": "USD",
    "cik": "0001390777",
    "fillingDate": "2016-08-08",
    "acceptedDate": "2016-08-08 16:35:44",
    "calendarYear": "2016",
    "period": "Q2",
    "revenue": 3674000000,
    "costOfRevenue": 0,
    "grossProfit": 3674000000,
    "grossProfitRatio": 1,
    "researchAndDevelopmentExpenses": 0,
    "generalAndAdministrativeExpenses": 1412000000,
    "sellingAndMarketingExpenses": 0,
    "sellingGeneralAndAdministrativeExpenses": 1412000000,
    "otherExpenses": 2262000000,
    "operatingExpenses": 3674000000,
    "costAndExpenses": 3674000000,
    "interestIncome": 890000000,
    "interestExpense": 123000000,
    "depreciationAndAmortization": 384000000,
    "ebitda": 0,
    "ebitdaratio": 0,
    "operatingIncome": 0,
    "operatingIncomeRatio": 0,
    "totalOtherIncomeExpensesNet": 1165000000,
    "incomeBeforeTax": 1165000000,
    "incomeBeforeTaxRatio": 0.3170930866,
    "incomeTaxExpense": 290000000,
    "netIncome": 873000000,
    "netIncomeRatio": 0.2376156777,
    "eps": 0.76,
    "epsdiluted": 0.75,
    "weightedAverageShsOut": 1072583000,
    "weightedAverageShsOutDil": 1078271000,
    "link": "https://www.sec.gov/Archives/edgar/data/1390777/000139077716000246/0001390777-16-000246-index.htm",
    "finalLink": "https://www.sec.gov/Archives/edgar/data/1390777/000139077716000246/bk2q201610-q.htm"
  },
  {
    "date": "2016-03-31",
    "symbol": "BK",
    "reportedCurrency": "USD",
    "cik": "0001390777",
    "fillingDate": "2016-05-10",
    "acceptedDate": "2016-05-10 16:08:18",
    "calendarYear": "2016",
    "period": "Q1",
    "revenue": 3630000000,
    "costOfRevenue": 0,
    "grossProfit": 3630000000,
    "grossProfitRatio": 1,
    "researchAndDevelopmentExpenses": 0,
    "generalAndAdministrativeExpenses": 1459000000,
    "sellingAndMarketingExpenses": 0,
    "sellingGeneralAndAdministrativeExpenses": 1459000000,
    "otherExpenses": 2171000000,
    "operatingExpenses": 3630000000,
    "costAndExpenses": 3630000000,
    "interestIncome": 883000000,
    "interestExpense": 117000000,
    "depreciationAndAmortization": 364000000,
    "ebitda": 0,
    "ebitdaratio": 0,
    "operatingIncome": 0,
    "operatingIncomeRatio": 0,
    "totalOtherIncomeExpensesNet": 1091000000,
    "incomeBeforeTax": 1091000000,
    "incomeBeforeTaxRatio": 0.3005509642,
    "incomeTaxExpense": 283000000,
    "netIncome": 817000000,
    "netIncomeRatio": 0.2250688705,
    "eps": 0.73,
    "epsdiluted": 0.73,
    "weightedAverageShsOut": 1079641000,
    "weightedAverageShsOutDil": 1085284000,
    "link": "https://www.sec.gov/Archives/edgar/data/1390777/000139077716000226/0001390777-16-000226-index.htm",
    "finalLink": "https://www.sec.gov/Archives/edgar/data/1390777/000139077716000226/bk1q201610-q.htm"
  },
  {
    "date": "2015-12-31",
    "symbol": "BK",
    "reportedCurrency": "USD",
    "cik": "0001390777",
    "fillingDate": "2016-02-26",
    "acceptedDate": "2016-02-26 08:20:50",
    "calendarYear": "2015",
    "period": "Q4",
    "revenue": 3634000000,
    "costOfRevenue": 0,
    "grossProfit": 3634000000,
    "grossProfitRatio": 1,
    "researchAndDevelopmentExpenses": 0,
    "generalAndAdministrativeExpenses": 1481000000,
    "sellingAndMarketingExpenses": 0,
    "sellingGeneralAndAdministrativeExpenses": 1481000000,
    "otherExpenses": 2153000000,
    "operatingExpenses": 3634000000,
    "costAndExpenses": 3634000000,
    "interestIncome": 834000000,
    "interestExpense": 74000000,
    "depreciationAndAmortization": 373000000,
    "ebitda": 0,
    "ebitdaratio": 0,
    "operatingIncome": 0,
    "operatingIncomeRatio": 0,
    "totalOtherIncomeExpensesNet": 871000000,
    "incomeBeforeTax": 871000000,
    "incomeBeforeTaxRatio": 0.2396807925,
    "incomeTaxExpense": 175000000,
    "netIncome": 693000000,
    "netIncomeRatio": 0.1906989543,
    "eps": 0.58,
    "epsdiluted": 0.57,
    "weightedAverageShsOut": 1088880000,
    "weightedAverageShsOutDil": 1096385000,
    "link": "https://www.sec.gov/Archives/edgar/data/1390777/000139077716000204/0001390777-16-000204-index.htm",
    "finalLink": "https://www.sec.gov/Archives/edgar/data/1390777/000139077716000204/bk201510-k_4q15.htm"
  },
  {
    "date": "2015-09-30",
    "symbol": "BK",
    "reportedCurrency": "USD",
    "cik": "0001390777",
    "fillingDate": "2015-11-06",
    "acceptedDate": "2015-11-06 16:20:02",
    "calendarYear": "2015",
    "period": "Q3",
    "revenue": 3695000000,
    "costOfRevenue": 0,
    "grossProfit": 3695000000,
    "grossProfitRatio": 1,
    "researchAndDevelopmentExpenses": 0,
    "generalAndAdministrativeExpenses": 1437000000,
    "sellingAndMarketingExpenses": 0,
    "sellingGeneralAndAdministrativeExpenses": 1437000000,
    "otherExpenses": 2258000000,
    "operatingExpenses": 3695000000,
    "costAndExpenses": 3695000000,
    "interestIncome": 838000000,
    "interestExpense": 79000000,
    "depreciationAndAmortization": 376000000,
    "ebitda": 0,
    "ebitdaratio": 0,
    "operatingIncome": 0,
    "operatingIncomeRatio": 0,
    "totalOtherIncomeExpensesNet": 1109000000,
    "incomeBeforeTax": 1109000000,
    "incomeBeforeTaxRatio": 0.300135318,
    "incomeTaxExpense": 282000000,
    "netIncome": 833000000,
    "netIncomeRatio": 0.2254397835,
    "eps": 0.74,
    "epsdiluted": 0.74,
    "weightedAverageShsOut": 1098003000,
    "weightedAverageShsOutDil": 1105645000,
    "link": "https://www.sec.gov/Archives/edgar/data/1390777/000139077715000132/0001390777-15-000132-index.htm",
    "finalLink": "https://www.sec.gov/Archives/edgar/data/1390777/000139077715000132/bk3q201510-q.htm"
  },
  {
    "date": "2015-06-30",
    "symbol": "BK",
    "reportedCurrency": "USD",
    "cik": "0001390777",
    "fillingDate": "2015-08-07",
    "acceptedDate": "2015-08-07 08:43:58",
    "calendarYear": "2015",
    "period": "Q2",
    "revenue": 3790000000,
    "costOfRevenue": 0,
    "grossProfit": 3790000000,
    "grossProfitRatio": 1,
    "researchAndDevelopmentExpenses": 0,
    "generalAndAdministrativeExpenses": 1434000000,
    "sellingAndMarketingExpenses": 0,
    "sellingGeneralAndAdministrativeExpenses": 1434000000,
    "otherExpenses": 2356000000,
    "operatingExpenses": 3790000000,
    "costAndExpenses": 3790000000,
    "interestIncome": 847000000,
    "interestExpense": 68000000,
    "depreciationAndAmortization": 368000000,
    "ebitda": 0,
    "ebitdaratio": 0,
    "operatingIncome": 0,
    "operatingIncomeRatio": 0,
    "totalOtherIncomeExpensesNet": 1165000000,
    "incomeBeforeTax": 1165000000,
    "incomeBeforeTaxRatio": 0.3073878628,
    "incomeTaxExpense": 276000000,
    "netIncome": 853000000,
    "netIncomeRatio": 0.2250659631,
    "eps": 0.74,
    "epsdiluted": 0.73,
    "weightedAverageShsOut": 1113790000,
    "weightedAverageShsOutDil": 1122135000,
    "link": "https://www.sec.gov/Archives/edgar/data/1390777/000139077715000107/0001390777-15-000107-index.htm",
    "finalLink": "https://www.sec.gov/Archives/edgar/data/1390777/000139077715000107/bkq2201510-q.htm"
  },
  {
    "date": "2015-03-31",
    "symbol": "BK",
    "reportedCurrency": "USD",
    "cik": "0001390777",
    "fillingDate": "2015-05-08",
    "acceptedDate": "2015-05-08 16:16:04",
    "calendarYear": "2015",
    "period": "Q1",
    "revenue": 3694000000,
    "costOfRevenue": 0,
    "grossProfit": 3694000000,
    "grossProfitRatio": 1,
    "researchAndDevelopmentExpenses": 0,
    "generalAndAdministrativeExpenses": 1485000000,
    "sellingAndMarketingExpenses": 0,
    "sellingGeneralAndAdministrativeExpenses": 1485000000,
    "otherExpenses": 2209000000,
    "operatingExpenses": 3694000000,
    "costAndExpenses": 3694000000,
    "interestIncome": 807000000,
    "interestExpense": 79000000,
    "depreciationAndAmortization": 340000000,
    "ebitda": 0,
    "ebitdaratio": 0,
    "operatingIncome": 0,
    "operatingIncomeRatio": 0,
    "totalOtherIncomeExpensesNet": 1090000000,
    "incomeBeforeTax": 1090000000,
    "incomeBeforeTaxRatio": 0.2950730915,
    "incomeTaxExpense": 280000000,
    "netIncome": 779000000,
    "netIncomeRatio": 0.2108825122,
    "eps": 0.67,
    "epsdiluted": 0.67,
    "weightedAverageShsOut": 1118602000,
    "weightedAverageShsOutDil": 1126306000,
    "link": "https://www.sec.gov/Archives/edgar/data/1390777/000139077715000085/0001390777-15-000085-index.htm",
    "finalLink": "https://www.sec.gov/Archives/edgar/data/1390777/000139077715000085/bkq1201510-q.htm"
  },
  {
    "date": "2014-12-31",
    "symbol": "BK",
    "reportedCurrency": "USD",
    "cik": "0001390777",
    "fillingDate": "2015-02-27",
    "acceptedDate": "2015-02-27 16:38:15",
    "calendarYear": "2014",
    "period": "Q4",
    "revenue": 3587000000,
    "costOfRevenue": 0,
    "grossProfit": 3587000000,
    "grossProfitRatio": 1,
    "researchAndDevelopmentExpenses": 0,
    "generalAndAdministrativeExpenses": 1418000000,
    "sellingAndMarketingExpenses": 0,
    "sellingGeneralAndAdministrativeExpenses": 1418000000,
    "otherExpenses": 2169000000,
    "operatingExpenses": 3587000000,
    "costAndExpenses": 3587000000,
    "interestIncome": 802000000,
    "interestExpense": 90000000,
    "depreciationAndAmortization": 316000000,
    "ebitda": 0,
    "ebitdaratio": 0,
    "operatingIncome": 0,
    "operatingIncomeRatio": 0,
    "totalOtherIncomeExpensesNet": 164000000,
    "incomeBeforeTax": 164000000,
    "incomeBeforeTaxRatio": 0.0457206579,
    "incomeTaxExpense": -93000000,
    "netIncome": 233000000,
    "netIncomeRatio": 0.0649567884,
    "eps": 0.19,
    "epsdiluted": 0.18,
    "weightedAverageShsOut": 1120672000,
    "weightedAverageShsOutDil": 1129040000,
    "link": "https://www.sec.gov/Archives/edgar/data/1390777/000162828015001194/0001628280-15-001194-index.htm",
    "finalLink": "https://www.sec.gov/Archives/edgar/data/1390777/000162828015001194/bk201410-k.htm"
  },
  {
    "date": "2014-09-30",
    "symbol": "BK",
    "reportedCurrency": "USD",
    "cik": "0001390777",
    "fillingDate": "2014-11-07",
    "acceptedDate": "2014-11-07 16:38:54",
    "calendarYear": "2014",
    "period": "Q3",
    "revenue": 3668000000,
    "costOfRevenue": 0,
    "grossProfit": 3668000000,
    "grossProfitRatio": 1,
    "researchAndDevelopmentExpenses": 0,
    "generalAndAdministrativeExpenses": 1477000000,
    "sellingAndMarketingExpenses": 0,
    "sellingGeneralAndAdministrativeExpenses": 1477000000,
    "otherExpenses": 2191000000,
    "operatingExpenses": 3668000000,
    "costAndExpenses": 3668000000,
    "interestIncome": 809000000,
    "interestExpense": 88000000,
    "depreciationAndAmortization": 330000000,
    "ebitda": 0,
    "ebitdaratio": 0,
    "operatingIncome": 0,
    "operatingIncomeRatio": 0,
    "totalOtherIncomeExpensesNet": 1662000000,
    "incomeBeforeTax": 1662000000,
    "incomeBeforeTaxRatio": 0.4531079607,
    "incomeTaxExpense": 556000000,
    "netIncome": 1083000000,
    "netIncomeRatio": 0.2952562704,
    "eps": 0.93,
    "epsdiluted": 0.93,
    "weightedAverageShsOut": 1126946000,
    "weightedAverageShsOutDil": 1134871000,
    "link": "https://www.sec.gov/Archives/edgar/data/1390777/000144530514004959/0001445305-14-004959-index.htm",
    "finalLink": "https://www.sec.gov/Archives/edgar/data/1390777/000144530514004959/bkq3201410-q.htm"
  },
  {
    "date": "2014-06-30",
    "symbol": "BK",
    "reportedCurrency": "USD",
    "cik": "0001390777",
    "fillingDate": "2014-08-11",
    "acceptedDate": "2014-08-11 13:39:40",
    "calendarYear": "2014",
    "period": "Q2",
    "revenue": 3633000000,
    "costOfRevenue": 0,
    "grossProfit": 3633000000,
    "grossProfitRatio": 1,
    "researchAndDevelopmentExpenses": 0,
    "generalAndAdministrativeExpenses": 1439000000,
    "sellingAndMarketingExpenses": 0,
    "sellingGeneralAndAdministrativeExpenses": 1439000000,
    "otherExpenses": 2194000000,
    "operatingExpenses": 3633000000,
    "costAndExpenses": 3633000000,
    "interestIncome": 811000000,
    "interestExpense": 92000000,
    "depreciationAndAmortization": 313000000,
    "ebitda": 0,
    "ebitdaratio": 0,
    "operatingIncome": 0,
    "operatingIncomeRatio": 0,
    "totalOtherIncomeExpensesNet": 811000000,
    "incomeBeforeTax": 811000000,
    "incomeBeforeTaxRatio": 0.2232314891,
    "incomeTaxExpense": 217000000,
    "netIncome": 577000000,
    "netIncomeRatio": 0.1588219103,
    "eps": 0.48,
    "epsdiluted": 0.48,
    "weightedAverageShsOut": 1133556000,
    "weightedAverageShsOutDil": 1139800000,
    "link": "https://www.sec.gov/Archives/edgar/data/1390777/000144530514003583/0001445305-14-003583-index.htm",
    "finalLink": "https://www.sec.gov/Archives/edgar/data/1390777/000144530514003583/bkq2201410-q.htm"
  },
  {
    "date": "2014-03-31",
    "symbol": "BK",
    "reportedCurrency": "USD",
    "cik": "0001390777",
    "fillingDate": "2014-05-09",
    "acceptedDate": "2014-05-09 16:45:05",
    "calendarYear": "2014",
    "period": "Q1",
    "revenue": 3540000000,
    "costOfRevenue": 0,
    "grossProfit": 3540000000,
    "grossProfitRatio": 1,
    "researchAndDevelopmentExpenses": 0,
    "generalAndAdministrativeExpenses": 1511000000,
    "sellingAndMarketingExpenses": 0,
    "sellingGeneralAndAdministrativeExpenses": 1511000000,
    "otherExpenses": 2029000000,
    "operatingExpenses": 3540000000,
    "costAndExpenses": 3540000000,
    "interestIncome": 812000000,
    "interestExpense": 84000000,
    "depreciationAndAmortization": 333000000,
    "ebitda": 0,
    "ebitdaratio": 0,
    "operatingIncome": 0,
    "operatingIncomeRatio": 0,
    "totalOtherIncomeExpensesNet": 926000000,
    "incomeBeforeTax": 926000000,
    "incomeBeforeTaxRatio": 0.2615819209,
    "incomeTaxExpense": 232000000,
    "netIncome": 674000000,
    "netIncomeRatio": 0.1903954802,
    "eps": 0.57,
    "epsdiluted": 0.57,
    "weightedAverageShsOut": 1138645000,
    "weightedAverageShsOutDil": 1144510000,
    "link": "https://www.sec.gov/Archives/edgar/data/1390777/000144530514002075/0001445305-14-002075-index.htm",
    "finalLink": "https://www.sec.gov/Archives/edgar/data/1390777/000144530514002075/bkq1201410-q.htm"
  },
  {
    "date": "2013-12-31",
    "symbol": "BK",
    "reportedCurrency": "USD",
    "cik": "0001390777",
    "fillingDate": "2014-02-28",
    "acceptedDate": "2014-02-28 16:14:28",
    "calendarYear": "2013",
    "period": "Q4",
    "revenue": 3501000000,
    "costOfRevenue": 0,
    "grossProfit": 3501000000,
    "grossProfitRatio": 1,
    "researchAndDevelopmentExpenses": 0,
    "generalAndAdministrativeExpenses": 1522000000,
    "sellingAndMarketingExpenses": 0,
    "sellingGeneralAndAdministrativeExpenses": 1522000000,
    "otherExpenses": 1979000000,
    "operatingExpenses": 3501000000,
    "costAndExpenses": 3501000000,
    "interestIncome": 846000000,
    "interestExpense": 85000000,
    "depreciationAndAmortization": 338000000,
    "ebitda": 0,
    "ebitdaratio": 0,
    "operatingIncome": 0,
    "operatingIncomeRatio": 0,
    "totalOtherIncomeExpensesNet": 728000000,
    "incomeBeforeTax": 728000000,
    "incomeBeforeTaxRatio": 0.2079405884,
    "incomeTaxExpense": 172000000,
    "netIncome": 539000000,
    "netIncomeRatio": 0.1539560126,
    "eps": 0.44,
    "epsdiluted": 0.44,
    "weightedAverageShsOut": 1142861000,
    "weightedAverageShsOutDil": 1147961000,
    "link": "https://www.sec.gov/Archives/edgar/data/1390777/000144530514000745/0001445305-14-000745-index.htm",
    "finalLink": "https://www.sec.gov/Archives/edgar/data/1390777/000144530514000745/bk201310-k.htm"
  },
  {
    "date": "2013-09-30",
    "symbol": "BK",
    "reportedCurrency": "USD",
    "cik": "0001390777",
    "fillingDate": "2013-11-08",
    "acceptedDate": "2013-11-08 16:55:48",
    "calendarYear": "2013",
    "period": "Q3",
    "revenue": 3675000000,
    "costOfRevenue": 0,
    "grossProfit": 3675000000,
    "grossProfitRatio": 1,
    "researchAndDevelopmentExpenses": 0,
    "generalAndAdministrativeExpenses": 1516000000,
    "sellingAndMarketingExpenses": 0,
    "sellingGeneralAndAdministrativeExpenses": 1516000000,
    "otherExpenses": 2159000000,
    "operatingExpenses": 3675000000,
    "costAndExpenses": 3675000000,
    "interestIncome": 855000000,
    "interestExpense": 83000000,
    "depreciationAndAmortization": 345000000,
    "ebitda": 0,
    "ebitdaratio": 0,
    "operatingIncome": 0,
    "operatingIncomeRatio": 0,
    "totalOtherIncomeExpensesNet": 1002000000,
    "incomeBeforeTax": 1002000000,
    "incomeBeforeTaxRatio": 0.2726530612,
    "incomeTaxExpense": 19000000,
    "netIncome": 975000000,
    "netIncomeRatio": 0.2653061224,
    "eps": 0.82,
    "epsdiluted": 0.82,
    "weightedAverageShsOut": 1148724000,
    "weightedAverageShsOutDil": 1152679000,
    "link": "https://www.sec.gov/Archives/edgar/data/1390777/000144530513002897/0001445305-13-002897-index.htm",
    "finalLink": "https://www.sec.gov/Archives/edgar/data/1390777/000144530513002897/bkq3201310-q.htm"
  },
  {
    "date": "2013-06-30",
    "symbol": "BK",
    "reportedCurrency": "USD",
    "cik": "0001390777",
    "fillingDate": "2013-08-08",
    "acceptedDate": "2013-08-08 16:33:51",
    "calendarYear": "2013",
    "period": "Q2",
    "revenue": 3914000000,
    "costOfRevenue": 0,
    "grossProfit": 3914000000,
    "grossProfitRatio": 1,
    "researchAndDevelopmentExpenses": 0,
    "generalAndAdministrativeExpenses": 1509000000,
    "sellingAndMarketingExpenses": 0,
    "sellingGeneralAndAdministrativeExpenses": 1509000000,
    "otherExpenses": 2405000000,
    "operatingExpenses": 3914000000,
    "costAndExpenses": 3914000000,
    "interestIncome": 836000000,
    "interestExpense": 79000000,
    "depreciationAndAmortization": 373000000,
    "ebitda": 0,
    "ebitdaratio": 0,
    "operatingIncome": 0,
    "operatingIncomeRatio": 0,
    "totalOtherIncomeExpensesNet": 1222000000,
    "incomeBeforeTax": 1222000000,
    "incomeBeforeTaxRatio": 0.3122125703,
    "incomeTaxExpense": 339000000,
    "netIncome": 843000000,
    "netIncomeRatio": 0.2153806847,
    "eps": 0.71,
    "epsdiluted": 0.7,
    "weightedAverageShsOut": 1152545000,
    "weightedAverageShsOutDil": 1155981000,
    "link": "https://www.sec.gov/Archives/edgar/data/1390777/000144530513002040/0001445305-13-002040-index.htm",
    "finalLink": "https://www.sec.gov/Archives/edgar/data/1390777/000144530513002040/bkq2201310-q.htm"
  },
  {
    "date": "2013-03-31",
    "symbol": "BK",
    "reportedCurrency": "USD",
    "cik": "0001390777",
    "fillingDate": "2013-05-09",
    "acceptedDate": "2013-05-09 07:11:03",
    "calendarYear": "2013",
    "period": "Q1",
    "revenue": 3523000000,
    "costOfRevenue": 0,
    "grossProfit": 3523000000,
    "grossProfitRatio": 1,
    "researchAndDevelopmentExpenses": 0,
    "generalAndAdministrativeExpenses": 1472000000,
    "sellingAndMarketingExpenses": 0,
    "sellingGeneralAndAdministrativeExpenses": 1472000000,
    "otherExpenses": 2051000000,
    "operatingExpenses": 3523000000,
    "costAndExpenses": 3523000000,
    "interestIncome": 815000000,
    "interestExpense": 96000000,
    "depreciationAndAmortization": 333000000,
    "ebitda": 0,
    "ebitdaratio": 0,
    "operatingIncome": 0,
    "operatingIncomeRatio": 0,
    "totalOtherIncomeExpensesNet": 825000000,
    "incomeBeforeTax": 825000000,
    "incomeBeforeTaxRatio": 0.2341754187,
    "incomeTaxExpense": 1062000000,
    "netIncome": -253000000,
    "netIncomeRatio": -0.0718137951,
    "eps": -0.23,
    "epsdiluted": -0.23,
    "weightedAverageShsOut": 1152048000,
    "weightedAverageShsOutDil": 1158819000,
    "link": "https://www.sec.gov/Archives/edgar/data/1390777/000144530513001220/0001445305-13-001220-index.htm",
    "finalLink": "https://www.sec.gov/Archives/edgar/data/1390777/000144530513001220/bkq1201310-q.htm"
  },
  {
    "date": "2012-12-31",
    "symbol": "BK",
    "reportedCurrency": "USD",
    "cik": "0001390777",
    "fillingDate": "2013-02-28",
    "acceptedDate": "2013-02-28 16:48:10",
    "calendarYear": "2012",
    "period": "Q4",
    "revenue": 3509000000,
    "costOfRevenue": 0,
    "grossProfit": 3509000000,
    "grossProfitRatio": 1,
    "researchAndDevelopmentExpenses": 0,
    "generalAndAdministrativeExpenses": 1457000000,
    "sellingAndMarketingExpenses": 0,
    "sellingGeneralAndAdministrativeExpenses": 1457000000,
    "otherExpenses": 2052000000,
    "operatingExpenses": 3509000000,
    "costAndExpenses": 3509000000,
    "interestIncome": 843000000,
    "interestExpense": 118000000,
    "depreciationAndAmortization": 335000000,
    "ebitda": 0,
    "ebitdaratio": 0,
    "operatingIncome": 0,
    "operatingIncomeRatio": 0,
    "totalOtherIncomeExpensesNet": 853000000,
    "incomeBeforeTax": 853000000,
    "incomeBeforeTaxRatio": 0.2430891992,
    "incomeTaxExpense": 207000000,
    "netIncome": 635000000,
    "netIncomeRatio": 0.1809632374,
    "eps": 0.53,
    "epsdiluted": 0.53,
    "weightedAverageShsOut": 1163490000,
    "weightedAverageShsOutDil": 1163490000,
    "link": "https://www.sec.gov/Archives/edgar/data/1390777/000119312513084562/0001193125-13-084562-index.htm",
    "finalLink": "https://www.sec.gov/Archives/edgar/data/1390777/000119312513084562/d448545d10k.htm"
  },
  {
    "date": "2012-09-30",
    "symbol": "BK",
    "reportedCurrency": "USD",
    "cik": "0001390777",
    "fillingDate": "2012-11-08",
    "acceptedDate": "2012-11-08 16:33:08",
    "calendarYear": "2012",
    "period": "Q3",
    "revenue": 3566000000,
    "costOfRevenue": 0,
    "grossProfit": 3566000000,
    "grossProfitRatio": 1,
    "researchAndDevelopmentExpenses": 0,
    "generalAndAdministrativeExpenses": 1436000000,
    "sellingAndMarketingExpenses": 0,
    "sellingGeneralAndAdministrativeExpenses": 1436000000,
    "otherExpenses": 2130000000,
    "operatingExpenses": 3566000000,
    "costAndExpenses": 3566000000,
    "interestIncome": 877000000,
    "interestExpense": 128000000,
    "depreciationAndAmortization": 313000000,
    "ebitda": 0,
    "ebitdaratio": 0,
    "operatingIncome": 0,
    "operatingIncomeRatio": 0,
    "totalOtherIncomeExpensesNet": 975000000,
    "incomeBeforeTax": 975000000,
    "incomeBeforeTaxRatio": 0.2734155917,
    "incomeTaxExpense": 225000000,
    "netIncome": 725000000,
    "netIncomeRatio": 0.2033090297,
    "eps": 0.61,
    "epsdiluted": 0.61,
    "weightedAverageShsOut": 1169674000,
    "weightedAverageShsOutDil": 1171534000,
    "link": "https://www.sec.gov/Archives/edgar/data/1390777/000119312512460557/0001193125-12-460557-index.htm",
    "finalLink": "https://www.sec.gov/Archives/edgar/data/1390777/000119312512460557/d407090d10q.htm"
  },
  {
    "date": "2012-06-30",
    "symbol": "BK",
    "reportedCurrency": "USD",
    "cik": "0001390777",
    "fillingDate": "2012-08-08",
    "acceptedDate": "2012-08-08 16:32:27",
    "calendarYear": "2012",
    "period": "Q2",
    "revenue": 3514000000,
    "costOfRevenue": 0,
    "grossProfit": 3514000000,
    "grossProfitRatio": 1,
    "researchAndDevelopmentExpenses": 0,
    "generalAndAdministrativeExpenses": 1415000000,
    "sellingAndMarketingExpenses": 0,
    "sellingGeneralAndAdministrativeExpenses": 1415000000,
    "otherExpenses": 2099000000,
    "operatingExpenses": 3514000000,
    "costAndExpenses": 3514000000,
    "interestIncome": 875000000,
    "interestExpense": 141000000,
    "depreciationAndAmortization": 299000000,
    "ebitda": 0,
    "ebitdaratio": 0,
    "operatingIncome": 0,
    "operatingIncomeRatio": 0,
    "totalOtherIncomeExpensesNet": 589000000,
    "incomeBeforeTax": 589000000,
    "incomeBeforeTaxRatio": 0.1676152533,
    "incomeTaxExpense": 93000000,
    "netIncome": 466000000,
    "netIncomeRatio": 0.1326124075,
    "eps": 0.39,
    "epsdiluted": 0.39,
    "weightedAverageShsOut": 1181350000,
    "weightedAverageShsOutDil": 1182985000,
    "link": "https://www.sec.gov/Archives/edgar/data/1390777/000119312512344134/0001193125-12-344134-index.htm",
    "finalLink": "https://www.sec.gov/Archives/edgar/data/1390777/000119312512344134/d361650d10q.htm"
  },
  {
    "date": "2012-03-31",
    "symbol": "BK",
    "reportedCurrency": "USD",
    "cik": "0001390777",
    "fillingDate": "2012-05-09",
    "acceptedDate": "2012-05-09 16:32:08",
    "calendarYear": "2012",
    "period": "Q1",
    "revenue": 3545000000,
    "costOfRevenue": 0,
    "grossProfit": 3545000000,
    "grossProfitRatio": 1,
    "researchAndDevelopmentExpenses": 0,
    "generalAndAdministrativeExpenses": 1453000000,
    "sellingAndMarketingExpenses": 0,
    "sellingGeneralAndAdministrativeExpenses": 1453000000,
    "otherExpenses": 2092000000,
    "operatingExpenses": 3545000000,
    "costAndExpenses": 3545000000,
    "interestIncome": 912000000,
    "interestExpense": 147000000,
    "depreciationAndAmortization": 299000000,
    "ebitda": 0,
    "ebitdaratio": 0,
    "operatingIncome": 0,
    "operatingIncomeRatio": 0,
    "totalOtherIncomeExpensesNet": 885000000,
    "incomeBeforeTax": 940000000,
    "incomeBeforeTaxRatio": 0.2651622003,
    "incomeTaxExpense": 254000000,
    "netIncome": 619000000,
    "netIncomeRatio": 0.1746121298,
    "eps": 0.52,
    "epsdiluted": 0.52,
    "weightedAverageShsOut": 1193931000,
    "weightedAverageShsOutDil": 1195558000,
    "link": "https://www.sec.gov/Archives/edgar/data/1390777/000119312512222178/0001193125-12-222178-index.htm",
    "finalLink": "https://www.sec.gov/Archives/edgar/data/1390777/000119312512222178/d325416d10q.htm"
  },
  {
    "date": "2011-12-31",
    "symbol": "BK",
    "reportedCurrency": "USD",
    "cik": "0001390777",
    "fillingDate": "2012-02-28",
    "acceptedDate": "2012-02-28 16:30:16",
    "calendarYear": "2011",
    "period": "Q4",
    "revenue": 2988000000,
    "costOfRevenue": 0,
    "grossProfit": 2988000000,
    "grossProfitRatio": 1,
    "researchAndDevelopmentExpenses": 0,
    "generalAndAdministrativeExpenses": 1382000000,
    "sellingAndMarketingExpenses": 0,
    "sellingGeneralAndAdministrativeExpenses": 1382000000,
    "otherExpenses": 2282000000,
    "operatingExpenses": 2988000000,
    "costAndExpenses": 2988000000,
    "interestIncome": 925000000,
    "interestExpense": 145000000,
    "depreciationAndAmortization": 219000000,
    "ebitda": 0,
    "ebitdaratio": 0,
    "operatingIncome": 0,
    "operatingIncomeRatio": 0,
    "totalOtherIncomeExpensesNet": 689000000,
    "incomeBeforeTax": 689000000,
    "incomeBeforeTaxRatio": 0.2305890228,
    "incomeTaxExpense": 211000000,
    "netIncome": 505000000,
    "netIncomeRatio": 0.1690093708,
    "eps": 0.41,
    "epsdiluted": 0.41,
    "weightedAverageShsOut": 1204994000,
    "weightedAverageShsOutDil": 1205586000,
    "link": "https://www.sec.gov/Archives/edgar/data/1390777/000119312512085349/0001193125-12-085349-index.htm",
    "finalLink": "https://www.sec.gov/Archives/edgar/data/1390777/000119312512085349/d260593d10k.htm"
  },
  {
    "date": "2011-09-30",
    "symbol": "BK",
    "reportedCurrency": "USD",
    "cik": "0001390777",
    "fillingDate": "2011-11-08",
    "acceptedDate": "2011-11-08 16:33:04",
    "calendarYear": "2011",
    "period": "Q3",
    "revenue": 3694000000,
    "costOfRevenue": 0,
    "grossProfit": 3694000000,
    "grossProfitRatio": 1,
    "researchAndDevelopmentExpenses": 0,
    "generalAndAdministrativeExpenses": 1570000000,
    "sellingAndMarketingExpenses": 100000000,
    "sellingGeneralAndAdministrativeExpenses": 1670000000,
    "otherExpenses": 2024000000,
    "operatingExpenses": 3694000000,
    "costAndExpenses": 3694000000,
    "interestIncome": 928000000,
    "interestExpense": 153000000,
    "depreciationAndAmortization": 191000000,
    "ebitda": 0,
    "ebitdaratio": 0,
    "operatingIncome": 0,
    "operatingIncomeRatio": 0,
    "totalOtherIncomeExpensesNet": 945000000,
    "incomeBeforeTax": 945000000,
    "incomeBeforeTaxRatio": 0.2558202491,
    "incomeTaxExpense": 281000000,
    "netIncome": 651000000,
    "netIncomeRatio": 0.1762317271,
    "eps": 0.54,
    "epsdiluted": 0.54,
    "weightedAverageShsOut": 1214126000,
    "weightedAverageShsOutDil": 1214126000,
    "link": "https://www.sec.gov/Archives/edgar/data/1390777/000119312511302242/0001193125-11-302242-index.htm",
    "finalLink": "https://www.sec.gov/Archives/edgar/data/1390777/000119312511302242/d233067d10q.htm"
  },
  {
    "date": "2011-06-30",
    "symbol": "BK",
    "reportedCurrency": "USD",
    "cik": "0001390777",
    "fillingDate": "2011-08-08",
    "acceptedDate": "2011-08-08 16:34:53",
    "calendarYear": "2011",
    "period": "Q2",
    "revenue": 3850000000,
    "costOfRevenue": 0,
    "grossProfit": 3850000000,
    "grossProfitRatio": 1,
    "researchAndDevelopmentExpenses": 0,
    "generalAndAdministrativeExpenses": 1666000000,
    "sellingAndMarketingExpenses": 0,
    "sellingGeneralAndAdministrativeExpenses": 1666000000,
    "otherExpenses": 2157000000,
    "operatingExpenses": 3850000000,
    "costAndExpenses": 3850000000,
    "interestIncome": 887000000,
    "interestExpense": 156000000,
    "depreciationAndAmortization": 183000000,
    "ebitda": 0,
    "ebitdaratio": 0,
    "operatingIncome": 0,
    "operatingIncomeRatio": 0,
    "totalOtherIncomeExpensesNet": 1034000000,
    "incomeBeforeTax": 1034000000,
    "incomeBeforeTaxRatio": 0.2685714286,
    "incomeTaxExpense": 277000000,
    "netIncome": 735000000,
    "netIncomeRatio": 0.1909090909,
    "eps": 0.6,
    "epsdiluted": 0.6,
    "weightedAverageShsOut": 1230406000,
    "weightedAverageShsOutDil": 1233710000,
    "link": "https://www.sec.gov/Archives/edgar/data/1390777/000119312511214307/0001193125-11-214307-index.htm",
    "finalLink": "https://www.sec.gov/Archives/edgar/data/1390777/000119312511214307/d10q.htm"
  },
  {
    "date": "2011-03-31",
    "symbol": "BK",
    "reportedCurrency": "USD",
    "cik": "0001390777",
    "fillingDate": "2011-05-09",
    "acceptedDate": "2011-05-09 16:32:37",
    "calendarYear": "2011",
    "period": "Q1",
    "revenue": 3646000000,
    "costOfRevenue": 0,
    "grossProfit": 3646000000,
    "grossProfitRatio": 1,
    "researchAndDevelopmentExpenses": 0,
    "generalAndAdministrativeExpenses": 1546000000,
    "sellingAndMarketingExpenses": 111000000,
    "sellingGeneralAndAdministrativeExpenses": 1657000000,
    "otherExpenses": 1989000000,
    "operatingExpenses": 3646000000,
    "costAndExpenses": 3646000000,
    "interestIncome": 848000000,
    "interestExpense": 150000000,
    "depreciationAndAmortization": 183000000,
    "ebitda": 0,
    "ebitdaratio": 0,
    "operatingIncome": 0,
    "operatingIncomeRatio": 0,
    "totalOtherIncomeExpensesNet": 949000000,
    "incomeBeforeTax": 949000000,
    "incomeBeforeTaxRatio": 0.2602852441,
    "incomeTaxExpense": 279000000,
    "netIncome": 625000000,
    "netIncomeRatio": 0.1714207351,
    "eps": 0.51,
    "epsdiluted": 0.5,
    "weightedAverageShsOut": 1234076000,
    "weightedAverageShsOutDil": 1238284000,
    "link": "https://www.sec.gov/Archives/edgar/data/1390777/000119312511132389/0001193125-11-132389-index.htm",
    "finalLink": "https://www.sec.gov/Archives/edgar/data/1390777/000119312511132389/d10q.htm"
  },
  {
    "date": "2010-12-31",
    "symbol": "BK",
    "reportedCurrency": "USD",
    "cik": "0001390777",
    "fillingDate": "2011-02-28",
    "acceptedDate": "2011-02-28 16:16:42",
    "calendarYear": "2010",
    "period": "Q4",
    "revenue": 3374000000,
    "costOfRevenue": 0,
    "grossProfit": 3374000000,
    "grossProfitRatio": 1,
    "researchAndDevelopmentExpenses": 0,
    "generalAndAdministrativeExpenses": 1124000000,
    "sellingAndMarketingExpenses": 104000000,
    "sellingGeneralAndAdministrativeExpenses": 1417000000,
    "otherExpenses": 2523000000,
    "operatingExpenses": 3374000000,
    "costAndExpenses": 3374000000,
    "interestIncome": 913000000,
    "interestExpense": 193000000,
    "depreciationAndAmortization": 216000000,
    "ebitda": 0,
    "ebitdaratio": 0,
    "operatingIncome": 0,
    "operatingIncomeRatio": 0,
    "totalOtherIncomeExpensesNet": 970000000,
    "incomeBeforeTax": 970000000,
    "incomeBeforeTaxRatio": 0.2874925904,
    "incomeTaxExpense": 265000000,
    "netIncome": 679000000,
    "netIncomeRatio": 0.2012448133,
    "eps": 0.55,
    "epsdiluted": 0.54,
    "weightedAverageShsOut": 1232568000,
    "weightedAverageShsOutDil": 1235670000,
    "link": "https://www.sec.gov/Archives/edgar/data/1390777/000119312511049932/0001193125-11-049932-index.htm",
    "finalLink": "https://www.sec.gov/Archives/edgar/data/1390777/000119312511049932/d10k.htm"
  },
  {
    "date": "2010-09-30",
    "symbol": "BK",
    "reportedCurrency": "USD",
    "cik": "0001390777",
    "fillingDate": "2010-11-08",
    "acceptedDate": "2010-11-08 16:27:37",
    "calendarYear": "2010",
    "period": "Q3",
    "revenue": 3423000000,
    "costOfRevenue": 0,
    "grossProfit": 3423000000,
    "grossProfitRatio": 1,
    "researchAndDevelopmentExpenses": 0,
    "generalAndAdministrativeExpenses": 1452000000,
    "sellingAndMarketingExpenses": 94000000,
    "sellingGeneralAndAdministrativeExpenses": 1546000000,
    "otherExpenses": 1877000000,
    "operatingExpenses": 3423000000,
    "costAndExpenses": 3423000000,
    "interestIncome": 859000000,
    "interestExpense": 141000000,
    "depreciationAndAmortization": 156000000,
    "ebitda": 0,
    "ebitdaratio": 0,
    "operatingIncome": 0,
    "operatingIncomeRatio": 0,
    "totalOtherIncomeExpensesNet": 834000000,
    "incomeBeforeTax": 622000000,
    "incomeBeforeTaxRatio": 0.1817119486,
    "incomeTaxExpense": 220000000,
    "netIncome": 622000000,
    "netIncomeRatio": 0.1817119486,
    "eps": 0.51,
    "epsdiluted": 0.51,
    "weightedAverageShsOut": 1219608000,
    "weightedAverageShsOutDil": 1219608000,
    "link": "https://www.sec.gov/Archives/edgar/data/1390777/000119312510252141/0001193125-10-252141-index.htm",
    "finalLink": "https://www.sec.gov/Archives/edgar/data/1390777/000119312510252141/d10q.htm"
  },
  {
    "date": "2010-06-30",
    "symbol": "BK",
    "reportedCurrency": "USD",
    "cik": "0001390777",
    "fillingDate": "2010-08-06",
    "acceptedDate": "2010-08-06 16:09:12",
    "calendarYear": "2010",
    "period": "Q2",
    "revenue": 3240000000,
    "costOfRevenue": 0,
    "grossProfit": 3240000000,
    "grossProfitRatio": 1,
    "researchAndDevelopmentExpenses": 0,
    "generalAndAdministrativeExpenses": 1325000000,
    "sellingAndMarketingExpenses": 90000000,
    "sellingGeneralAndAdministrativeExpenses": 1415000000,
    "otherExpenses": 1825000000,
    "operatingExpenses": 3240000000,
    "costAndExpenses": 3240000000,
    "interestIncome": 862000000,
    "interestExpense": 140000000,
    "depreciationAndAmortization": 144000000,
    "ebitda": 0,
    "ebitdaratio": 0,
    "operatingIncome": 0,
    "operatingIncomeRatio": 0,
    "totalOtherIncomeExpensesNet": 1006000000,
    "incomeBeforeTax": 658000000,
    "incomeBeforeTaxRatio": 0.2030864198,
    "incomeTaxExpense": 304000000,
    "netIncome": 658000000,
    "netIncomeRatio": 0.2030864198,
    "eps": 0.55,
    "epsdiluted": 0.54,
    "weightedAverageShsOut": 1204557000,
    "weightedAverageShsOutDil": 1208830000,
    "link": "https://www.sec.gov/Archives/edgar/data/1390777/000119312510181371/0001193125-10-181371-index.htm",
    "finalLink": "https://www.sec.gov/Archives/edgar/data/1390777/000119312510181371/d10q.htm"
  },
  {
    "date": "2010-03-31",
    "symbol": "BK",
    "reportedCurrency": "USD",
    "cik": "0001390777",
    "fillingDate": "2010-05-07",
    "acceptedDate": "2010-05-07 16:29:55",
    "calendarYear": "2010",
    "period": "Q1",
    "revenue": 3359000000,
    "costOfRevenue": 0,
    "grossProfit": 3359000000,
    "grossProfitRatio": 1,
    "researchAndDevelopmentExpenses": 0,
    "generalAndAdministrativeExpenses": 1366000000,
    "sellingAndMarketingExpenses": 89000000,
    "sellingGeneralAndAdministrativeExpenses": 1455000000,
    "otherExpenses": 1904000000,
    "operatingExpenses": 3359000000,
    "costAndExpenses": 3359000000,
    "interestIncome": 883000000,
    "interestExpense": 118000000,
    "depreciationAndAmortization": 113000000,
    "ebitda": 0,
    "ebitdaratio": 0,
    "operatingIncome": 0,
    "operatingIncomeRatio": 0,
    "totalOtherIncomeExpensesNet": 884000000,
    "incomeBeforeTax": 559000000,
    "incomeBeforeTaxRatio": 0.166418577,
    "incomeTaxExpense": 258000000,
    "netIncome": 559000000,
    "netIncomeRatio": 0.166418577,
    "eps": 0.46,
    "epsdiluted": 0.46,
    "weightedAverageShsOut": 1215217000,
    "weightedAverageShsOutDil": 1215217000,
    "link": "https://www.sec.gov/Archives/edgar/data/1390777/000119312510112944/0001193125-10-112944-index.htm",
    "finalLink": "https://www.sec.gov/Archives/edgar/data/1390777/000119312510112944/d10q.htm"
  },
  {
    "date": "2009-12-31",
    "symbol": "BK",
    "reportedCurrency": "USD",
    "cik": "0001390777",
    "fillingDate": "2010-02-26",
    "acceptedDate": "2010-02-26 16:21:31",
    "calendarYear": "2009",
    "period": "Q4",
    "revenue": 2862000000,
    "costOfRevenue": 0,
    "grossProfit": 2862000000,
    "grossProfitRatio": 1,
    "researchAndDevelopmentExpenses": 0,
    "generalAndAdministrativeExpenses": 645000000,
    "sellingAndMarketingExpenses": 109000000,
    "sellingGeneralAndAdministrativeExpenses": 870000000,
    "otherExpenses": 2697000000,
    "operatingExpenses": 2862000000,
    "costAndExpenses": 2862000000,
    "interestIncome": 854000000,
    "interestExpense": 130000000,
    "depreciationAndAmortization": 191000000,
    "ebitda": 0,
    "ebitdaratio": 0,
    "operatingIncome": 0,
    "operatingIncomeRatio": 0,
    "totalOtherIncomeExpensesNet": 672000000,
    "incomeBeforeTax": 672000000,
    "incomeBeforeTaxRatio": 0.2348008386,
    "incomeTaxExpense": -41000000,
    "netIncome": 593000000,
    "netIncomeRatio": 0.2071977638,
    "eps": 0.49,
    "epsdiluted": 0.49,
    "weightedAverageShsOut": 1200603000,
    "weightedAverageShsOutDil": 1215217000,
    "link": "https://www.sec.gov/Archives/edgar/data/1390777/000119312510042948/0001193125-10-042948-index.htm",
    "finalLink": "https://www.sec.gov/Archives/edgar/data/1390777/000119312510042948/d10k.htm"
  },
  {
    "date": "2009-09-30",
    "symbol": "BK",
    "reportedCurrency": "USD",
    "cik": "0001390777",
    "fillingDate": "2009-11-06",
    "acceptedDate": "2009-11-06 16:21:23",
    "calendarYear": "2009",
    "period": "Q3",
    "revenue": -1507000000,
    "costOfRevenue": 0,
    "grossProfit": -1507000000,
    "grossProfitRatio": 1,
    "researchAndDevelopmentExpenses": 0,
    "generalAndAdministrativeExpenses": 1252000000,
    "sellingAndMarketingExpenses": 97000000,
    "sellingGeneralAndAdministrativeExpenses": 1349000000,
    "otherExpenses": -2856000000,
    "operatingExpenses": -1507000000,
    "costAndExpenses": -1507000000,
    "interestIncome": 829000000,
    "interestExpense": 113000000,
    "depreciationAndAmortization": 193000000,
    "ebitda": 0,
    "ebitdaratio": 0,
    "operatingIncome": 0,
    "operatingIncomeRatio": 0,
    "totalOtherIncomeExpensesNet": -3965000000,
    "incomeBeforeTax": -2458000000,
    "incomeBeforeTaxRatio": 1.6310550763,
    "incomeTaxExpense": -1527000000,
    "netIncome": -2458000000,
    "netIncomeRatio": 1.6310550763,
    "eps": -2.05,
    "epsdiluted": -2.05,
    "weightedAverageShsOut": 1197414000,
    "weightedAverageShsOutDil": 1197414000,
    "link": "https://www.sec.gov/Archives/edgar/data/1390777/000119312509227567/0001193125-09-227567-index.htm",
    "finalLink": "https://www.sec.gov/Archives/edgar/data/1390777/000119312509227567/d10q.htm"
  },
  {
    "date": "2009-06-30",
    "symbol": "BK",
    "reportedCurrency": "USD",
    "cik": "0001390777",
    "fillingDate": "2009-08-07",
    "acceptedDate": "2009-08-07 16:48:41",
    "calendarYear": "2009",
    "period": "Q2",
    "revenue": 2957000000,
    "costOfRevenue": 0,
    "grossProfit": 2957000000,
    "grossProfitRatio": 1,
    "researchAndDevelopmentExpenses": 0,
    "generalAndAdministrativeExpenses": 1390000000,
    "sellingAndMarketingExpenses": 106000000,
    "sellingGeneralAndAdministrativeExpenses": 1496000000,
    "otherExpenses": 1461000000,
    "operatingExpenses": 2957000000,
    "costAndExpenses": 2957000000,
    "interestIncome": 845000000,
    "interestExpense": 145000000,
    "depreciationAndAmortization": 176000000,
    "ebitda": 0,
    "ebitdaratio": 0,
    "operatingIncome": 0,
    "operatingIncomeRatio": 0,
    "totalOtherIncomeExpensesNet": 513000000,
    "incomeBeforeTax": 176000000,
    "incomeBeforeTaxRatio": 0.0595197836,
    "incomeTaxExpense": 12000000,
    "netIncome": 412000000,
    "netIncomeRatio": 0.1393304024,
    "eps": 0.15,
    "epsdiluted": 0.15,
    "weightedAverageShsOut": 1171081000,
    "weightedAverageShsOutDil": 1174466000,
    "link": "https://www.sec.gov/Archives/edgar/data/1390777/000119312509169196/0001193125-09-169196-index.htm",
    "finalLink": "https://www.sec.gov/Archives/edgar/data/1390777/000119312509169196/d10q.htm"
  },
  {
    "date": "2009-03-31",
    "symbol": "BK",
    "reportedCurrency": "USD",
    "cik": "0001390777",
    "fillingDate": "2009-05-08",
    "acceptedDate": "2009-05-08 16:50:59",
    "calendarYear": "2009",
    "period": "Q1",
    "revenue": 2911000000,
    "costOfRevenue": 0,
    "grossProfit": 2911000000,
    "grossProfitRatio": 1,
    "researchAndDevelopmentExpenses": 0,
    "generalAndAdministrativeExpenses": 1413000000,
    "sellingAndMarketingExpenses": 107000000,
    "sellingGeneralAndAdministrativeExpenses": 1520000000,
    "otherExpenses": 1398000000,
    "operatingExpenses": 2911000000,
    "costAndExpenses": 2911000000,
    "interestIncome": 979000000,
    "interestExpense": 204000000,
    "depreciationAndAmortization": 151000000,
    "ebitda": 0,
    "ebitdaratio": 0,
    "operatingIncome": 0,
    "operatingIncomeRatio": 0,
    "totalOtherIncomeExpensesNet": 572000000,
    "incomeBeforeTax": 572000000,
    "incomeBeforeTaxRatio": 0.1964960495,
    "incomeTaxExpense": 161000000,
    "netIncome": 369000000,
    "netIncomeRatio": 0.1267605634,
    "eps": 0.28,
    "epsdiluted": 0.28,
    "weightedAverageShsOut": 1146070000,
    "weightedAverageShsOutDil": 1146943000,
    "link": "https://www.sec.gov/Archives/edgar/data/1390777/000119312509105511/0001193125-09-105511-index.htm",
    "finalLink": "https://www.sec.gov/Archives/edgar/data/1390777/000119312509105511/d10q.htm"
  },
  {
    "date": "2008-12-31",
    "symbol": "BK",
    "reportedCurrency": "USD",
    "cik": "0001390777",
    "fillingDate": "2009-02-27",
    "acceptedDate": "2009-02-27 16:35:04",
    "calendarYear": "2008",
    "period": "Q4",
    "revenue": 2335000000,
    "costOfRevenue": 0,
    "grossProfit": 2335000000,
    "grossProfitRatio": 1,
    "researchAndDevelopmentExpenses": 0,
    "generalAndAdministrativeExpenses": 1154000000,
    "sellingAndMarketingExpenses": 0,
    "sellingGeneralAndAdministrativeExpenses": 1154000000,
    "otherExpenses": 1181000000,
    "operatingExpenses": 2335000000,
    "costAndExpenses": 2335000000,
    "interestIncome": 1551000000,
    "interestExpense": 481000000,
    "depreciationAndAmortization": 190000000,
    "ebitda": 0,
    "ebitdaratio": 0,
    "operatingIncome": 0,
    "operatingIncomeRatio": 0,
    "totalOtherIncomeExpensesNet": -49000000,
    "incomeBeforeTax": -49000000,
    "incomeBeforeTaxRatio": -0.0209850107,
    "incomeTaxExpense": -135000000,
    "netIncome": 61000000,
    "netIncomeRatio": 0.026124197,
    "eps": 0.02,
    "epsdiluted": 0.02,
    "weightedAverageShsOut": 1144839000,
    "weightedAverageShsOutDil": 1150753000,
    "link": "https://www.sec.gov/Archives/edgar/data/1390777/000119312509041050/0001193125-09-041050-index.htm",
    "finalLink": "https://www.sec.gov/Archives/edgar/data/1390777/000119312509041050/d10k.htm"
  },
  {
    "date": "2008-09-30",
    "symbol": "BK",
    "reportedCurrency": "USD",
    "cik": "0001390777",
    "fillingDate": "2008-11-07",
    "acceptedDate": "2008-11-07 12:54:06",
    "calendarYear": "2008",
    "period": "Q3",
    "revenue": 3607000000,
    "costOfRevenue": 0,
    "grossProfit": 3607000000,
    "grossProfitRatio": 1,
    "researchAndDevelopmentExpenses": 0,
    "generalAndAdministrativeExpenses": 1499000000,
    "sellingAndMarketingExpenses": 133000000,
    "sellingGeneralAndAdministrativeExpenses": 1632000000,
    "otherExpenses": 1975000000,
    "operatingExpenses": 3607000000,
    "costAndExpenses": 3607000000,
    "interestIncome": 1312000000,
    "interestExpense": 631000000,
    "depreciationAndAmortization": 221000000,
    "ebitda": 0,
    "ebitdaratio": 0,
    "operatingIncome": 0,
    "operatingIncomeRatio": 0,
    "totalOtherIncomeExpensesNet": 265000000,
    "incomeBeforeTax": 303000000,
    "incomeBeforeTaxRatio": 0.0840033269,
    "incomeTaxExpense": -42000000,
    "netIncome": 303000000,
    "netIncomeRatio": 0.0840033269,
    "eps": 0.26,
    "epsdiluted": 0.26,
    "weightedAverageShsOut": 1143445000,
    "weightedAverageShsOutDil": 1147586000,
    "link": "https://www.sec.gov/Archives/edgar/data/1390777/000119312508229568/0001193125-08-229568-index.htm",
    "finalLink": "https://www.sec.gov/Archives/edgar/data/1390777/000119312508229568/d10q.htm"
  },
  {
    "date": "2008-06-30",
    "symbol": "BK",
    "reportedCurrency": "USD",
    "cik": "0001390777",
    "fillingDate": "2008-08-08",
    "acceptedDate": "2008-08-08 10:46:34",
    "calendarYear": "2008",
    "period": "Q2",
    "revenue": 3275000000,
    "costOfRevenue": 0,
    "grossProfit": 3275000000,
    "grossProfitRatio": 1,
    "researchAndDevelopmentExpenses": 0,
    "generalAndAdministrativeExpenses": 1391000000,
    "sellingAndMarketingExpenses": 271000000,
    "sellingGeneralAndAdministrativeExpenses": 1662000000,
    "otherExpenses": 1613000000,
    "operatingExpenses": 3275000000,
    "costAndExpenses": 3275000000,
    "interestIncome": 1065000000,
    "interestExpense": 677000000,
    "depreciationAndAmortization": 239000000,
    "ebitda": 0,
    "ebitdaratio": 0,
    "operatingIncome": 0,
    "operatingIncomeRatio": 0,
    "totalOtherIncomeExpensesNet": 621000000,
    "incomeBeforeTax": 309000000,
    "incomeBeforeTaxRatio": 0.094351145,
    "incomeTaxExpense": 312000000,
    "netIncome": 309000000,
    "netIncomeRatio": 0.094351145,
    "eps": 0.27,
    "epsdiluted": 0.27,
    "weightedAverageShsOut": 1135153000,
    "weightedAverageShsOutDil": 1142936000,
    "link": "https://www.sec.gov/Archives/edgar/data/1390777/000119312508171298/0001193125-08-171298-index.htm",
    "finalLink": "https://www.sec.gov/Archives/edgar/data/1390777/000119312508171298/d10q.htm"
  },
  {
    "date": "2008-03-31",
    "symbol": "BK",
    "reportedCurrency": "USD",
    "cik": "0001390777",
    "fillingDate": "2008-05-09",
    "acceptedDate": "2008-05-09 11:55:51",
    "calendarYear": "2008",
    "period": "Q1",
    "revenue": 3747000000,
    "costOfRevenue": 0,
    "grossProfit": 3747000000,
    "grossProfitRatio": 1,
    "researchAndDevelopmentExpenses": 0,
    "generalAndAdministrativeExpenses": 1604000000,
    "sellingAndMarketingExpenses": 130000000,
    "sellingGeneralAndAdministrativeExpenses": 1734000000,
    "otherExpenses": 2013000000,
    "operatingExpenses": 3747000000,
    "costAndExpenses": 3747000000,
    "interestIncome": 1656000000,
    "interestExpense": 889000000,
    "depreciationAndAmortization": 231000000,
    "ebitda": 0,
    "ebitdaratio": 0,
    "operatingIncome": 0,
    "operatingIncomeRatio": 0,
    "totalOtherIncomeExpensesNet": 1119000000,
    "incomeBeforeTax": 746000000,
    "incomeBeforeTaxRatio": 0.1990926074,
    "incomeTaxExpense": 361000000,
    "netIncome": 746000000,
    "netIncomeRatio": 0.1990926074,
    "eps": 0.66,
    "epsdiluted": 0.65,
    "weightedAverageShsOut": 1134280000,
    "weightedAverageShsOutDil": 1143761000,
    "link": "https://www.sec.gov/Archives/edgar/data/1390777/000119312508109227/0001193125-08-109227-index.htm",
    "finalLink": "https://www.sec.gov/Archives/edgar/data/1390777/000119312508109227/d10q.htm"
  },
  {
    "date": "2007-12-31",
    "symbol": "BK",
    "reportedCurrency": "USD",
    "cik": "0001390777",
    "fillingDate": "2008-02-28",
    "acceptedDate": "2008-02-28 17:03:30",
    "calendarYear": "2007",
    "period": "Q4",
    "revenue": 3471000000,
    "costOfRevenue": 0,
    "grossProfit": 3471000000,
    "grossProfitRatio": 1,
    "researchAndDevelopmentExpenses": 0,
    "generalAndAdministrativeExpenses": 1368000000,
    "sellingAndMarketingExpenses": 0,
    "sellingGeneralAndAdministrativeExpenses": 1368000000,
    "otherExpenses": 2103000000,
    "operatingExpenses": 3471000000,
    "costAndExpenses": 3471000000,
    "interestIncome": 1790000000,
    "interestExpense": 1038000000,
    "depreciationAndAmortization": 376000000,
    "ebitda": 0,
    "ebitdaratio": 0,
    "operatingIncome": 0,
    "operatingIncomeRatio": 0,
    "totalOtherIncomeExpensesNet": 1028000000,
    "incomeBeforeTax": 1028000000,
    "incomeBeforeTaxRatio": 0.2961682512,
    "incomeTaxExpense": 328000000,
    "netIncome": 520000000,
    "netIncomeRatio": 0.1498127341,
    "eps": 0.46,
    "epsdiluted": 0.45,
    "weightedAverageShsOut": 1134280000,
    "weightedAverageShsOutDil": 1147906000,
    "link": "https://www.sec.gov/Archives/edgar/data/1390777/000119312508041952/0001193125-08-041952-index.htm",
    "finalLink": "https://www.sec.gov/Archives/edgar/data/1390777/000119312508041952/d10k.htm"
  },
  {
    "date": "2007-09-30",
    "symbol": "BK",
    "reportedCurrency": "USD",
    "cik": "0001390777",
    "fillingDate": "2007-11-09",
    "acceptedDate": "2007-11-09 12:45:24",
    "calendarYear": "2007",
    "period": "Q3",
    "revenue": 3600000000,
    "costOfRevenue": 0,
    "grossProfit": 3600000000,
    "grossProfitRatio": 1,
    "researchAndDevelopmentExpenses": 0,
    "generalAndAdministrativeExpenses": 1280000000,
    "sellingAndMarketingExpenses": 0,
    "sellingGeneralAndAdministrativeExpenses": 1280000000,
    "otherExpenses": 2320000000,
    "operatingExpenses": 3600000000,
    "costAndExpenses": 3600000000,
    "interestIncome": 1778000000,
    "interestExpense": 1109000000,
    "depreciationAndAmortization": 224000000,
    "ebitda": 0,
    "ebitdaratio": 0,
    "operatingIncome": 0,
    "operatingIncomeRatio": 0,
    "totalOtherIncomeExpensesNet": 894000000,
    "incomeBeforeTax": 894000000,
    "incomeBeforeTaxRatio": 0.2483333333,
    "incomeTaxExpense": 252000000,
    "netIncome": 640000000,
    "netIncomeRatio": 0.1777777778,
    "eps": 0.57,
    "epsdiluted": 0.56,
    "weightedAverageShsOut": 1125165000,
    "weightedAverageShsOutDil": 1140797000,
    "link": "https://www.sec.gov/Archives/edgar/data/1390777/000119312507241880/0001193125-07-241880-index.htm",
    "finalLink": "https://www.sec.gov/Archives/edgar/data/1390777/000119312507241880/d10q.htm"
  },
  {
    "date": "2007-06-30",
    "symbol": "BK",
    "reportedCurrency": "USD",
    "cik": "0001390777",
    "fillingDate": "2007-08-08",
    "acceptedDate": "2007-08-08 14:56:48",
    "calendarYear": "2007",
    "period": "Q2",
    "revenue": 2032000000,
    "costOfRevenue": 0,
    "grossProfit": 2032000000,
    "grossProfitRatio": 1,
    "researchAndDevelopmentExpenses": 0,
    "generalAndAdministrativeExpenses": 752000000,
    "sellingAndMarketingExpenses": 0,
    "sellingGeneralAndAdministrativeExpenses": 752000000,
    "otherExpenses": 1280000000,
    "operatingExpenses": 2032000000,
    "costAndExpenses": 2032000000,
    "interestIncome": 1162000000,
    "interestExpense": 710000000,
    "depreciationAndAmortization": 99000000,
    "ebitda": 0,
    "ebitdaratio": 0,
    "operatingIncome": 0,
    "operatingIncomeRatio": 0,
    "totalOtherIncomeExpensesNet": 658000000,
    "incomeBeforeTax": 233000000,
    "incomeBeforeTaxRatio": 0.1146653543,
    "incomeTaxExpense": 210000000,
    "netIncome": 445000000,
    "netIncomeRatio": 0.218996063,
    "eps": 0.63,
    "epsdiluted": 0.62,
    "weightedAverageShsOut": 709783000,
    "weightedAverageShsOutDil": 722661000,
    "link": "https://www.sec.gov/Archives/edgar/data/1390777/000119312507175390/0001193125-07-175390-index.htm",
    "finalLink": "https://www.sec.gov/Archives/edgar/data/1390777/000119312507175390/d10q.htm"
  },
  {
    "date": "2007-03-31",
    "symbol": "BK",
    "reportedCurrency": "USD",
    "cik": "0001390777",
    "fillingDate": "2007-03-31",
    "acceptedDate": "2007-03-30 20:00:00",
    "calendarYear": "2007",
    "period": "Q1",
    "revenue": 1902000000,
    "costOfRevenue": 0,
    "grossProfit": 1902000000,
    "grossProfitRatio": 1,
    "researchAndDevelopmentExpenses": 0,
    "generalAndAdministrativeExpenses": 787000000,
    "sellingAndMarketingExpenses": 4000000,
    "sellingGeneralAndAdministrativeExpenses": 791000000,
    "otherExpenses": 1111000000,
    "operatingExpenses": 1902000000,
    "costAndExpenses": 1902000000,
    "interestIncome": 1021000000,
    "interestExpense": 594000000,
    "depreciationAndAmortization": 127000000,
    "ebitda": 0,
    "ebitdaratio": 0,
    "operatingIncome": 0,
    "operatingIncomeRatio": 0,
    "totalOtherIncomeExpensesNet": 645000000,
    "incomeBeforeTax": 645000000,
    "incomeBeforeTaxRatio": 0.3391167192,
    "incomeTaxExpense": 208000000,
    "netIncome": 434000000,
    "netIncomeRatio": 0.2281808623,
    "eps": 0.61,
    "epsdiluted": 0.6,
    "weightedAverageShsOut": 710147000,
    "weightedAverageShsOutDil": 719976000,
    "link": "",
    "finalLink": ""
  },
  {
    "date": "2006-12-31",
    "symbol": "BK",
    "reportedCurrency": "USD",
    "cik": "0001390777",
    "fillingDate": "2006-12-31",
    "acceptedDate": "2006-12-30 19:00:00",
    "calendarYear": "2006",
    "period": "Q4",
    "revenue": -272000000,
    "costOfRevenue": 0,
    "grossProfit": -272000000,
    "grossProfitRatio": 1,
    "researchAndDevelopmentExpenses": 0,
    "generalAndAdministrativeExpenses": 736000000,
    "sellingAndMarketingExpenses": 0,
    "sellingGeneralAndAdministrativeExpenses": 736000000,
    "otherExpenses": -1008000000,
    "operatingExpenses": -272000000,
    "costAndExpenses": -272000000,
    "interestIncome": 1057000000,
    "interestExpense": 606000000,
    "depreciationAndAmortization": 144000000,
    "ebitda": 0,
    "ebitdaratio": 0,
    "operatingIncome": 0,
    "operatingIncomeRatio": 0,
    "totalOtherIncomeExpensesNet": 622000000,
    "incomeBeforeTax": 622000000,
    "incomeBeforeTaxRatio": -2.2867647059,
    "incomeTaxExpense": 195000000,
    "netIncome": 1789000000,
    "netIncomeRatio": -6.5772058824,
    "eps": 2.38,
    "epsdiluted": 2.34,
    "weightedAverageShsOut": 750737000,
    "weightedAverageShsOutDil": 763083000,
    "link": "",
    "finalLink": ""
  },
  {
    "date": "2006-09-30",
    "symbol": "BK",
    "reportedCurrency": "USD",
    "cik": "0001390777",
    "fillingDate": "2006-09-30",
    "acceptedDate": "2006-09-29 20:00:00",
    "calendarYear": "2006",
    "period": "Q3",
    "revenue": 1614000000,
    "costOfRevenue": 0,
    "grossProfit": 1614000000,
    "grossProfitRatio": 1,
    "researchAndDevelopmentExpenses": 0,
    "generalAndAdministrativeExpenses": 644000000,
    "sellingAndMarketingExpenses": 0,
    "sellingGeneralAndAdministrativeExpenses": 644000000,
    "otherExpenses": 970000000,
    "operatingExpenses": 1614000000,
    "costAndExpenses": 1614000000,
    "interestIncome": 960000000,
    "interestExpense": 609000000,
    "depreciationAndAmortization": 127000000,
    "ebitda": 0,
    "ebitdaratio": 0,
    "operatingIncome": 0,
    "operatingIncomeRatio": 0,
    "totalOtherIncomeExpensesNet": 422000000,
    "incomeBeforeTax": 422000000,
    "incomeBeforeTaxRatio": 0.2614622057,
    "incomeTaxExpense": 124000000,
    "netIncome": 352000000,
    "netIncomeRatio": 0.2180916976,
    "eps": 0.49,
    "epsdiluted": 0.49,
    "weightedAverageShsOut": 713946000,
    "weightedAverageShsOutDil": 723272000,
    "link": "",
    "finalLink": ""
  },
  {
    "date": "2006-06-30",
    "symbol": "BK",
    "reportedCurrency": "USD",
    "cik": "0001390777",
    "fillingDate": "2006-06-30",
    "acceptedDate": "2006-06-29 20:00:00",
    "calendarYear": "2006",
    "period": "Q2",
    "revenue": 1724000000,
    "costOfRevenue": 0,
    "grossProfit": 1724000000,
    "grossProfitRatio": 1,
    "researchAndDevelopmentExpenses": 0,
    "generalAndAdministrativeExpenses": 656000000,
    "sellingAndMarketingExpenses": 0,
    "sellingGeneralAndAdministrativeExpenses": 656000000,
    "otherExpenses": 1068000000,
    "operatingExpenses": 1724000000,
    "costAndExpenses": 1724000000,
    "interestIncome": 910000000,
    "interestExpense": 552000000,
    "depreciationAndAmortization": 102000000,
    "ebitda": 0,
    "ebitdaratio": 0,
    "operatingIncome": 0,
    "operatingIncomeRatio": 0,
    "totalOtherIncomeExpensesNet": 591000000,
    "incomeBeforeTax": 591000000,
    "incomeBeforeTaxRatio": 0.3428074246,
    "incomeTaxExpense": 200000000,
    "netIncome": 448000000,
    "netIncomeRatio": 0.2598607889,
    "eps": 0.59,
    "epsdiluted": 0.59,
    "weightedAverageShsOut": 756000000,
    "weightedAverageShsOutDil": 765000000,
    "link": "",
    "finalLink": ""
  },
  {
    "date": "2006-03-31",
    "symbol": "BK",
    "reportedCurrency": "USD",
    "cik": "0001390777",
    "fillingDate": "2006-03-31",
    "acceptedDate": "2006-03-30 19:00:00",
    "calendarYear": "2006",
    "period": "Q1",
    "revenue": 1604000000,
    "costOfRevenue": 0,
    "grossProfit": 1604000000,
    "grossProfitRatio": 1,
    "researchAndDevelopmentExpenses": 0,
    "generalAndAdministrativeExpenses": 604000000,
    "sellingAndMarketingExpenses": 0,
    "sellingGeneralAndAdministrativeExpenses": 604000000,
    "otherExpenses": 1000000000,
    "operatingExpenses": 1604000000,
    "costAndExpenses": 1604000000,
    "interestIncome": 813000000,
    "interestExpense": 474000000,
    "depreciationAndAmortization": 117000000,
    "ebitda": 0,
    "ebitdaratio": 0,
    "operatingIncome": 0,
    "operatingIncomeRatio": 0,
    "totalOtherIncomeExpensesNet": 535000000,
    "incomeBeforeTax": 535000000,
    "incomeBeforeTaxRatio": 0.3335411471,
    "incomeTaxExpense": 175000000,
    "netIncome": 422000000,
    "netIncomeRatio": 0.2630922693,
    "eps": 0.55,
    "epsdiluted": 0.55,
    "weightedAverageShsOut": 763851000,
    "weightedAverageShsOutDil": 773630000,
    "link": "",
    "finalLink": ""
  },
  {
    "date": "2005-12-31",
    "symbol": "BK",
    "reportedCurrency": "USD",
    "cik": "0001390777",
    "fillingDate": "2005-12-31",
    "acceptedDate": "2005-12-30 19:00:00",
    "calendarYear": "2005",
    "period": "Q4",
    "revenue": 1766000000,
    "costOfRevenue": 0,
    "grossProfit": 1766000000,
    "grossProfitRatio": 1,
    "researchAndDevelopmentExpenses": 0,
    "generalAndAdministrativeExpenses": 647000000,
    "sellingAndMarketingExpenses": 0,
    "sellingGeneralAndAdministrativeExpenses": 647000000,
    "otherExpenses": 1119000000,
    "operatingExpenses": 1766000000,
    "costAndExpenses": 1766000000,
    "interestIncome": 956000000,
    "interestExpense": 464000000,
    "depreciationAndAmortization": 123000000,
    "ebitda": 0,
    "ebitdaratio": 0,
    "operatingIncome": 0,
    "operatingIncomeRatio": 0,
    "totalOtherIncomeExpensesNet": 608000000,
    "incomeBeforeTax": 608000000,
    "incomeBeforeTaxRatio": 0.3442808607,
    "incomeTaxExpense": 203000000,
    "netIncome": 405000000,
    "netIncomeRatio": 0.2293318233,
    "eps": 0.53,
    "epsdiluted": 0.52,
    "weightedAverageShsOut": 764000000,
    "weightedAverageShsOutDil": 774000000,
    "link": "",
    "finalLink": ""
  },
  {
    "date": "2005-09-30",
    "symbol": "BK",
    "reportedCurrency": "USD",
    "cik": "0001390777",
    "fillingDate": "2005-09-30",
    "acceptedDate": "2005-09-29 20:00:00",
    "calendarYear": "2005",
    "period": "Q3",
    "revenue": 1531000000,
    "costOfRevenue": 0,
    "grossProfit": 1531000000,
    "grossProfitRatio": 1,
    "researchAndDevelopmentExpenses": 0,
    "generalAndAdministrativeExpenses": 585000000,
    "sellingAndMarketingExpenses": 0,
    "sellingGeneralAndAdministrativeExpenses": 585000000,
    "otherExpenses": 946000000,
    "operatingExpenses": 1531000000,
    "costAndExpenses": 1531000000,
    "interestIncome": 693000000,
    "interestExpense": 347000000,
    "depreciationAndAmortization": 89000000,
    "ebitda": 0,
    "ebitdaratio": 0,
    "operatingIncome": 0,
    "operatingIncomeRatio": 0,
    "totalOtherIncomeExpensesNet": 490000000,
    "incomeBeforeTax": 490000000,
    "incomeBeforeTaxRatio": 0.3200522534,
    "incomeTaxExpense": 157000000,
    "netIncome": 389000000,
    "netIncomeRatio": 0.2540822992,
    "eps": 0.51,
    "epsdiluted": 0.51,
    "weightedAverageShsOut": 761000000,
    "weightedAverageShsOutDil": 769000000,
    "link": "",
    "finalLink": ""
  },
  {
    "date": "2005-06-30",
    "symbol": "BK",
    "reportedCurrency": "USD",
    "cik": "0001390777",
    "fillingDate": "2005-06-30",
    "acceptedDate": "2005-06-29 20:00:00",
    "calendarYear": "2005",
    "period": "Q2",
    "revenue": 1523000000,
    "costOfRevenue": 0,
    "grossProfit": 1523000000,
    "grossProfitRatio": 1,
    "researchAndDevelopmentExpenses": 0,
    "generalAndAdministrativeExpenses": 581000000,
    "sellingAndMarketingExpenses": 0,
    "sellingGeneralAndAdministrativeExpenses": 581000000,
    "otherExpenses": 942000000,
    "operatingExpenses": 1523000000,
    "costAndExpenses": 1523000000,
    "interestIncome": 634000000,
    "interestExpense": 305000000,
    "depreciationAndAmortization": 103000000,
    "ebitda": 0,
    "ebitdaratio": 0,
    "operatingIncome": 0,
    "operatingIncomeRatio": 0,
    "totalOtherIncomeExpensesNet": 505000000,
    "incomeBeforeTax": 505000000,
    "incomeBeforeTaxRatio": 0.3315824032,
    "incomeTaxExpense": 162000000,
    "netIncome": 398000000,
    "netIncomeRatio": 0.2613263296,
    "eps": 0.52,
    "epsdiluted": 0.52,
    "weightedAverageShsOut": 765000000,
    "weightedAverageShsOutDil": 772000000,
    "link": "",
    "finalLink": ""
  },
  {
    "date": "2005-03-31",
    "symbol": "BK",
    "reportedCurrency": "USD",
    "cik": "0001390777",
    "fillingDate": "2005-03-31",
    "acceptedDate": "2005-03-30 19:00:00",
    "calendarYear": "2005",
    "period": "Q1",
    "revenue": 1633000000,
    "costOfRevenue": 0,
    "grossProfit": 1633000000,
    "grossProfitRatio": 1,
    "researchAndDevelopmentExpenses": 0,
    "generalAndAdministrativeExpenses": 618000000,
    "sellingAndMarketingExpenses": 0,
    "sellingGeneralAndAdministrativeExpenses": 618000000,
    "otherExpenses": 1015000000,
    "operatingExpenses": 1633000000,
    "costAndExpenses": 1633000000,
    "interestIncome": 726000000,
    "interestExpense": 271000000,
    "depreciationAndAmortization": 178000000,
    "ebitda": 0,
    "ebitdaratio": 0,
    "operatingIncome": 0,
    "operatingIncomeRatio": 0,
    "totalOtherIncomeExpensesNet": 566000000,
    "incomeBeforeTax": 566000000,
    "incomeBeforeTaxRatio": 0.3466013472,
    "incomeTaxExpense": 187000000,
    "netIncome": 379000000,
    "netIncomeRatio": 0.2320881813,
    "eps": 0.49,
    "epsdiluted": 0.49,
    "weightedAverageShsOut": 771000000,
    "weightedAverageShsOutDil": 779000000,
    "link": "",
    "finalLink": ""
  },
  {
    "date": "2004-12-31",
    "symbol": "BK",
    "reportedCurrency": "USD",
    "cik": "0001390777",
    "fillingDate": "2004-12-31",
    "acceptedDate": "2004-12-30 19:00:00",
    "calendarYear": "2004",
    "period": "Q4",
    "revenue": 1713000000,
    "costOfRevenue": 0,
    "grossProfit": 1713000000,
    "grossProfitRatio": 1,
    "researchAndDevelopmentExpenses": 0,
    "generalAndAdministrativeExpenses": 616000000,
    "sellingAndMarketingExpenses": 0,
    "sellingGeneralAndAdministrativeExpenses": 616000000,
    "otherExpenses": 1097000000,
    "operatingExpenses": 1713000000,
    "costAndExpenses": 1713000000,
    "interestIncome": 781000000,
    "interestExpense": 254000000,
    "depreciationAndAmortization": 113000000,
    "ebitda": 0,
    "ebitdaratio": 0,
    "operatingIncome": 0,
    "operatingIncomeRatio": 0,
    "totalOtherIncomeExpensesNet": 623000000,
    "incomeBeforeTax": 633000000,
    "incomeBeforeTaxRatio": 0.3695271454,
    "incomeTaxExpense": 272000000,
    "netIncome": 351000000,
    "netIncomeRatio": 0.2049036778,
    "eps": 0.46,
    "epsdiluted": 0.45,
    "weightedAverageShsOut": 771000000,
    "weightedAverageShsOutDil": 779000000,
    "link": "",
    "finalLink": ""
  },
  {
    "date": "2004-09-30",
    "symbol": "BK",
    "reportedCurrency": "USD",
    "cik": "0001390777",
    "fillingDate": "2004-09-30",
    "acceptedDate": "2004-09-29 20:00:00",
    "calendarYear": "2004",
    "period": "Q3",
    "revenue": 1527000000,
    "costOfRevenue": 0,
    "grossProfit": 1527000000,
    "grossProfitRatio": 1,
    "researchAndDevelopmentExpenses": 0,
    "generalAndAdministrativeExpenses": 564000000,
    "sellingAndMarketingExpenses": 0,
    "sellingGeneralAndAdministrativeExpenses": 564000000,
    "otherExpenses": 963000000,
    "operatingExpenses": 1527000000,
    "costAndExpenses": 1527000000,
    "interestIncome": 629000000,
    "interestExpense": 201000000,
    "depreciationAndAmortization": 133000000,
    "ebitda": 0,
    "ebitdaratio": 0,
    "operatingIncome": 0,
    "operatingIncomeRatio": 0,
    "totalOtherIncomeExpensesNet": 528000000,
    "incomeBeforeTax": 538000000,
    "incomeBeforeTaxRatio": 0.3523248199,
    "incomeTaxExpense": 174000000,
    "netIncome": 354000000,
    "netIncomeRatio": 0.231827112,
    "eps": 0.46,
    "epsdiluted": 0.46,
    "weightedAverageShsOut": 772000000,
    "weightedAverageShsOutDil": 778000000,
    "link": "",
    "finalLink": ""
  },
  {
    "date": "2004-06-30",
    "symbol": "BK",
    "reportedCurrency": "USD",
    "cik": "0001390777",
    "fillingDate": "2004-06-30",
    "acceptedDate": "2004-06-29 20:00:00",
    "calendarYear": "2004",
    "period": "Q2",
    "revenue": 1587000000,
    "costOfRevenue": 0,
    "grossProfit": 1587000000,
    "grossProfitRatio": 1,
    "researchAndDevelopmentExpenses": 0,
    "generalAndAdministrativeExpenses": 570000000,
    "sellingAndMarketingExpenses": 0,
    "sellingGeneralAndAdministrativeExpenses": 570000000,
    "otherExpenses": 1017000000,
    "operatingExpenses": 1587000000,
    "costAndExpenses": 1587000000,
    "interestIncome": 601000000,
    "interestExpense": 180000000,
    "depreciationAndAmortization": 115000000,
    "ebitda": 0,
    "ebitdaratio": 0,
    "operatingIncome": 0,
    "operatingIncomeRatio": 0,
    "totalOtherIncomeExpensesNet": 565000000,
    "incomeBeforeTax": 565000000,
    "incomeBeforeTaxRatio": 0.3560176434,
    "incomeTaxExpense": 194000000,
    "netIncome": 371000000,
    "netIncomeRatio": 0.2337744171,
    "eps": 0.48,
    "epsdiluted": 0.48,
    "weightedAverageShsOut": 772000000,
    "weightedAverageShsOutDil": 779000000,
    "link": "",
    "finalLink": ""
  },
  {
    "date": "2004-03-31",
    "symbol": "BK",
    "reportedCurrency": "USD",
    "cik": "0001390777",
    "fillingDate": "2004-03-31",
    "acceptedDate": "2004-03-30 19:00:00",
    "calendarYear": "2004",
    "period": "Q1",
    "revenue": 1498000000,
    "costOfRevenue": 0,
    "grossProfit": 1498000000,
    "grossProfitRatio": 1,
    "researchAndDevelopmentExpenses": 0,
    "generalAndAdministrativeExpenses": 574000000,
    "sellingAndMarketingExpenses": 0,
    "sellingGeneralAndAdministrativeExpenses": 574000000,
    "otherExpenses": 924000000,
    "operatingExpenses": 1498000000,
    "costAndExpenses": 1498000000,
    "interestIncome": 441000000,
    "interestExpense": 173000000,
    "depreciationAndAmortization": 119000000,
    "ebitda": 0,
    "ebitdaratio": 0,
    "operatingIncome": 0,
    "operatingIncomeRatio": 0,
    "totalOtherIncomeExpensesNet": 473000000,
    "incomeBeforeTax": 473000000,
    "incomeBeforeTaxRatio": 0.3157543391,
    "incomeTaxExpense": 109000000,
    "netIncome": 364000000,
    "netIncomeRatio": 0.2429906542,
    "eps": 0.47,
    "epsdiluted": 0.47,
    "weightedAverageShsOut": 771000000,
    "weightedAverageShsOutDil": 778000000,
    "link": "",
    "finalLink": ""
  },
  {
    "date": "2003-12-31",
    "symbol": "BK",
    "reportedCurrency": "USD",
    "cik": "0001390777",
    "fillingDate": "2003-12-31",
    "acceptedDate": "2003-12-30 19:00:00",
    "calendarYear": "2003",
    "period": "Q4",
    "revenue": 1521000000,
    "costOfRevenue": 0,
    "grossProfit": 1521000000,
    "grossProfitRatio": 1,
    "researchAndDevelopmentExpenses": 0,
    "generalAndAdministrativeExpenses": 548000000,
    "sellingAndMarketingExpenses": 0,
    "sellingGeneralAndAdministrativeExpenses": 548000000,
    "otherExpenses": 973000000,
    "operatingExpenses": 1521000000,
    "costAndExpenses": 1521000000,
    "interestIncome": 585000000,
    "interestExpense": 166000000,
    "depreciationAndAmortization": 123000000,
    "ebitda": 0,
    "ebitdaratio": 0,
    "operatingIncome": 0,
    "operatingIncomeRatio": 0,
    "totalOtherIncomeExpensesNet": 469000000,
    "incomeBeforeTax": 469000000,
    "incomeBeforeTaxRatio": 0.3083497699,
    "incomeTaxExpense": 162000000,
    "netIncome": 307000000,
    "netIncomeRatio": 0.2018408941,
    "eps": 0.4,
    "epsdiluted": 0.39,
    "weightedAverageShsOut": 771000000,
    "weightedAverageShsOutDil": 778000000,
    "link": "",
    "finalLink": ""
  },
  {
    "date": "2003-09-30",
    "symbol": "BK",
    "reportedCurrency": "USD",
    "cik": "0001390777",
    "fillingDate": "2003-09-30",
    "acceptedDate": "2003-09-29 20:00:00",
    "calendarYear": "2003",
    "period": "Q3",
    "revenue": 1470000000,
    "costOfRevenue": 0,
    "grossProfit": 1470000000,
    "grossProfitRatio": 1,
    "researchAndDevelopmentExpenses": 0,
    "generalAndAdministrativeExpenses": 533000000,
    "sellingAndMarketingExpenses": 0,
    "sellingGeneralAndAdministrativeExpenses": 533000000,
    "otherExpenses": 937000000,
    "operatingExpenses": 1470000000,
    "costAndExpenses": 1470000000,
    "interestIncome": 575000000,
    "interestExpense": 168000000,
    "depreciationAndAmortization": 113000000,
    "ebitda": 0,
    "ebitdaratio": 0,
    "operatingIncome": 0,
    "operatingIncomeRatio": 0,
    "totalOtherIncomeExpensesNet": 391000000,
    "incomeBeforeTax": 391000000,
    "incomeBeforeTaxRatio": 0.2659863946,
    "incomeTaxExpense": 131000000,
    "netIncome": 260000000,
    "netIncomeRatio": 0.1768707483,
    "eps": 0.34,
    "epsdiluted": 0.34,
    "weightedAverageShsOut": 766000000,
    "weightedAverageShsOutDil": 774000000,
    "link": "",
    "finalLink": ""
  },
  {
    "date": "2003-06-30",
    "symbol": "BK",
    "reportedCurrency": "USD",
    "cik": "0001390777",
    "fillingDate": "2003-06-30",
    "acceptedDate": "2003-06-29 20:00:00",
    "calendarYear": "2003",
    "period": "Q2",
    "revenue": 1394000000,
    "costOfRevenue": 0,
    "grossProfit": 1394000000,
    "grossProfitRatio": 1,
    "researchAndDevelopmentExpenses": 0,
    "generalAndAdministrativeExpenses": 498000000,
    "sellingAndMarketingExpenses": 0,
    "sellingGeneralAndAdministrativeExpenses": 498000000,
    "otherExpenses": 896000000,
    "operatingExpenses": 1394000000,
    "costAndExpenses": 1394000000,
    "interestIncome": 595000000,
    "interestExpense": 197000000,
    "depreciationAndAmortization": 105000000,
    "ebitda": 0,
    "ebitdaratio": 0,
    "operatingIncome": 0,
    "operatingIncomeRatio": 0,
    "totalOtherIncomeExpensesNet": 451000000,
    "incomeBeforeTax": 451000000,
    "incomeBeforeTaxRatio": 0.3235294118,
    "incomeTaxExpense": 156000000,
    "netIncome": 295000000,
    "netIncomeRatio": 0.2116212339,
    "eps": 0.39,
    "epsdiluted": 0.39,
    "weightedAverageShsOut": 751000000,
    "weightedAverageShsOutDil": 757000000,
    "link": "",
    "finalLink": ""
  },
  {
    "date": "2003-03-31",
    "symbol": "BK",
    "reportedCurrency": "USD",
    "cik": "0001390777",
    "fillingDate": "2003-03-31",
    "acceptedDate": "2003-03-30 19:00:00",
    "calendarYear": "2003",
    "period": "Q1",
    "revenue": 1230000000,
    "costOfRevenue": 0,
    "grossProfit": 1230000000,
    "grossProfitRatio": 1,
    "researchAndDevelopmentExpenses": 0,
    "generalAndAdministrativeExpenses": 423000000,
    "sellingAndMarketingExpenses": 0,
    "sellingGeneralAndAdministrativeExpenses": 423000000,
    "otherExpenses": 807000000,
    "operatingExpenses": 1230000000,
    "costAndExpenses": 1230000000,
    "interestIncome": 576000000,
    "interestExpense": 190000000,
    "depreciationAndAmortization": 89000000,
    "ebitda": 0,
    "ebitdaratio": 0,
    "operatingIncome": 0,
    "operatingIncomeRatio": 0,
    "totalOtherIncomeExpensesNet": 451000000,
    "incomeBeforeTax": 451000000,
    "incomeBeforeTaxRatio": 0.3666666667,
    "incomeTaxExpense": 156000000,
    "netIncome": 295000000,
    "netIncomeRatio": 0.2398373984,
    "eps": 0.41,
    "epsdiluted": 0.41,
    "weightedAverageShsOut": 722000000,
    "weightedAverageShsOutDil": 726000000,
    "link": "",
    "finalLink": ""
  },
  {
    "date": "2002-12-31",
    "symbol": "BK",
    "reportedCurrency": "USD",
    "cik": "0001390777",
    "fillingDate": "2002-12-31",
    "acceptedDate": "2002-12-30 19:00:00",
    "calendarYear": "2002",
    "period": "Q4",
    "revenue": 1246000000,
    "costOfRevenue": 0,
    "grossProfit": 1246000000,
    "grossProfitRatio": 1,
    "researchAndDevelopmentExpenses": 0,
    "generalAndAdministrativeExpenses": 379000000,
    "sellingAndMarketingExpenses": 0,
    "sellingGeneralAndAdministrativeExpenses": 379000000,
    "otherExpenses": 867000000,
    "operatingExpenses": 1246000000,
    "costAndExpenses": 1246000000,
    "interestIncome": 627000000,
    "interestExpense": 215000000,
    "depreciationAndAmortization": 85000000,
    "ebitda": 0,
    "ebitdaratio": 0,
    "operatingIncome": 0,
    "operatingIncomeRatio": 0,
    "totalOtherIncomeExpensesNet": 156000000,
    "incomeBeforeTax": 156000000,
    "incomeBeforeTaxRatio": 0.1252006421,
    "incomeTaxExpense": 56000000,
    "netIncome": 100000000,
    "netIncomeRatio": 0.0802568218,
    "eps": 0.14,
    "epsdiluted": 0.14,
    "weightedAverageShsOut": 722000000,
    "weightedAverageShsOutDil": 726000000,
    "link": "",
    "finalLink": ""
  },
  {
    "date": "2002-09-30",
    "symbol": "BK",
    "reportedCurrency": "USD",
    "cik": "0001390777",
    "fillingDate": "2002-09-30",
    "acceptedDate": "2002-09-29 20:00:00",
    "calendarYear": "2002",
    "period": "Q3",
    "revenue": 1054000000,
    "costOfRevenue": 0,
    "grossProfit": 1054000000,
    "grossProfitRatio": 1,
    "researchAndDevelopmentExpenses": 0,
    "generalAndAdministrativeExpenses": 397000000,
    "sellingAndMarketingExpenses": 0,
    "sellingGeneralAndAdministrativeExpenses": 397000000,
    "otherExpenses": 657000000,
    "operatingExpenses": 1054000000,
    "costAndExpenses": 1054000000,
    "interestIncome": 649000000,
    "interestExpense": 231000000,
    "depreciationAndAmortization": 56000000,
    "ebitda": 0,
    "ebitdaratio": 0,
    "operatingIncome": 0,
    "operatingIncomeRatio": 0,
    "totalOtherIncomeExpensesNet": 123000000,
    "incomeBeforeTax": 123000000,
    "incomeBeforeTaxRatio": 0.1166982922,
    "incomeTaxExpense": 44000000,
    "netIncome": 79000000,
    "netIncomeRatio": 0.0749525617,
    "eps": 0.11,
    "epsdiluted": 0.11,
    "weightedAverageShsOut": 721000000,
    "weightedAverageShsOutDil": 727000000,
    "link": "",
    "finalLink": ""
  },
  {
    "date": "2002-06-30",
    "symbol": "BK",
    "reportedCurrency": "USD",
    "cik": "0001390777",
    "fillingDate": "2002-06-30",
    "acceptedDate": "2002-06-29 20:00:00",
    "calendarYear": "2002",
    "period": "Q2",
    "revenue": 1278000000,
    "costOfRevenue": 0,
    "grossProfit": 1278000000,
    "grossProfitRatio": 1,
    "researchAndDevelopmentExpenses": 0,
    "generalAndAdministrativeExpenses": 418000000,
    "sellingAndMarketingExpenses": 0,
    "sellingGeneralAndAdministrativeExpenses": 418000000,
    "otherExpenses": 860000000,
    "operatingExpenses": 1278000000,
    "costAndExpenses": 1278000000,
    "interestIncome": 675000000,
    "interestExpense": 252000000,
    "depreciationAndAmortization": 39000000,
    "ebitda": 0,
    "ebitdaratio": 0,
    "operatingIncome": 0,
    "operatingIncomeRatio": 0,
    "totalOtherIncomeExpensesNet": 547000000,
    "incomeBeforeTax": 547000000,
    "incomeBeforeTaxRatio": 0.4280125196,
    "incomeTaxExpense": 186000000,
    "netIncome": 361000000,
    "netIncomeRatio": 0.2824726135,
    "eps": 0.5,
    "epsdiluted": 0.5,
    "weightedAverageShsOut": 722000000,
    "weightedAverageShsOutDil": 729000000,
    "link": "",
    "finalLink": ""
  },
  {
    "date": "2002-03-31",
    "symbol": "BK",
    "reportedCurrency": "USD",
    "cik": "0001390777",
    "fillingDate": "2002-03-31",
    "acceptedDate": "2002-03-30 19:00:00",
    "calendarYear": "2002",
    "period": "Q1",
    "revenue": 1222000000,
    "costOfRevenue": 0,
    "grossProfit": 1222000000,
    "grossProfitRatio": 1,
    "researchAndDevelopmentExpenses": 0,
    "generalAndAdministrativeExpenses": 384000000,
    "sellingAndMarketingExpenses": 0,
    "sellingGeneralAndAdministrativeExpenses": 384000000,
    "otherExpenses": 838000000,
    "operatingExpenses": 1222000000,
    "costAndExpenses": 1222000000,
    "interestIncome": 662000000,
    "interestExpense": 250000000,
    "depreciationAndAmortization": 52000000,
    "ebitda": 0,
    "ebitdaratio": 0,
    "operatingIncome": 0,
    "operatingIncomeRatio": 0,
    "totalOtherIncomeExpensesNet": 546000000,
    "incomeBeforeTax": 546000000,
    "incomeBeforeTaxRatio": 0.4468085106,
    "incomeTaxExpense": 184000000,
    "netIncome": 362000000,
    "netIncomeRatio": 0.2962356792,
    "eps": 0.5,
    "epsdiluted": 0.5,
    "weightedAverageShsOut": 722000000,
    "weightedAverageShsOutDil": 730000000,
    "link": "",
    "finalLink": ""
  },
  {
    "date": "2001-12-31",
    "symbol": "BK",
    "reportedCurrency": "USD",
    "cik": "0001390777",
    "fillingDate": "2001-12-31",
    "acceptedDate": "2001-12-30 19:00:00",
    "calendarYear": "2001",
    "period": "Q4",
    "revenue": 1363000000,
    "costOfRevenue": 0,
    "grossProfit": 1363000000,
    "grossProfitRatio": 1,
    "researchAndDevelopmentExpenses": 0,
    "generalAndAdministrativeExpenses": 386000000,
    "sellingAndMarketingExpenses": 0,
    "sellingGeneralAndAdministrativeExpenses": 386000000,
    "otherExpenses": 977000000,
    "operatingExpenses": 1363000000,
    "costAndExpenses": 1363000000,
    "interestIncome": 741000000,
    "interestExpense": 382000000,
    "depreciationAndAmortization": 82000000,
    "ebitda": 0,
    "ebitdaratio": 0,
    "operatingIncome": 0,
    "operatingIncomeRatio": 0,
    "totalOtherIncomeExpensesNet": 500000000,
    "incomeBeforeTax": 500000000,
    "incomeBeforeTaxRatio": 0.3668378577,
    "incomeTaxExpense": 169000000,
    "netIncome": 331000000,
    "netIncomeRatio": 0.2428466618,
    "eps": 0.46,
    "epsdiluted": 0.45,
    "weightedAverageShsOut": 722000000,
    "weightedAverageShsOutDil": 730000000,
    "link": "",
    "finalLink": ""
  },
  {
    "date": "2001-09-30",
    "symbol": "BK",
    "reportedCurrency": "USD",
    "cik": "0001390777",
    "fillingDate": "2001-09-30",
    "acceptedDate": "2001-09-29 20:00:00",
    "calendarYear": "2001",
    "period": "Q3",
    "revenue": 1217000000,
    "costOfRevenue": 0,
    "grossProfit": 1217000000,
    "grossProfitRatio": 1,
    "researchAndDevelopmentExpenses": 0,
    "generalAndAdministrativeExpenses": 418000000,
    "sellingAndMarketingExpenses": 0,
    "sellingGeneralAndAdministrativeExpenses": 418000000,
    "otherExpenses": 798000000,
    "operatingExpenses": 1217000000,
    "costAndExpenses": 1217000000,
    "interestIncome": 922000000,
    "interestExpense": 535000000,
    "depreciationAndAmortization": 75000000,
    "ebitda": 0,
    "ebitdaratio": 0,
    "operatingIncome": 0,
    "operatingIncomeRatio": 0,
    "totalOtherIncomeExpensesNet": 356000000,
    "incomeBeforeTax": 356000000,
    "incomeBeforeTaxRatio": 0.2925225965,
    "incomeTaxExpense": 113000000,
    "netIncome": 243000000,
    "netIncomeRatio": 0.1996713229,
    "eps": 0.33,
    "epsdiluted": 0.33,
    "weightedAverageShsOut": 731000000,
    "weightedAverageShsOutDil": 741000000,
    "link": "",
    "finalLink": ""
  },
  {
    "date": "2001-06-30",
    "symbol": "BK",
    "reportedCurrency": "USD",
    "cik": "0001390777",
    "fillingDate": "2001-06-30",
    "acceptedDate": "2001-06-29 20:00:00",
    "calendarYear": "2001",
    "period": "Q2",
    "revenue": 1295000000,
    "costOfRevenue": 0,
    "grossProfit": 1295000000,
    "grossProfitRatio": 1,
    "researchAndDevelopmentExpenses": 0,
    "generalAndAdministrativeExpenses": 391000000,
    "sellingAndMarketingExpenses": 0,
    "sellingGeneralAndAdministrativeExpenses": 391000000,
    "otherExpenses": 902000000,
    "operatingExpenses": 1295000000,
    "costAndExpenses": 1295000000,
    "interestIncome": 925000000,
    "interestExpense": 495000000,
    "depreciationAndAmortization": 63000000,
    "ebitda": 0,
    "ebitdaratio": 0,
    "operatingIncome": 0,
    "operatingIncomeRatio": 0,
    "totalOtherIncomeExpensesNet": 601000000,
    "incomeBeforeTax": 601000000,
    "incomeBeforeTaxRatio": 0.4640926641,
    "incomeTaxExpense": 216000000,
    "netIncome": 385000000,
    "netIncomeRatio": 0.2972972973,
    "eps": 0.53,
    "epsdiluted": 0.52,
    "weightedAverageShsOut": 731000000,
    "weightedAverageShsOutDil": 742000000,
    "link": "",
    "finalLink": ""
  },
  {
    "date": "2001-03-31",
    "symbol": "BK",
    "reportedCurrency": "USD",
    "cik": "0001390777",
    "fillingDate": "2001-03-31",
    "acceptedDate": "2001-03-30 19:00:00",
    "calendarYear": "2001",
    "period": "Q1",
    "revenue": 1313000000,
    "costOfRevenue": 0,
    "grossProfit": 1313000000,
    "grossProfitRatio": 1,
    "researchAndDevelopmentExpenses": 0,
    "generalAndAdministrativeExpenses": 394000000,
    "sellingAndMarketingExpenses": 0,
    "sellingGeneralAndAdministrativeExpenses": 394000000,
    "otherExpenses": 919000000,
    "operatingExpenses": 1313000000,
    "costAndExpenses": 1313000000,
    "interestIncome": 1033000000,
    "interestExpense": 578000000,
    "depreciationAndAmortization": 64000000,
    "ebitda": 0,
    "ebitdaratio": 0,
    "operatingIncome": 0,
    "operatingIncomeRatio": 0,
    "totalOtherIncomeExpensesNet": 602000000,
    "incomeBeforeTax": 602000000,
    "incomeBeforeTaxRatio": 0.458492003,
    "incomeTaxExpense": 218000000,
    "netIncome": 384000000,
    "netIncomeRatio": 0.2924600152,
    "eps": 0.52,
    "epsdiluted": 0.52,
    "weightedAverageShsOut": 732000000,
    "weightedAverageShsOutDil": 743000000,
    "link": "",
    "finalLink": ""
  },
  {
    "date": "2000-12-31",
    "symbol": "BK",
    "reportedCurrency": "USD",
    "cik": "0001390777",
    "fillingDate": "2000-12-31",
    "acceptedDate": "2000-12-30 19:00:00",
    "calendarYear": "2000",
    "period": "Q4",
    "revenue": 1288000000,
    "costOfRevenue": 0,
    "grossProfit": 1288000000,
    "grossProfitRatio": 1,
    "researchAndDevelopmentExpenses": 0,
    "generalAndAdministrativeExpenses": 391000000,
    "sellingAndMarketingExpenses": 0,
    "sellingGeneralAndAdministrativeExpenses": 391000000,
    "otherExpenses": 897000000,
    "operatingExpenses": 1288000000,
    "costAndExpenses": 1288000000,
    "interestIncome": 1130000000,
    "interestExpense": 649000000,
    "depreciationAndAmortization": 63000000,
    "ebitda": 0,
    "ebitdaratio": 0,
    "operatingIncome": 0,
    "operatingIncomeRatio": 0,
    "totalOtherIncomeExpensesNet": 580000000,
    "incomeBeforeTax": 580000000,
    "incomeBeforeTaxRatio": 0.450310559,
    "incomeTaxExpense": 208000000,
    "netIncome": 372000000,
    "netIncomeRatio": 0.2888198758,
    "eps": 0.51,
    "epsdiluted": 0.5,
    "weightedAverageShsOut": 732000000,
    "weightedAverageShsOutDil": 743000000,
    "link": "",
    "finalLink": ""
  },
  {
    "date": "2000-09-30",
    "symbol": "BK",
    "reportedCurrency": "USD",
    "cik": "0001390777",
    "fillingDate": "2000-09-30",
    "acceptedDate": "2000-09-29 20:00:00",
    "calendarYear": "2000",
    "period": "Q3",
    "revenue": 1264000000,
    "costOfRevenue": 0,
    "grossProfit": 1264000000,
    "grossProfitRatio": 1,
    "researchAndDevelopmentExpenses": 0,
    "generalAndAdministrativeExpenses": 371000000,
    "sellingAndMarketingExpenses": 0,
    "sellingGeneralAndAdministrativeExpenses": 371000000,
    "otherExpenses": 893000000,
    "operatingExpenses": 1264000000,
    "costAndExpenses": 1264000000,
    "interestIncome": 1107000000,
    "interestExpense": 628000000,
    "depreciationAndAmortization": 62000000,
    "ebitda": 0,
    "ebitdaratio": 0,
    "operatingIncome": 0,
    "operatingIncomeRatio": 0,
    "totalOtherIncomeExpensesNet": 576000000,
    "incomeBeforeTax": 576000000,
    "incomeBeforeTaxRatio": 0.4556962025,
    "incomeTaxExpense": 213000000,
    "netIncome": 363000000,
    "netIncomeRatio": 0.2871835443,
    "eps": 0.49,
    "epsdiluted": 0.49,
    "weightedAverageShsOut": 734000000,
    "weightedAverageShsOutDil": 747000000,
    "link": "",
    "finalLink": ""
  },
  {
    "date": "2000-06-30",
    "symbol": "BK",
    "reportedCurrency": "USD",
    "cik": "0001390777",
    "fillingDate": "2000-06-30",
    "acceptedDate": "2000-06-29 20:00:00",
    "calendarYear": "2000",
    "period": "Q2",
    "revenue": 1243000000,
    "costOfRevenue": 0,
    "grossProfit": 1243000000,
    "grossProfitRatio": 1,
    "researchAndDevelopmentExpenses": 0,
    "generalAndAdministrativeExpenses": 366000000,
    "sellingAndMarketingExpenses": 0,
    "sellingGeneralAndAdministrativeExpenses": 366000000,
    "otherExpenses": 877000000,
    "operatingExpenses": 1243000000,
    "costAndExpenses": 1243000000,
    "interestIncome": 1107000000,
    "interestExpense": 644000000,
    "depreciationAndAmortization": 61000000,
    "ebitda": 0,
    "ebitdaratio": 0,
    "operatingIncome": 0,
    "operatingIncomeRatio": 0,
    "totalOtherIncomeExpensesNet": 562000000,
    "incomeBeforeTax": 562000000,
    "incomeBeforeTaxRatio": 0.4521319389,
    "incomeTaxExpense": 206000000,
    "netIncome": 356000000,
    "netIncomeRatio": 0.2864038616,
    "eps": 0.49,
    "epsdiluted": 0.48,
    "weightedAverageShsOut": 733000000,
    "weightedAverageShsOutDil": 745000000,
    "link": "",
    "finalLink": ""
  },
  {
    "date": "2000-03-31",
    "symbol": "BK",
    "reportedCurrency": "USD",
    "cik": "0001390777",
    "fillingDate": "2000-03-31",
    "acceptedDate": "2000-03-30 19:00:00",
    "calendarYear": "2000",
    "period": "Q1",
    "revenue": 1184000000,
    "costOfRevenue": 0,
    "grossProfit": 1184000000,
    "grossProfitRatio": 1,
    "researchAndDevelopmentExpenses": 0,
    "generalAndAdministrativeExpenses": 359000000,
    "sellingAndMarketingExpenses": 0,
    "sellingGeneralAndAdministrativeExpenses": 359000000,
    "otherExpenses": 825000000,
    "operatingExpenses": 1184000000,
    "costAndExpenses": 1184000000,
    "interestIncome": 1033000000,
    "interestExpense": 586000000,
    "depreciationAndAmortization": 61000000,
    "ebitda": 0,
    "ebitdaratio": 0,
    "operatingIncome": 0,
    "operatingIncomeRatio": 0,
    "totalOtherIncomeExpensesNet": 534000000,
    "incomeBeforeTax": 534000000,
    "incomeBeforeTaxRatio": 0.4510135135,
    "incomeTaxExpense": 196000000,
    "netIncome": 338000000,
    "netIncomeRatio": 0.285472973,
    "eps": 0.46,
    "epsdiluted": 0.46,
    "weightedAverageShsOut": 732000000,
    "weightedAverageShsOutDil": 741000000,
    "link": "",
    "finalLink": ""
  },
  {
    "date": "1999-12-31",
    "symbol": "BK",
    "reportedCurrency": "USD",
    "cik": "0001390777",
    "fillingDate": "1999-12-31",
    "acceptedDate": "1999-12-30 19:00:00",
    "calendarYear": "1999",
    "period": "Q4",
    "revenue": 1127000000,
    "costOfRevenue": 0,
    "grossProfit": 1127000000,
    "grossProfitRatio": 1,
    "researchAndDevelopmentExpenses": 0,
    "generalAndAdministrativeExpenses": 329000000,
    "sellingAndMarketingExpenses": 0,
    "sellingGeneralAndAdministrativeExpenses": 329000000,
    "otherExpenses": 798000000,
    "operatingExpenses": 1127000000,
    "costAndExpenses": 1127000000,
    "interestIncome": 943000000,
    "interestExpense": 502000000,
    "depreciationAndAmortization": 59000000,
    "ebitda": 0,
    "ebitdaratio": 0,
    "operatingIncome": 0,
    "operatingIncomeRatio": 0,
    "totalOtherIncomeExpensesNet": 514000000,
    "incomeBeforeTax": 514000000,
    "incomeBeforeTaxRatio": 0.4560780834,
    "incomeTaxExpense": 186000000,
    "netIncome": 328000000,
    "netIncomeRatio": 0.2910381544,
    "eps": 0.45,
    "epsdiluted": 0.44,
    "weightedAverageShsOut": 732000000,
    "weightedAverageShsOutDil": 741000000,
    "link": "",
    "finalLink": ""
  },
  {
    "date": "1999-09-30",
    "symbol": "BK",
    "reportedCurrency": "USD",
    "cik": "0001390777",
    "fillingDate": "1999-09-30",
    "acceptedDate": "1999-09-29 20:00:00",
    "calendarYear": "1999",
    "period": "Q3",
    "revenue": 1948000000,
    "costOfRevenue": 0,
    "grossProfit": 1948000000,
    "grossProfitRatio": 1,
    "researchAndDevelopmentExpenses": 0,
    "generalAndAdministrativeExpenses": 300000000,
    "sellingAndMarketingExpenses": 0,
    "sellingGeneralAndAdministrativeExpenses": 300000000,
    "otherExpenses": 1648000000,
    "operatingExpenses": 1948000000,
    "costAndExpenses": 1948000000,
    "interestIncome": 834000000,
    "interestExpense": 417000000,
    "depreciationAndAmortization": 50000000,
    "ebitda": 0,
    "ebitdaratio": 0,
    "operatingIncome": 0,
    "operatingIncomeRatio": 0,
    "totalOtherIncomeExpensesNet": 1315000000,
    "incomeBeforeTax": 1315000000,
    "incomeBeforeTaxRatio": 0.6750513347,
    "incomeTaxExpense": 542000000,
    "netIncome": 773000000,
    "netIncomeRatio": 0.3968172485,
    "eps": 1.04,
    "epsdiluted": 1.02,
    "weightedAverageShsOut": 741000000,
    "weightedAverageShsOutDil": 754000000,
    "link": "",
    "finalLink": ""
  },
  {
    "date": "1999-06-30",
    "symbol": "BK",
    "reportedCurrency": "USD",
    "cik": "0001390777",
    "fillingDate": "1999-06-30",
    "acceptedDate": "1999-06-29 20:00:00",
    "calendarYear": "1999",
    "period": "Q2",
    "revenue": 1067000000,
    "costOfRevenue": 0,
    "grossProfit": 1067000000,
    "grossProfitRatio": 1,
    "researchAndDevelopmentExpenses": 0,
    "generalAndAdministrativeExpenses": 311000000,
    "sellingAndMarketingExpenses": 0,
    "sellingGeneralAndAdministrativeExpenses": 311000000,
    "otherExpenses": 756000000,
    "operatingExpenses": 1067000000,
    "costAndExpenses": 1067000000,
    "interestIncome": 839000000,
    "interestExpense": 423000000,
    "depreciationAndAmortization": 57000000,
    "ebitda": 0,
    "ebitdaratio": 0,
    "operatingIncome": 0,
    "operatingIncomeRatio": 0,
    "totalOtherIncomeExpensesNet": 511000000,
    "incomeBeforeTax": 511000000,
    "incomeBeforeTaxRatio": 0.4789128397,
    "incomeTaxExpense": 188000000,
    "netIncome": 323000000,
    "netIncomeRatio": 0.3027179007,
    "eps": 0.42,
    "epsdiluted": 0.42,
    "weightedAverageShsOut": 761000000,
    "weightedAverageShsOutDil": 773000000,
    "link": "",
    "finalLink": ""
  },
  {
    "date": "1999-03-31",
    "symbol": "BK",
    "reportedCurrency": "USD",
    "cik": "0001390777",
    "fillingDate": "1999-03-31",
    "acceptedDate": "1999-03-30 19:00:00",
    "calendarYear": "1999",
    "period": "Q1",
    "revenue": 1052000000,
    "costOfRevenue": 0,
    "grossProfit": 1052000000,
    "grossProfitRatio": 1,
    "researchAndDevelopmentExpenses": 0,
    "generalAndAdministrativeExpenses": 312000000,
    "sellingAndMarketingExpenses": 0,
    "sellingGeneralAndAdministrativeExpenses": 312000000,
    "otherExpenses": 740000000,
    "operatingExpenses": 1052000000,
    "costAndExpenses": 1052000000,
    "interestIncome": 857000000,
    "interestExpense": 430000000,
    "depreciationAndAmortization": 49000000,
    "ebitda": 0,
    "ebitdaratio": 0,
    "operatingIncome": 0,
    "operatingIncomeRatio": 0,
    "totalOtherIncomeExpensesNet": 500000000,
    "incomeBeforeTax": 500000000,
    "incomeBeforeTaxRatio": 0.4752851711,
    "incomeTaxExpense": 184000000,
    "netIncome": 316000000,
    "netIncomeRatio": 0.3003802281,
    "eps": 0.41,
    "epsdiluted": 0.41,
    "weightedAverageShsOut": 766000000,
    "weightedAverageShsOutDil": 779000000,
    "link": "",
    "finalLink": ""
  },
  {
    "date": "1998-12-31",
    "symbol": "BK",
    "reportedCurrency": "USD",
    "cik": "0001390777",
    "fillingDate": "1998-12-31",
    "acceptedDate": "1998-12-30 19:00:00",
    "calendarYear": "1998",
    "period": "Q4",
    "revenue": 1031000000,
    "costOfRevenue": 0,
    "grossProfit": 1031000000,
    "grossProfitRatio": 1,
    "researchAndDevelopmentExpenses": 0,
    "generalAndAdministrativeExpenses": 315000000,
    "sellingAndMarketingExpenses": 0,
    "sellingGeneralAndAdministrativeExpenses": 315000000,
    "otherExpenses": 716000000,
    "operatingExpenses": 1031000000,
    "costAndExpenses": 1031000000,
    "interestIncome": 900000000,
    "interestExpense": 467000000,
    "depreciationAndAmortization": 49000000,
    "ebitda": 0,
    "ebitdaratio": 0,
    "operatingIncome": 0,
    "operatingIncomeRatio": 0,
    "totalOtherIncomeExpensesNet": 493000000,
    "incomeBeforeTax": 493000000,
    "incomeBeforeTaxRatio": 0.4781765276,
    "incomeTaxExpense": 180000000,
    "netIncome": 313000000,
    "netIncomeRatio": 0.3035887488,
    "eps": 0.41,
    "epsdiluted": 0.4,
    "weightedAverageShsOut": 766000000,
    "weightedAverageShsOutDil": 779000000,
    "link": "",
    "finalLink": ""
  },
  {
    "date": "1998-09-30",
    "symbol": "BK",
    "reportedCurrency": "USD",
    "cik": "0001390777",
    "fillingDate": "1998-09-30",
    "acceptedDate": "1998-09-29 20:00:00",
    "calendarYear": "1998",
    "period": "Q3",
    "revenue": 987000000,
    "costOfRevenue": 0,
    "grossProfit": 987000000,
    "grossProfitRatio": 1,
    "researchAndDevelopmentExpenses": 0,
    "generalAndAdministrativeExpenses": 294000000,
    "sellingAndMarketingExpenses": 0,
    "sellingGeneralAndAdministrativeExpenses": 294000000,
    "otherExpenses": 693000000,
    "operatingExpenses": 987000000,
    "costAndExpenses": 987000000,
    "interestIncome": 906000000,
    "interestExpense": 491000000,
    "depreciationAndAmortization": 48000000,
    "ebitda": 0,
    "ebitdaratio": 0,
    "operatingIncome": 0,
    "operatingIncomeRatio": 0,
    "totalOtherIncomeExpensesNet": 476000000,
    "incomeBeforeTax": 476000000,
    "incomeBeforeTaxRatio": 0.4822695035,
    "incomeTaxExpense": 175000000,
    "netIncome": 301000000,
    "netIncomeRatio": 0.304964539,
    "eps": 0.4,
    "epsdiluted": 0.39,
    "weightedAverageShsOut": 751000000,
    "weightedAverageShsOutDil": 779000000,
    "link": "",
    "finalLink": ""
  },
  {
    "date": "1998-06-30",
    "symbol": "BK",
    "reportedCurrency": "USD",
    "cik": "0001390777",
    "fillingDate": "1998-06-30",
    "acceptedDate": "1998-06-29 20:00:00",
    "calendarYear": "1998",
    "period": "Q2",
    "revenue": 969000000,
    "costOfRevenue": 0,
    "grossProfit": 969000000,
    "grossProfitRatio": 1,
    "researchAndDevelopmentExpenses": 0,
    "generalAndAdministrativeExpenses": 287000000,
    "sellingAndMarketingExpenses": 0,
    "sellingGeneralAndAdministrativeExpenses": 287000000,
    "otherExpenses": 682000000,
    "operatingExpenses": 969000000,
    "costAndExpenses": 969000000,
    "interestIncome": 870000000,
    "interestExpense": 462000000,
    "depreciationAndAmortization": 46000000,
    "ebitda": 0,
    "ebitdaratio": 0,
    "operatingIncome": 0,
    "operatingIncomeRatio": 0,
    "totalOtherIncomeExpensesNet": 467000000,
    "incomeBeforeTax": 467000000,
    "incomeBeforeTaxRatio": 0.4819401445,
    "incomeTaxExpense": 172000000,
    "netIncome": 295000000,
    "netIncomeRatio": 0.3044375645,
    "eps": 0.39,
    "epsdiluted": 0.38,
    "weightedAverageShsOut": 748000000,
    "weightedAverageShsOutDil": 784000000,
    "link": "",
    "finalLink": ""
  },
  {
    "date": "1998-03-31",
    "symbol": "BK",
    "reportedCurrency": "USD",
    "cik": "0001390777",
    "fillingDate": "1998-03-31",
    "acceptedDate": "1998-03-30 19:00:00",
    "calendarYear": "1998",
    "period": "Q1",
    "revenue": 948000000,
    "costOfRevenue": 0,
    "grossProfit": 948000000,
    "grossProfitRatio": 1,
    "researchAndDevelopmentExpenses": 0,
    "generalAndAdministrativeExpenses": 283000000,
    "sellingAndMarketingExpenses": 0,
    "sellingGeneralAndAdministrativeExpenses": 283000000,
    "otherExpenses": 665000000,
    "operatingExpenses": 948000000,
    "costAndExpenses": 948000000,
    "interestIncome": 834000000,
    "interestExpense": 439000000,
    "depreciationAndAmortization": 44000000,
    "ebitda": 0,
    "ebitdaratio": 0,
    "operatingIncome": 0,
    "operatingIncomeRatio": 0,
    "totalOtherIncomeExpensesNet": 456000000,
    "incomeBeforeTax": 456000000,
    "incomeBeforeTaxRatio": 0.4810126582,
    "incomeTaxExpense": 172000000,
    "netIncome": 284000000,
    "netIncomeRatio": 0.2995780591,
    "eps": 0.38,
    "epsdiluted": 0.36,
    "weightedAverageShsOut": 738000000,
    "weightedAverageShsOutDil": 780000000,
    "link": "",
    "finalLink": ""
  },
  {
    "date": "1997-12-31",
    "symbol": "BK",
    "reportedCurrency": "USD",
    "cik": "0001390777",
    "fillingDate": "1997-12-31",
    "acceptedDate": "1997-12-30 19:00:00",
    "calendarYear": "1997",
    "period": "Q4",
    "revenue": 1089000000,
    "costOfRevenue": 0,
    "grossProfit": 1089000000,
    "grossProfitRatio": 1,
    "researchAndDevelopmentExpenses": 0,
    "generalAndAdministrativeExpenses": 277000000,
    "sellingAndMarketingExpenses": 0,
    "sellingGeneralAndAdministrativeExpenses": 277000000,
    "otherExpenses": 812000000,
    "operatingExpenses": 1089000000,
    "costAndExpenses": 1089000000,
    "interestIncome": 839000000,
    "interestExpense": 439000000,
    "depreciationAndAmortization": 46000000,
    "ebitda": 0,
    "ebitdaratio": 0,
    "operatingIncome": 0,
    "operatingIncomeRatio": 0,
    "totalOtherIncomeExpensesNet": 479000000,
    "incomeBeforeTax": 479000000,
    "incomeBeforeTaxRatio": 0.4398530762,
    "incomeTaxExpense": 181000000,
    "netIncome": 298000000,
    "netIncomeRatio": 0.2736455464,
    "eps": 0.4,
    "epsdiluted": 0.38,
    "weightedAverageShsOut": 738000000,
    "weightedAverageShsOutDil": 780000000,
    "link": "",
    "finalLink": ""
  },
  {
    "date": "1997-09-30",
    "symbol": "BK",
    "reportedCurrency": "USD",
    "cik": "0001390777",
    "fillingDate": "1997-09-30",
    "acceptedDate": "1997-09-29 20:00:00",
    "calendarYear": "1997",
    "period": "Q3",
    "revenue": 990000000,
    "costOfRevenue": 0,
    "grossProfit": 990000000,
    "grossProfitRatio": 1,
    "researchAndDevelopmentExpenses": 0,
    "generalAndAdministrativeExpenses": 269000000,
    "sellingAndMarketingExpenses": 0,
    "sellingGeneralAndAdministrativeExpenses": 269000000,
    "otherExpenses": 721000000,
    "operatingExpenses": 990000000,
    "costAndExpenses": 990000000,
    "interestIncome": 921000000,
    "interestExpense": 435000000,
    "depreciationAndAmortization": 52000000,
    "ebitda": 0,
    "ebitdaratio": 0,
    "operatingIncome": 0,
    "operatingIncomeRatio": 0,
    "totalOtherIncomeExpensesNet": 438000000,
    "incomeBeforeTax": 438000000,
    "incomeBeforeTaxRatio": 0.4424242424,
    "incomeTaxExpense": 165000000,
    "netIncome": 273000000,
    "netIncomeRatio": 0.2757575758,
    "eps": 0.36,
    "epsdiluted": 0.34,
    "weightedAverageShsOut": 750000000,
    "weightedAverageShsOutDil": 794118000,
    "link": "",
    "finalLink": ""
  },
  {
    "date": "1997-06-30",
    "symbol": "BK",
    "reportedCurrency": "USD",
    "cik": "0001390777",
    "fillingDate": "1997-06-30",
    "acceptedDate": "1997-06-29 20:00:00",
    "calendarYear": "1997",
    "period": "Q2",
    "revenue": 970000000,
    "costOfRevenue": 0,
    "grossProfit": 970000000,
    "grossProfitRatio": 1,
    "researchAndDevelopmentExpenses": 0,
    "generalAndAdministrativeExpenses": 263000000,
    "sellingAndMarketingExpenses": 0,
    "sellingGeneralAndAdministrativeExpenses": 263000000,
    "otherExpenses": 707000000,
    "operatingExpenses": 970000000,
    "costAndExpenses": 970000000,
    "interestIncome": 912000000,
    "interestExpense": 431000000,
    "depreciationAndAmortization": 50000000,
    "ebitda": 0,
    "ebitdaratio": 0,
    "operatingIncome": 0,
    "operatingIncomeRatio": 0,
    "totalOtherIncomeExpensesNet": 431000000,
    "incomeBeforeTax": 431000000,
    "incomeBeforeTaxRatio": 0.4443298969,
    "incomeTaxExpense": 162000000,
    "netIncome": 269000000,
    "netIncomeRatio": 0.2773195876,
    "eps": 0.35,
    "epsdiluted": 0.33,
    "weightedAverageShsOut": 760000000,
    "weightedAverageShsOutDil": 806061000,
    "link": "",
    "finalLink": ""
  },
  {
    "date": "1997-03-31",
    "symbol": "BK",
    "reportedCurrency": "USD",
    "cik": "0001390777",
    "fillingDate": "1997-03-31",
    "acceptedDate": "1997-03-30 19:00:00",
    "calendarYear": "1997",
    "period": "Q1",
    "revenue": 943000000,
    "costOfRevenue": 0,
    "grossProfit": 943000000,
    "grossProfitRatio": 1,
    "researchAndDevelopmentExpenses": 0,
    "generalAndAdministrativeExpenses": 257000000,
    "sellingAndMarketingExpenses": 0,
    "sellingGeneralAndAdministrativeExpenses": 257000000,
    "otherExpenses": 686000000,
    "operatingExpenses": 943000000,
    "costAndExpenses": 943000000,
    "interestIncome": 887000000,
    "interestExpense": 399000000,
    "depreciationAndAmortization": 52000000,
    "ebitda": 0,
    "ebitdaratio": 0,
    "operatingIncome": 0,
    "operatingIncomeRatio": 0,
    "totalOtherIncomeExpensesNet": 425000000,
    "incomeBeforeTax": 425000000,
    "incomeBeforeTaxRatio": 0.4506892895,
    "incomeTaxExpense": 160000000,
    "netIncome": 265000000,
    "netIncomeRatio": 0.2810180276,
    "eps": 0.34,
    "epsdiluted": 0.32,
    "weightedAverageShsOut": 773529000,
    "weightedAverageShsOutDil": 821875000,
    "link": "",
    "finalLink": ""
  },
  {
    "date": "1996-12-31",
    "symbol": "BK",
    "reportedCurrency": "USD",
    "cik": "0001390777",
    "fillingDate": "1996-12-31",
    "acceptedDate": "1996-12-30 19:00:00",
    "calendarYear": "1996",
    "period": "Q4",
    "revenue": 931000000,
    "costOfRevenue": 0,
    "grossProfit": 931000000,
    "grossProfitRatio": 1,
    "researchAndDevelopmentExpenses": 0,
    "generalAndAdministrativeExpenses": 264000000,
    "sellingAndMarketingExpenses": 0,
    "sellingGeneralAndAdministrativeExpenses": 264000000,
    "otherExpenses": 667000000,
    "operatingExpenses": 931000000,
    "costAndExpenses": 931000000,
    "interestIncome": 882000000,
    "interestExpense": 392000000,
    "depreciationAndAmortization": 59000000,
    "ebitda": 0,
    "ebitdaratio": 0,
    "operatingIncome": 0,
    "operatingIncomeRatio": 0,
    "totalOtherIncomeExpensesNet": 404000000,
    "incomeBeforeTax": 404000000,
    "incomeBeforeTaxRatio": 0.4339419979,
    "incomeTaxExpense": 154000000,
    "netIncome": 250000000,
    "netIncomeRatio": 0.268528464,
    "eps": 0.32,
    "epsdiluted": 0.3,
    "weightedAverageShsOut": 773529000,
    "weightedAverageShsOutDil": 821875000,
    "link": "",
    "finalLink": ""
  },
  {
    "date": "1996-09-30",
    "symbol": "BK",
    "reportedCurrency": "USD",
    "cik": "0001390777",
    "fillingDate": "1996-09-30",
    "acceptedDate": "1996-09-29 20:00:00",
    "calendarYear": "1996",
    "period": "Q3",
    "revenue": 899000000,
    "costOfRevenue": 0,
    "grossProfit": 899000000,
    "grossProfitRatio": 1,
    "researchAndDevelopmentExpenses": 0,
    "generalAndAdministrativeExpenses": 253000000,
    "sellingAndMarketingExpenses": 0,
    "sellingGeneralAndAdministrativeExpenses": 253000000,
    "otherExpenses": 646000000,
    "operatingExpenses": 899000000,
    "costAndExpenses": 899000000,
    "interestIncome": 856000000,
    "interestExpense": 389000000,
    "depreciationAndAmortization": 62000000,
    "ebitda": 0,
    "ebitdaratio": 0,
    "operatingIncome": 0,
    "operatingIncomeRatio": 0,
    "totalOtherIncomeExpensesNet": 404000000,
    "incomeBeforeTax": 404000000,
    "incomeBeforeTaxRatio": 0.4493882091,
    "incomeTaxExpense": 155000000,
    "netIncome": 249000000,
    "netIncomeRatio": 0.276974416,
    "eps": 0.32,
    "epsdiluted": 0.3,
    "weightedAverageShsOut": 768750000,
    "weightedAverageShsOutDil": 820000000,
    "link": "",
    "finalLink": ""
  },
  {
    "date": "1996-06-30",
    "symbol": "BK",
    "reportedCurrency": "USD",
    "cik": "0001390777",
    "fillingDate": "1996-06-30",
    "acceptedDate": "1996-06-29 20:00:00",
    "calendarYear": "1996",
    "period": "Q2",
    "revenue": 1334000000,
    "costOfRevenue": 0,
    "grossProfit": 1334000000,
    "grossProfitRatio": 1,
    "researchAndDevelopmentExpenses": 0,
    "generalAndAdministrativeExpenses": 249000000,
    "sellingAndMarketingExpenses": 0,
    "sellingGeneralAndAdministrativeExpenses": 249000000,
    "otherExpenses": 1085000000,
    "operatingExpenses": 1334000000,
    "costAndExpenses": 1334000000,
    "interestIncome": 910000000,
    "interestExpense": 422000000,
    "depreciationAndAmortization": 59000000,
    "ebitda": 0,
    "ebitdaratio": 0,
    "operatingIncome": 0,
    "operatingIncomeRatio": 0,
    "totalOtherIncomeExpensesNet": 452000000,
    "incomeBeforeTax": 452000000,
    "incomeBeforeTaxRatio": 0.3388305847,
    "incomeTaxExpense": 174000000,
    "netIncome": 278000000,
    "netIncomeRatio": 0.2083958021,
    "eps": 0.36,
    "epsdiluted": 0.33,
    "weightedAverageShsOut": 763889000,
    "weightedAverageShsOutDil": 833333000,
    "link": "",
    "finalLink": ""
  },
  {
    "date": "1996-03-31",
    "symbol": "BK",
    "reportedCurrency": "USD",
    "cik": "0001390777",
    "fillingDate": "1996-03-31",
    "acceptedDate": "1996-03-30 19:00:00",
    "calendarYear": "1996",
    "period": "Q1",
    "revenue": 928000000,
    "costOfRevenue": 0,
    "grossProfit": 928000000,
    "grossProfitRatio": 1,
    "researchAndDevelopmentExpenses": 0,
    "generalAndAdministrativeExpenses": 247000000,
    "sellingAndMarketingExpenses": 0,
    "sellingGeneralAndAdministrativeExpenses": 247000000,
    "otherExpenses": 681000000,
    "operatingExpenses": 928000000,
    "costAndExpenses": 928000000,
    "interestIncome": 932000000,
    "interestExpense": 419000000,
    "depreciationAndAmortization": 57000000,
    "ebitda": 0,
    "ebitdaratio": 0,
    "operatingIncome": 0,
    "operatingIncomeRatio": 0,
    "totalOtherIncomeExpensesNet": 395000000,
    "incomeBeforeTax": 395000000,
    "incomeBeforeTaxRatio": 0.4256465517,
    "incomeTaxExpense": 152000000,
    "netIncome": 243000000,
    "netIncomeRatio": 0.2618534483,
    "eps": 0.29,
    "epsdiluted": 0.29,
    "weightedAverageShsOut": 831034000,
    "weightedAverageShsOutDil": 831034000,
    "link": "",
    "finalLink": ""
  },
  {
    "date": "1995-12-31",
    "symbol": "BK",
    "reportedCurrency": "USD",
    "cik": "0001390777",
    "fillingDate": "1995-12-31",
    "acceptedDate": "1995-12-30 19:00:00",
    "calendarYear": "1995",
    "period": "Q4",
    "revenue": 944000000,
    "costOfRevenue": 0,
    "grossProfit": 944000000,
    "grossProfitRatio": 1,
    "researchAndDevelopmentExpenses": 0,
    "generalAndAdministrativeExpenses": 237000000,
    "sellingAndMarketingExpenses": 0,
    "sellingGeneralAndAdministrativeExpenses": 237000000,
    "otherExpenses": 707000000,
    "operatingExpenses": 944000000,
    "costAndExpenses": 944000000,
    "interestIncome": 966000000,
    "interestExpense": 445000000,
    "depreciationAndAmortization": 53000000,
    "ebitda": 0,
    "ebitdaratio": 0,
    "operatingIncome": 0,
    "operatingIncomeRatio": 0,
    "totalOtherIncomeExpensesNet": 391000000,
    "incomeBeforeTax": 391000000,
    "incomeBeforeTaxRatio": 0.4141949153,
    "incomeTaxExpense": 150000000,
    "netIncome": 241000000,
    "netIncomeRatio": 0.2552966102,
    "eps": 0.31,
    "epsdiluted": 0.28,
    "weightedAverageShsOut": 777419000,
    "weightedAverageShsOutDil": 860714000,
    "link": "",
    "finalLink": ""
  },
  {
    "date": "1995-09-30",
    "symbol": "BK",
    "reportedCurrency": "USD",
    "cik": "0001390777",
    "fillingDate": "1995-09-30",
    "acceptedDate": "1995-09-29 20:00:00",
    "calendarYear": "1995",
    "period": "Q3",
    "revenue": 917000000,
    "costOfRevenue": 0,
    "grossProfit": 917000000,
    "grossProfitRatio": 1,
    "researchAndDevelopmentExpenses": 0,
    "generalAndAdministrativeExpenses": 232000000,
    "sellingAndMarketingExpenses": 0,
    "sellingGeneralAndAdministrativeExpenses": 232000000,
    "otherExpenses": 685000000,
    "operatingExpenses": 917000000,
    "costAndExpenses": 917000000,
    "interestIncome": 947000000,
    "interestExpense": 435000000,
    "depreciationAndAmortization": 47000000,
    "ebitda": 0,
    "ebitdaratio": 0,
    "operatingIncome": 0,
    "operatingIncomeRatio": 0,
    "totalOtherIncomeExpensesNet": 380000000,
    "incomeBeforeTax": 380000000,
    "incomeBeforeTaxRatio": 0.4143947655,
    "incomeTaxExpense": 146000000,
    "netIncome": 234000000,
    "netIncomeRatio": 0.2551799346,
    "eps": 0.29,
    "epsdiluted": 0.28,
    "weightedAverageShsOut": 800000000,
    "weightedAverageShsOutDil": 828571000,
    "link": "",
    "finalLink": ""
  }
]