[
  {
    "date": "2024-12-31",
    "symbol": "BKNG",
    "reportedCurrency": "USD",
    "cik": "0001075531",
    "fillingDate": "2025-02-20",
    "acceptedDate": "2025-02-20 17:12:27",
    "calendarYear": "2024",
    "period": "FY",
    "revenue": 23739000000,
    "costOfRevenue": 0,
    "grossProfit": 23739000000,
    "grossProfitRatio": 1,
    "researchAndDevelopmentExpenses": 0,
    "generalAndAdministrativeExpenses": 4390000000,
    "sellingAndMarketingExpenses": 10398000000,
    "sellingGeneralAndAdministrativeExpenses": 14788000000,
    "otherExpenses": 1396000000,
    "operatingExpenses": 16184000000,
    "costAndExpenses": 16184000000,
    "interestIncome": 1114000000,
    "interestExpense": 1295000000,
    "depreciationAndAmortization": 751000000,
    "ebitda": 9338000000,
    "ebitdaratio": 0.3933611357,
    "operatingIncome": 7555000000,
    "operatingIncomeRatio": 0.3182526644,
    "totalOtherIncomeExpensesNet": -263000000,
    "incomeBeforeTax": 7292000000,
    "incomeBeforeTaxRatio": 0.3071738489,
    "incomeTaxExpense": 1410000000,
    "netIncome": 5882000000,
    "netIncomeRatio": 0.2477779182,
    "eps": 174.96,
    "epsdiluted": 172.69,
    "weightedAverageShsOut": 33622000,
    "weightedAverageShsOutDil": 34064000,
    "link": "https://www.sec.gov/Archives/edgar/data/1075531/000107553125000010/0001075531-25-000010-index.htm",
    "finalLink": "https://www.sec.gov/Archives/edgar/data/1075531/000107553125000010/bkng-20241231.htm"
  },
  {
    "date": "2023-12-31",
    "symbol": "BKNG",
    "reportedCurrency": "USD",
    "cik": "0001075531",
    "fillingDate": "2024-02-22",
    "acceptedDate": "2024-02-22 17:21:32",
    "calendarYear": "2023",
    "period": "FY",
    "revenue": 21365000000,
    "costOfRevenue": 0,
    "grossProfit": 21365000000,
    "grossProfitRatio": 1,
    "researchAndDevelopmentExpenses": 0,
    "generalAndAdministrativeExpenses": 4849000000,
    "sellingAndMarketingExpenses": 9517000000,
    "sellingGeneralAndAdministrativeExpenses": 14366000000,
    "otherExpenses": 1164000000,
    "operatingExpenses": 15530000000,
    "costAndExpenses": 15530000000,
    "interestIncome": 1020000000,
    "interestExpense": 897000000,
    "depreciationAndAmortization": 665000000,
    "ebitda": 7043000000,
    "ebitdaratio": 0.3296512989,
    "operatingIncome": 5835000000,
    "operatingIncomeRatio": 0.273110227,
    "totalOtherIncomeExpensesNet": -354000000,
    "incomeBeforeTax": 5481000000,
    "incomeBeforeTaxRatio": 0.2565410718,
    "incomeTaxExpense": 1192000000,
    "netIncome": 4289000000,
    "netIncomeRatio": 0.2007488884,
    "eps": 118.67,
    "epsdiluted": 117.4,
    "weightedAverageShsOut": 36140000,
    "weightedAverageShsOutDil": 36530000,
    "link": "https://www.sec.gov/Archives/edgar/data/1075531/000107553124000014/0001075531-24-000014-index.htm",
    "finalLink": "https://www.sec.gov/Archives/edgar/data/1075531/000107553124000014/bkng-20231231.htm"
  },
  {
    "date": "2022-12-31",
    "symbol": "BKNG",
    "reportedCurrency": "USD",
    "cik": "0001075531",
    "fillingDate": "2023-02-23",
    "acceptedDate": "2023-02-23 17:20:46",
    "calendarYear": "2022",
    "period": "FY",
    "revenue": 17090000000,
    "costOfRevenue": 0,
    "grossProfit": 17090000000,
    "grossProfitRatio": 1,
    "researchAndDevelopmentExpenses": 0,
    "generalAndAdministrativeExpenses": 3231000000,
    "sellingAndMarketingExpenses": 7979000000,
    "sellingGeneralAndAdministrativeExpenses": 11210000000,
    "otherExpenses": 778000000,
    "operatingExpenses": 11988000000,
    "costAndExpenses": 11988000000,
    "interestIncome": 219000000,
    "interestExpense": 391000000,
    "depreciationAndAmortization": 607000000,
    "ebitda": 4921000000,
    "ebitdaratio": 0.2879461673,
    "operatingIncome": 5102000000,
    "operatingIncomeRatio": 0.2985371562,
    "totalOtherIncomeExpensesNet": -1179000000,
    "incomeBeforeTax": 3923000000,
    "incomeBeforeTaxRatio": 0.2295494441,
    "incomeTaxExpense": 865000000,
    "netIncome": 3058000000,
    "netIncomeRatio": 0.1789350497,
    "eps": 76.7,
    "epsdiluted": 76.35,
    "weightedAverageShsOut": 39872000,
    "weightedAverageShsOutDil": 40052000,
    "link": "https://www.sec.gov/Archives/edgar/data/1075531/000107553123000016/0001075531-23-000016-index.htm",
    "finalLink": "https://www.sec.gov/Archives/edgar/data/1075531/000107553123000016/bkng-20221231.htm"
  },
  {
    "date": "2021-12-31",
    "symbol": "BKNG",
    "reportedCurrency": "USD",
    "cik": "0001075531",
    "fillingDate": "2022-02-23",
    "acceptedDate": "2022-02-23 17:19:51",
    "calendarYear": "2021",
    "period": "FY",
    "revenue": 10958000000,
    "costOfRevenue": 0,
    "grossProfit": 10958000000,
    "grossProfitRatio": 1,
    "researchAndDevelopmentExpenses": 0,
    "generalAndAdministrativeExpenses": 2836000000,
    "sellingAndMarketingExpenses": 4780000000,
    "sellingGeneralAndAdministrativeExpenses": 7616000000,
    "otherExpenses": 846000000,
    "operatingExpenses": 8462000000,
    "costAndExpenses": 8462000000,
    "interestIncome": 16000000,
    "interestExpense": 334000000,
    "depreciationAndAmortization": 599000000,
    "ebitda": 2398000000,
    "ebitdaratio": 0.2188355539,
    "operatingIncome": 2496000000,
    "operatingIncomeRatio": 0.2277787918,
    "totalOtherIncomeExpensesNet": -1031000000,
    "incomeBeforeTax": 1465000000,
    "incomeBeforeTaxRatio": 0.1336922796,
    "incomeTaxExpense": 300000000,
    "netIncome": 1165000000,
    "netIncomeRatio": 0.106315021,
    "eps": 28.39,
    "epsdiluted": 28.17,
    "weightedAverageShsOut": 41042000,
    "weightedAverageShsOutDil": 41362000,
    "link": "https://www.sec.gov/Archives/edgar/data/1075531/000107553122000008/0001075531-22-000008-index.htm",
    "finalLink": "https://www.sec.gov/Archives/edgar/data/1075531/000107553122000008/bkng-20211231.htm"
  },
  {
    "date": "2020-12-31",
    "symbol": "BKNG",
    "reportedCurrency": "USD",
    "cik": "0001075531",
    "fillingDate": "2021-02-24",
    "acceptedDate": "2021-02-24 17:20:19",
    "calendarYear": "2020",
    "period": "FY",
    "revenue": 6796000000,
    "costOfRevenue": 0,
    "grossProfit": 6796000000,
    "grossProfitRatio": 1,
    "researchAndDevelopmentExpenses": 0,
    "generalAndAdministrativeExpenses": 2525000000,
    "sellingAndMarketingExpenses": 2934000000,
    "sellingGeneralAndAdministrativeExpenses": 5459000000,
    "otherExpenses": 1968000000,
    "operatingExpenses": 7427000000,
    "costAndExpenses": 7427000000,
    "interestIncome": 54000000,
    "interestExpense": 356000000,
    "depreciationAndAmortization": 642000000,
    "ebitda": 1565000000,
    "ebitdaratio": 0.2302825191,
    "operatingIncome": -631000000,
    "operatingIncomeRatio": -0.0928487345,
    "totalOtherIncomeExpensesNet": 1198000000,
    "incomeBeforeTax": 567000000,
    "incomeBeforeTaxRatio": 0.0834314303,
    "incomeTaxExpense": 508000000,
    "netIncome": 59000000,
    "netIncomeRatio": 0.0086815774,
    "eps": 1.44,
    "epsdiluted": 1.43,
    "weightedAverageShsOut": 40974000,
    "weightedAverageShsOutDil": 41160000,
    "link": "https://www.sec.gov/Archives/edgar/data/1075531/000107553121000019/0001075531-21-000019-index.htm",
    "finalLink": "https://www.sec.gov/Archives/edgar/data/1075531/000107553121000019/bkng-20201231.htm"
  },
  {
    "date": "2019-12-31",
    "symbol": "BKNG",
    "reportedCurrency": "USD",
    "cik": "0001075531",
    "fillingDate": "2020-02-26",
    "acceptedDate": "2020-02-26 17:08:40",
    "calendarYear": "2019",
    "period": "FY",
    "revenue": 15066000000,
    "costOfRevenue": 0,
    "grossProfit": 15066000000,
    "grossProfitRatio": 1,
    "researchAndDevelopmentExpenses": 285000000,
    "generalAndAdministrativeExpenses": 3045000000,
    "sellingAndMarketingExpenses": 5922000000,
    "sellingGeneralAndAdministrativeExpenses": 8967000000,
    "otherExpenses": 469000000,
    "operatingExpenses": 9721000000,
    "costAndExpenses": 9721000000,
    "interestIncome": 152000000,
    "interestExpense": 266000000,
    "depreciationAndAmortization": 641000000,
    "ebitda": 6865000000,
    "ebitdaratio": 0.4556617549,
    "operatingIncome": 5345000000,
    "operatingIncomeRatio": 0.3547723351,
    "totalOtherIncomeExpensesNet": 613000000,
    "incomeBeforeTax": 5958000000,
    "incomeBeforeTaxRatio": 0.3954599761,
    "incomeTaxExpense": 1093000000,
    "netIncome": 4865000000,
    "netIncomeRatio": 0.3229125183,
    "eps": 112.92,
    "epsdiluted": 111.82,
    "weightedAverageShsOut": 43082000,
    "weightedAverageShsOutDil": 43509000,
    "link": "https://www.sec.gov/Archives/edgar/data/1075531/000107553120000011/0001075531-20-000011-index.htm",
    "finalLink": "https://www.sec.gov/Archives/edgar/data/1075531/000107553120000011/bkng1231201910k.htm"
  },
  {
    "date": "2018-12-31",
    "symbol": "BKNG",
    "reportedCurrency": "USD",
    "cik": "0001075531",
    "fillingDate": "2019-02-27",
    "acceptedDate": "2019-02-27 17:10:04",
    "calendarYear": "2018",
    "period": "FY",
    "revenue": 14527000000,
    "costOfRevenue": 0,
    "grossProfit": 14527000000,
    "grossProfitRatio": 1,
    "researchAndDevelopmentExpenses": 233000000,
    "generalAndAdministrativeExpenses": 2741000000,
    "sellingAndMarketingExpenses": 5786000000,
    "sellingGeneralAndAdministrativeExpenses": 8527000000,
    "otherExpenses": 426000000,
    "operatingExpenses": 9186000000,
    "costAndExpenses": 9186000000,
    "interestIncome": 187000000,
    "interestExpense": 269000000,
    "depreciationAndAmortization": 426000000,
    "ebitda": 5530000000,
    "ebitdaratio": 0.3806704757,
    "operatingIncome": 5341000000,
    "operatingIncomeRatio": 0.3676602189,
    "totalOtherIncomeExpensesNet": -506000000,
    "incomeBeforeTax": 4835000000,
    "incomeBeforeTaxRatio": 0.3328285262,
    "incomeTaxExpense": 837000000,
    "netIncome": 3998000000,
    "netIncomeRatio": 0.2752116748,
    "eps": 84.26,
    "epsdiluted": 83.26,
    "weightedAverageShsOut": 47446000,
    "weightedAverageShsOutDil": 48017000,
    "link": "https://www.sec.gov/Archives/edgar/data/1075531/000107553119000009/0001075531-19-000009-index.htm",
    "finalLink": "https://www.sec.gov/Archives/edgar/data/1075531/000107553119000009/bkng1231201810k.htm"
  },
  {
    "date": "2017-12-31",
    "symbol": "BKNG",
    "reportedCurrency": "USD",
    "cik": "0001075531",
    "fillingDate": "2018-02-27",
    "acceptedDate": "2018-02-27 17:17:39",
    "calendarYear": "2017",
    "period": "FY",
    "revenue": 12681000000,
    "costOfRevenue": 242000000,
    "grossProfit": 12439000000,
    "grossProfitRatio": 0.9809163315,
    "researchAndDevelopmentExpenses": 189000000,
    "generalAndAdministrativeExpenses": 2236000000,
    "sellingAndMarketingExpenses": 5113000000,
    "sellingGeneralAndAdministrativeExpenses": 7349000000,
    "otherExpenses": 363000000,
    "operatingExpenses": 7901000000,
    "costAndExpenses": 8143000000,
    "interestIncome": 157000000,
    "interestExpense": 254000000,
    "depreciationAndAmortization": 363000000,
    "ebitda": 5016000000,
    "ebitdaratio": 0.3955524012,
    "operatingIncome": 4538000000,
    "operatingIncomeRatio": 0.3578582131,
    "totalOtherIncomeExpensesNet": -139000000,
    "incomeBeforeTax": 4399000000,
    "incomeBeforeTaxRatio": 0.3468969324,
    "incomeTaxExpense": 2058000000,
    "netIncome": 2341000000,
    "netIncomeRatio": 0.1846068922,
    "eps": 47.78,
    "epsdiluted": 46.86,
    "weightedAverageShsOut": 48994000,
    "weightedAverageShsOutDil": 49954000,
    "link": "https://www.sec.gov/Archives/edgar/data/1075531/000107553118000015/0001075531-18-000015-index.htm",
    "finalLink": "https://www.sec.gov/Archives/edgar/data/1075531/000107553118000015/pcln-20171231_10k.htm"
  },
  {
    "date": "2016-12-31",
    "symbol": "BKNG",
    "reportedCurrency": "USD",
    "cik": "0001075531",
    "fillingDate": "2017-02-27",
    "acceptedDate": "2017-02-27 17:18:18",
    "calendarYear": "2016",
    "period": "FY",
    "revenue": 10743000000,
    "costOfRevenue": 415000000,
    "grossProfit": 10328000000,
    "grossProfitRatio": 0.9613701945,
    "researchAndDevelopmentExpenses": 142000000,
    "generalAndAdministrativeExpenses": 1802000000,
    "sellingAndMarketingExpenses": 4228000000,
    "sellingGeneralAndAdministrativeExpenses": 6030000000,
    "otherExpenses": 1250000000,
    "operatingExpenses": 7422000000,
    "costAndExpenses": 7837000000,
    "interestIncome": 95000000,
    "interestExpense": 208000000,
    "depreciationAndAmortization": 309000000,
    "ebitda": 3230000000,
    "ebitdaratio": 0.3006608955,
    "operatingIncome": 2906000000,
    "operatingIncomeRatio": 0.2705017221,
    "totalOtherIncomeExpensesNet": -193000000,
    "incomeBeforeTax": 2713000000,
    "incomeBeforeTaxRatio": 0.2525365354,
    "incomeTaxExpense": 578000000,
    "netIncome": 2135000000,
    "netIncomeRatio": 0.1987340594,
    "eps": 43.14,
    "epsdiluted": 42.65,
    "weightedAverageShsOut": 49491000,
    "weightedAverageShsOutDil": 50063000,
    "link": "https://www.sec.gov/Archives/edgar/data/1075531/000107553117000009/0001075531-17-000009-index.htm",
    "finalLink": "https://www.sec.gov/Archives/edgar/data/1075531/000107553117000009/pcln-20161231_10k.htm"
  },
  {
    "date": "2015-12-31",
    "symbol": "BKNG",
    "reportedCurrency": "USD",
    "cik": "0001075531",
    "fillingDate": "2016-02-17",
    "acceptedDate": "2016-02-17 08:32:42",
    "calendarYear": "2015",
    "period": "FY",
    "revenue": 9223987000,
    "costOfRevenue": 632180000,
    "grossProfit": 8591807000,
    "grossProfitRatio": 0.9314634767,
    "researchAndDevelopmentExpenses": 113617000,
    "generalAndAdministrativeExpenses": 1581646000,
    "sellingAndMarketingExpenses": 3365143000,
    "sellingGeneralAndAdministrativeExpenses": 4946789000,
    "otherExpenses": 272494000,
    "operatingExpenses": 5332900000,
    "costAndExpenses": 5965080000,
    "interestIncome": 55729000,
    "interestExpense": 160229000,
    "depreciationAndAmortization": 272494000,
    "ebitda": 3561043000,
    "ebitdaratio": 0.3860633151,
    "operatingIncome": 3258907000,
    "operatingIncomeRatio": 0.3533078483,
    "totalOtherIncomeExpensesNet": -130587000,
    "incomeBeforeTax": 3128320000,
    "incomeBeforeTaxRatio": 0.3391505214,
    "incomeTaxExpense": 576960000,
    "netIncome": 2551360000,
    "netIncomeRatio": 0.2766005633,
    "eps": 50.09,
    "epsdiluted": 49.45,
    "weightedAverageShsOut": 50940000,
    "weightedAverageShsOutDil": 51593000,
    "link": "https://www.sec.gov/Archives/edgar/data/1075531/000107553116000084/0001075531-16-000084-index.htm",
    "finalLink": "https://www.sec.gov/Archives/edgar/data/1075531/000107553116000084/pcln-20151231_10k.htm"
  },
  {
    "date": "2014-12-31",
    "symbol": "BKNG",
    "reportedCurrency": "USD",
    "cik": "0001075531",
    "fillingDate": "2015-02-19",
    "acceptedDate": "2015-02-19 08:38:13",
    "calendarYear": "2014",
    "period": "FY",
    "revenue": 8441971000,
    "costOfRevenue": 857841000,
    "grossProfit": 7584130000,
    "grossProfitRatio": 0.8983838016,
    "researchAndDevelopmentExpenses": 97498000,
    "generalAndAdministrativeExpenses": 1303060000,
    "sellingAndMarketingExpenses": 2902440000,
    "sellingGeneralAndAdministrativeExpenses": 4205500000,
    "otherExpenses": 207820000,
    "operatingExpenses": 4510818000,
    "costAndExpenses": 5368659000,
    "interestIncome": 13933000,
    "interestExpense": 88353000,
    "depreciationAndAmortization": 207820000,
    "ebitda": 3285621000,
    "ebitdaratio": 0.3892006973,
    "operatingIncome": 3073312000,
    "operatingIncomeRatio": 0.3640514757,
    "totalOtherIncomeExpensesNet": -83864000,
    "incomeBeforeTax": 2989448000,
    "incomeBeforeTaxRatio": 0.3541173027,
    "incomeTaxExpense": 567695000,
    "netIncome": 2421753000,
    "netIncomeRatio": 0.2868705661,
    "eps": 46.3,
    "epsdiluted": 45.67,
    "weightedAverageShsOut": 52301000,
    "weightedAverageShsOutDil": 53023000,
    "link": "https://www.sec.gov/Archives/edgar/data/1075531/000107553115000007/0001075531-15-000007-index.htm",
    "finalLink": "https://www.sec.gov/Archives/edgar/data/1075531/000107553115000007/pcln-20141231_10k.htm"
  },
  {
    "date": "2013-12-31",
    "symbol": "BKNG",
    "reportedCurrency": "USD",
    "cik": "0001075531",
    "fillingDate": "2014-02-20",
    "acceptedDate": "2014-02-20 16:38:33",
    "calendarYear": "2013",
    "period": "FY",
    "revenue": 6793306000,
    "costOfRevenue": 1077420000,
    "grossProfit": 5715886000,
    "grossProfitRatio": 0.8413997544,
    "researchAndDevelopmentExpenses": 71890000,
    "generalAndAdministrativeExpenses": 951686000,
    "sellingAndMarketingExpenses": 2161921000,
    "sellingGeneralAndAdministrativeExpenses": 3113607000,
    "otherExpenses": 117975000,
    "operatingExpenses": 3303472000,
    "costAndExpenses": 4380892000,
    "interestIncome": 4167000,
    "interestExpense": 83289000,
    "depreciationAndAmortization": 117975000,
    "ebitda": 2497801000,
    "ebitdaratio": 0.3676856305,
    "operatingIncome": 2412414000,
    "operatingIncomeRatio": 0.3551163454,
    "totalOtherIncomeExpensesNet": -115877000,
    "incomeBeforeTax": 2296537000,
    "incomeBeforeTaxRatio": 0.3380588185,
    "incomeTaxExpense": 403739000,
    "netIncome": 1892663000,
    "netIncomeRatio": 0.2786070582,
    "eps": 37.17,
    "epsdiluted": 36.11,
    "weightedAverageShsOut": 50924000,
    "weightedAverageShsOutDil": 52413000,
    "link": "https://www.sec.gov/Archives/edgar/data/1075531/000107553114000007/0001075531-14-000007-index.htm",
    "finalLink": "https://www.sec.gov/Archives/edgar/data/1075531/000107553114000007/pcln-20131231_10k.htm"
  },
  {
    "date": "2012-12-31",
    "symbol": "BKNG",
    "reportedCurrency": "USD",
    "cik": "0001075531",
    "fillingDate": "2013-02-27",
    "acceptedDate": "2013-02-26 17:40:11",
    "calendarYear": "2012",
    "period": "FY",
    "revenue": 5260956000,
    "costOfRevenue": 1177275000,
    "grossProfit": 4083681000,
    "grossProfitRatio": 0.7762241311,
    "researchAndDevelopmentExpenses": 43685000,
    "generalAndAdministrativeExpenses": 639999000,
    "sellingAndMarketingExpenses": 1505063000,
    "sellingGeneralAndAdministrativeExpenses": 2145062000,
    "otherExpenses": 65141000,
    "operatingExpenses": 2253888000,
    "costAndExpenses": 3431163000,
    "interestIncome": 3860000,
    "interestExpense": 62064000,
    "depreciationAndAmortization": 65141000,
    "ebitda": 1889074000,
    "ebitdaratio": 0.3590742823,
    "operatingIncome": 1829793000,
    "operatingIncomeRatio": 0.3478061782,
    "totalOtherIncomeExpensesNet": -67924000,
    "incomeBeforeTax": 1761869000,
    "incomeBeforeTaxRatio": 0.3348952168,
    "incomeTaxExpense": 337832000,
    "netIncome": 1419566000,
    "netIncomeRatio": 0.2698304263,
    "eps": 28.48,
    "epsdiluted": 27.66,
    "weightedAverageShsOut": 49840000,
    "weightedAverageShsOutDil": 51326000,
    "link": "https://www.sec.gov/Archives/edgar/data/1075531/000107553113000011/0001075531-13-000011-index.htm",
    "finalLink": "https://www.sec.gov/Archives/edgar/data/1075531/000107553113000011/pcln-20121231_10k.htm"
  },
  {
    "date": "2011-12-31",
    "symbol": "BKNG",
    "reportedCurrency": "USD",
    "cik": "0001075531",
    "fillingDate": "2012-02-27",
    "acceptedDate": "2012-02-27 16:59:00",
    "calendarYear": "2011",
    "period": "FY",
    "revenue": 4355610000,
    "costOfRevenue": 1275730000,
    "grossProfit": 3079880000,
    "grossProfitRatio": 0.7071064673,
    "researchAndDevelopmentExpenses": 33813000,
    "generalAndAdministrativeExpenses": 475947000,
    "sellingAndMarketingExpenses": 1117374000,
    "sellingGeneralAndAdministrativeExpenses": 1593321000,
    "otherExpenses": 53824000,
    "operatingExpenses": 1680958000,
    "costAndExpenses": 2956688000,
    "interestIncome": 8119000,
    "interestExpense": 31721000,
    "depreciationAndAmortization": 53824000,
    "ebitda": 1453339000,
    "ebitdaratio": 0.3336705995,
    "operatingIncome": 1398922000,
    "operatingIncomeRatio": 0.3211770567,
    "totalOtherIncomeExpensesNet": -31128000,
    "incomeBeforeTax": 1367794000,
    "incomeBeforeTaxRatio": 0.3140304114,
    "incomeTaxExpense": 308663000,
    "netIncome": 1056371000,
    "netIncomeRatio": 0.2425311265,
    "eps": 21.27,
    "epsdiluted": 20.63,
    "weightedAverageShsOut": 49654000,
    "weightedAverageShsOutDil": 51211000,
    "link": "https://www.sec.gov/Archives/edgar/data/1075531/000107553112000005/0001075531-12-000005-index.htm",
    "finalLink": "https://www.sec.gov/Archives/edgar/data/1075531/000107553112000005/pcln-20111231_10k.htm"
  },
  {
    "date": "2010-12-31",
    "symbol": "BKNG",
    "reportedCurrency": "USD",
    "cik": "0001075531",
    "fillingDate": "2011-02-25",
    "acceptedDate": "2011-02-25 16:08:25",
    "calendarYear": "2010",
    "period": "FY",
    "revenue": 3084905000,
    "costOfRevenue": 1175934000,
    "grossProfit": 1908971000,
    "grossProfitRatio": 0.6188103037,
    "researchAndDevelopmentExpenses": 20998000,
    "generalAndAdministrativeExpenses": 351256000,
    "sellingAndMarketingExpenses": 704157000,
    "sellingGeneralAndAdministrativeExpenses": 1055413000,
    "otherExpenses": 45763000,
    "operatingExpenses": 1122174000,
    "costAndExpenses": 2298108000,
    "interestIncome": 3857000,
    "interestExpense": 29944000,
    "depreciationAndAmortization": 50464000,
    "ebitda": 826691000,
    "ebitdaratio": 0.2679794029,
    "operatingIncome": 786797000,
    "operatingIncomeRatio": 0.2550474002,
    "totalOtherIncomeExpensesNet": -40514000,
    "incomeBeforeTax": 746283000,
    "incomeBeforeTaxRatio": 0.2419144188,
    "incomeTaxExpense": 218141000,
    "netIncome": 527541000,
    "netIncomeRatio": 0.1710072109,
    "eps": 11,
    "epsdiluted": 10.35,
    "weightedAverageShsOut": 47955000,
    "weightedAverageShsOutDil": 50988000,
    "link": "https://www.sec.gov/Archives/edgar/data/1075531/000110465911010302/0001104659-11-010302-index.htm",
    "finalLink": "https://www.sec.gov/Archives/edgar/data/1075531/000110465911010302/a11-2103_110k.htm"
  },
  {
    "date": "2009-12-31",
    "symbol": "BKNG",
    "reportedCurrency": "USD",
    "cik": "0001075531",
    "fillingDate": "2010-02-19",
    "acceptedDate": "2010-02-18 19:16:19",
    "calendarYear": "2009",
    "period": "FY",
    "revenue": 2338212000,
    "costOfRevenue": 1077449000,
    "grossProfit": 1260763000,
    "grossProfitRatio": 0.5391996106,
    "researchAndDevelopmentExpenses": 19139000,
    "generalAndAdministrativeExpenses": 248707000,
    "sellingAndMarketingExpenses": 482889000,
    "sellingGeneralAndAdministrativeExpenses": 731596000,
    "otherExpenses": 39193000,
    "operatingExpenses": 789928000,
    "costAndExpenses": 1867377000,
    "interestIncome": 2223000,
    "interestExpense": 24084000,
    "depreciationAndAmortization": 39193000,
    "ebitda": 505579000,
    "ebitdaratio": 0.2162246195,
    "operatingIncome": 470835000,
    "operatingIncomeRatio": 0.2013654023,
    "totalOtherIncomeExpensesNet": -28533000,
    "incomeBeforeTax": 442302000,
    "incomeBeforeTaxRatio": 0.1891624883,
    "incomeTaxExpense": -47168000,
    "netIncome": 489472000,
    "netIncomeRatio": 0.2093360226,
    "eps": 11.54,
    "epsdiluted": 9.88,
    "weightedAverageShsOut": 42406000,
    "weightedAverageShsOutDil": 49522000,
    "link": "https://www.sec.gov/Archives/edgar/data/1075531/000110465910008002/0001104659-10-008002-index.htm",
    "finalLink": "https://www.sec.gov/Archives/edgar/data/1075531/000110465910008002/a09-35847_210k.htm"
  },
  {
    "date": "2008-12-31",
    "symbol": "BKNG",
    "reportedCurrency": "USD",
    "cik": "0001075531",
    "fillingDate": "2009-02-20",
    "acceptedDate": "2009-02-20 16:05:29",
    "calendarYear": "2008",
    "period": "FY",
    "revenue": 1884806000,
    "costOfRevenue": 928835000,
    "grossProfit": 955971000,
    "grossProfitRatio": 0.5071986188,
    "researchAndDevelopmentExpenses": 17956000,
    "generalAndAdministrativeExpenses": 219052000,
    "sellingAndMarketingExpenses": 386693000,
    "sellingGeneralAndAdministrativeExpenses": 605745000,
    "otherExpenses": 42796000,
    "operatingExpenses": 666497000,
    "costAndExpenses": 1595332000,
    "interestIncome": 11660000,
    "interestExpense": 34853000,
    "depreciationAndAmortization": 43068000,
    "ebitda": 354026000,
    "ebitdaratio": 0.1878315328,
    "operatingIncome": 289474000,
    "operatingIncomeRatio": 0.1535829152,
    "totalOtherIncomeExpensesNet": -13369000,
    "incomeBeforeTax": 276105000,
    "incomeBeforeTaxRatio": 0.1464898775,
    "incomeTaxExpense": 90171000,
    "netIncome": 182246000,
    "netIncomeRatio": 0.0966921795,
    "eps": 4.64,
    "epsdiluted": 3.74,
    "weightedAverageShsOut": 39299000,
    "weightedAverageShsOutDil": 48671000,
    "link": "https://www.sec.gov/Archives/edgar/data/1075531/000110465909011154/0001104659-09-011154-index.htm",
    "finalLink": "https://www.sec.gov/Archives/edgar/data/1075531/000110465909011154/a09-1364_110k.htm"
  },
  {
    "date": "2007-12-31",
    "symbol": "BKNG",
    "reportedCurrency": "USD",
    "cik": "0001075531",
    "fillingDate": "2008-03-03",
    "acceptedDate": "2008-03-03 07:02:44",
    "calendarYear": "2007",
    "period": "FY",
    "revenue": 1409409000,
    "costOfRevenue": 769997000,
    "grossProfit": 639412000,
    "grossProfitRatio": 0.4536738449,
    "researchAndDevelopmentExpenses": 13779000,
    "generalAndAdministrativeExpenses": 194829000,
    "sellingAndMarketingExpenses": 255797000,
    "sellingGeneralAndAdministrativeExpenses": 450626000,
    "otherExpenses": 37072000,
    "operatingExpenses": 501477000,
    "costAndExpenses": 1271474000,
    "interestIncome": 25776000,
    "interestExpense": 10412000,
    "depreciationAndAmortization": 37500000,
    "ebitda": 197935000,
    "ebitdaratio": 0.1404382972,
    "operatingIncome": 137935000,
    "operatingIncomeRatio": 0.0978672621,
    "totalOtherIncomeExpensesNet": 12088000,
    "incomeBeforeTax": 150023000,
    "incomeBeforeTaxRatio": 0.1064439066,
    "incomeTaxExpense": -12059000,
    "netIncome": 155527000,
    "netIncomeRatio": 0.1103490896,
    "eps": 4.13,
    "epsdiluted": 3.42,
    "weightedAverageShsOut": 37671000,
    "weightedAverageShsOutDil": 45504000,
    "link": "https://www.sec.gov/Archives/edgar/data/1075531/000110465908014464/0001104659-08-014464-index.htm",
    "finalLink": "https://www.sec.gov/Archives/edgar/data/1075531/000110465908014464/a08-2574_110k.htm"
  },
  {
    "date": "2006-12-31",
    "symbol": "BKNG",
    "reportedCurrency": "USD",
    "cik": "0001075531",
    "fillingDate": "2007-03-01",
    "acceptedDate": "2007-03-01 14:21:54",
    "calendarYear": "2006",
    "period": "FY",
    "revenue": 1123103000,
    "costOfRevenue": 722004000,
    "grossProfit": 401099000,
    "grossProfitRatio": 0.3571346528,
    "researchAndDevelopmentExpenses": 0,
    "generalAndAdministrativeExpenses": 159876000,
    "sellingAndMarketingExpenses": 145653000,
    "sellingGeneralAndAdministrativeExpenses": 305529000,
    "otherExpenses": 33584000,
    "operatingExpenses": 339113000,
    "costAndExpenses": 1061117000,
    "interestIncome": 11312000,
    "interestExpense": 7060000,
    "depreciationAndAmortization": 36831000,
    "ebitda": 98952000,
    "ebitdaratio": 0.0881058995,
    "operatingIncome": 61986000,
    "operatingIncomeRatio": 0.0551917322,
    "totalOtherIncomeExpensesNet": 3646000,
    "incomeBeforeTax": 65632000,
    "incomeBeforeTaxRatio": 0.0584380952,
    "incomeTaxExpense": -12388000,
    "netIncome": 74466000,
    "netIncomeRatio": 0.0663038029,
    "eps": 1.88,
    "epsdiluted": 1.68,
    "weightedAverageShsOut": 38650000,
    "weightedAverageShsOutDil": 44722000,
    "link": "https://www.sec.gov/Archives/edgar/data/1075531/000110465907015407/0001104659-07-015407-index.htm",
    "finalLink": "https://www.sec.gov/Archives/edgar/data/1075531/000110465907015407/a07-5554_110k.htm"
  },
  {
    "date": "2005-12-31",
    "symbol": "BKNG",
    "reportedCurrency": "USD",
    "cik": "0001075531",
    "fillingDate": "2006-03-07",
    "acceptedDate": "2006-03-07 16:41:25",
    "calendarYear": "2005",
    "period": "FY",
    "revenue": 962660000,
    "costOfRevenue": 694797000,
    "grossProfit": 267863000,
    "grossProfitRatio": 0.2782529657,
    "researchAndDevelopmentExpenses": 0,
    "generalAndAdministrativeExpenses": 115457000,
    "sellingAndMarketingExpenses": 89492000,
    "sellingGeneralAndAdministrativeExpenses": 204949000,
    "otherExpenses": 27030000,
    "operatingExpenses": 231979000,
    "costAndExpenses": 926776000,
    "interestIncome": 5550000,
    "interestExpense": 5075000,
    "depreciationAndAmortization": 28778000,
    "ebitda": 66326000,
    "ebitdaratio": 0.0688986766,
    "operatingIncome": 35884000,
    "operatingIncomeRatio": 0.0372758814,
    "totalOtherIncomeExpensesNet": -181000,
    "incomeBeforeTax": 35703000,
    "incomeBeforeTaxRatio": 0.0370878607,
    "incomeTaxExpense": -156277000,
    "netIncome": 192729000,
    "netIncomeRatio": 0.2002046413,
    "eps": 4.87,
    "epsdiluted": 4.21,
    "weightedAverageShsOut": 39161000,
    "weightedAverageShsOutDil": 46436000,
    "link": "https://www.sec.gov/Archives/edgar/data/1075531/000110465906014649/0001104659-06-014649-index.htm",
    "finalLink": "https://www.sec.gov/Archives/edgar/data/1075531/000110465906014649/a06-2010_110k.htm"
  },
  {
    "date": "2004-12-31",
    "symbol": "BKNG",
    "reportedCurrency": "USD",
    "cik": "0001075531",
    "fillingDate": "2005-03-15",
    "acceptedDate": "2005-03-15 16:45:54",
    "calendarYear": "2004",
    "period": "FY",
    "revenue": 914372000,
    "costOfRevenue": 716217000,
    "grossProfit": 198155000,
    "grossProfitRatio": 0.2167115791,
    "researchAndDevelopmentExpenses": 9171000,
    "generalAndAdministrativeExpenses": 93288000,
    "sellingAndMarketingExpenses": 60956000,
    "sellingGeneralAndAdministrativeExpenses": 154244000,
    "otherExpenses": 4318000,
    "operatingExpenses": 167733000,
    "costAndExpenses": 883950000,
    "interestIncome": 5112000,
    "interestExpense": 3722000,
    "depreciationAndAmortization": 15556000,
    "ebitda": 45966000,
    "ebitdaratio": 0.0502705682,
    "operatingIncome": 30422000,
    "operatingIncomeRatio": 0.0332709226,
    "totalOtherIncomeExpensesNet": 1405000,
    "incomeBeforeTax": 31827000,
    "incomeBeforeTaxRatio": 0.0348074963,
    "incomeTaxExpense": -193000,
    "netIncome": 31509000,
    "netIncomeRatio": 0.0344597166,
    "eps": 0.78,
    "epsdiluted": 0.76,
    "weightedAverageShsOut": 38304000,
    "weightedAverageShsOutDil": 42327000,
    "link": "https://www.sec.gov/Archives/edgar/data/1075531/000110465905011153/0001104659-05-011153-index.htm",
    "finalLink": "https://www.sec.gov/Archives/edgar/data/1075531/000110465905011153/a05-1832_110k.htm"
  },
  {
    "date": "2003-12-31",
    "symbol": "BKNG",
    "reportedCurrency": "USD",
    "cik": "0001075531",
    "fillingDate": "2004-12-14",
    "acceptedDate": "2004-12-14 16:24:44",
    "calendarYear": "2003",
    "period": "FY",
    "revenue": 863661000,
    "costOfRevenue": 717716000,
    "grossProfit": 145945000,
    "grossProfitRatio": 0.1689841269,
    "researchAndDevelopmentExpenses": 8898000,
    "generalAndAdministrativeExpenses": 41993000,
    "sellingAndMarketingExpenses": 75689000,
    "sellingGeneralAndAdministrativeExpenses": 117682000,
    "otherExpenses": 11347000,
    "operatingExpenses": 137927000,
    "costAndExpenses": 855643000,
    "interestIncome": 2474000,
    "interestExpense": 907000,
    "depreciationAndAmortization": 11533000,
    "ebitda": 22025000,
    "ebitdaratio": 0.0255019041,
    "operatingIncome": 8018000,
    "operatingIncomeRatio": 0.0092837352,
    "totalOtherIncomeExpensesNet": 1567000,
    "incomeBeforeTax": 9585000,
    "incomeBeforeTaxRatio": 0.0110981045,
    "incomeTaxExpense": 0,
    "netIncome": 11916000,
    "netIncomeRatio": 0.0137970801,
    "eps": 0.28,
    "epsdiluted": 0.27,
    "weightedAverageShsOut": 37804000,
    "weightedAverageShsOutDil": 39009000,
    "link": "https://www.sec.gov/Archives/edgar/data/1075531/000110465904039535/0001104659-04-039535-index.htm",
    "finalLink": "https://www.sec.gov/Archives/edgar/data/1075531/000110465904039535/a04-14698_310ka.htm"
  },
  {
    "date": "2002-12-31",
    "symbol": "BKNG",
    "reportedCurrency": "USD",
    "cik": "0001075531",
    "fillingDate": "2003-04-30",
    "acceptedDate": "2003-04-30 16:34:17",
    "calendarYear": "2002",
    "period": "FY",
    "revenue": 1003606000,
    "costOfRevenue": 845240000,
    "grossProfit": 158366000,
    "grossProfitRatio": 0.1577969841,
    "researchAndDevelopmentExpenses": 12008000,
    "generalAndAdministrativeExpenses": 46343000,
    "sellingAndMarketingExpenses": 77363000,
    "sellingGeneralAndAdministrativeExpenses": 123706000,
    "otherExpenses": 45976000,
    "operatingExpenses": 181690000,
    "costAndExpenses": 1026930000,
    "interestIncome": 2911000,
    "interestExpense": 68000,
    "depreciationAndAmortization": 18265000,
    "ebitda": -1982000,
    "ebitdaratio": -0.0019748786,
    "operatingIncome": -23324000,
    "operatingIncomeRatio": -0.0232401959,
    "totalOtherIncomeExpensesNet": 3009000,
    "incomeBeforeTax": -20315000,
    "incomeBeforeTaxRatio": -0.0202420073,
    "incomeTaxExpense": 0,
    "netIncome": -19184000,
    "netIncomeRatio": -0.0191150711,
    "eps": -0.51,
    "epsdiluted": -0.51,
    "weightedAverageShsOut": 37881000,
    "weightedAverageShsOutDil": 37881000,
    "link": "https://www.sec.gov/Archives/edgar/data/1075531/000104746903015701/0001047469-03-015701-index.htm",
    "finalLink": "https://www.sec.gov/Archives/edgar/data/1075531/000104746903015701/a2109750z10-ka.txt"
  },
  {
    "date": "2001-12-31",
    "symbol": "BKNG",
    "reportedCurrency": "USD",
    "cik": "0001075531",
    "fillingDate": "2003-11-05",
    "acceptedDate": "2003-11-05 17:08:23",
    "calendarYear": "2001",
    "period": "FY",
    "revenue": 1171753000,
    "costOfRevenue": 978847000,
    "grossProfit": 192906000,
    "grossProfitRatio": 0.1646302591,
    "researchAndDevelopmentExpenses": 0,
    "generalAndAdministrativeExpenses": 0,
    "sellingAndMarketingExpenses": 0,
    "sellingGeneralAndAdministrativeExpenses": 202735000,
    "otherExpenses": 4058000,
    "operatingExpenses": 206793000,
    "costAndExpenses": 1185640000,
    "interestIncome": 0,
    "interestExpense": 0,
    "depreciationAndAmortization": 16578000,
    "ebitda": 2555000,
    "ebitdaratio": 0.0021804937,
    "operatingIncome": -13887000,
    "operatingIncomeRatio": -0.0118514738,
    "totalOtherIncomeExpensesNet": 13887000,
    "incomeBeforeTax": -7303000,
    "incomeBeforeTaxRatio": -0.0062325422,
    "incomeTaxExpense": 0,
    "netIncome": -7303000,
    "netIncomeRatio": -0.0062325422,
    "eps": -0.21,
    "epsdiluted": -0.21,
    "weightedAverageShsOut": 34173500,
    "weightedAverageShsOutDil": 34173500,
    "link": "https://www.sec.gov/Archives/edgar/data/1075531/000104746903036169/0001047469-03-036169-index.htm",
    "finalLink": "https://www.sec.gov/Archives/edgar/data/1075531/000104746903036169/a2122016z10-ka.txt"
  },
  {
    "date": "2000-12-31",
    "symbol": "BKNG",
    "reportedCurrency": "USD",
    "cik": "0001075531",
    "fillingDate": "2001-03-30",
    "acceptedDate": "2001-03-30 00:00:00",
    "calendarYear": "2000",
    "period": "FY",
    "revenue": 1235396000,
    "costOfRevenue": 1025842000,
    "grossProfit": 209554000,
    "grossProfitRatio": 0.1696249624,
    "researchAndDevelopmentExpenses": 0,
    "generalAndAdministrativeExpenses": 0,
    "sellingAndMarketingExpenses": 0,
    "sellingGeneralAndAdministrativeExpenses": 250018000,
    "otherExpenses": 17385000,
    "operatingExpenses": 267403000,
    "costAndExpenses": 1293245000,
    "interestIncome": 9687000,
    "interestExpense": 0,
    "depreciationAndAmortization": 17385000,
    "ebitda": -40464000,
    "ebitdaratio": -0.03275387,
    "operatingIncome": -57849000,
    "operatingIncomeRatio": -0.0468262808,
    "totalOtherIncomeExpensesNet": 57849000,
    "incomeBeforeTax": -315145000,
    "incomeBeforeTaxRatio": -0.2550963416,
    "incomeTaxExpense": 0,
    "netIncome": -315145000,
    "netIncomeRatio": -0.2550963416,
    "eps": -11.32,
    "epsdiluted": -11.32,
    "weightedAverageShsOut": 27830898,
    "weightedAverageShsOutDil": 27830898,
    "link": "https://www.sec.gov/Archives/edgar/data/1075531/000100547701002385/0001005477-01-002385-index.htm",
    "finalLink": "https://www.sec.gov/Archives/edgar/data/1075531/000100547701002385/0001005477-01-002385-0001.txt"
  },
  {
    "date": "1999-12-31",
    "symbol": "BKNG",
    "reportedCurrency": "USD",
    "cik": "0001075531",
    "fillingDate": "2000-03-30",
    "acceptedDate": "2000-03-30 00:00:00",
    "calendarYear": "1999",
    "period": "FY",
    "revenue": 482400000,
    "costOfRevenue": 419300000,
    "grossProfit": 63100000,
    "grossProfitRatio": 0.1308043118,
    "researchAndDevelopmentExpenses": 14000000,
    "generalAndAdministrativeExpenses": 0,
    "sellingAndMarketingExpenses": 0,
    "sellingGeneralAndAdministrativeExpenses": 107200000,
    "otherExpenses": 5300000,
    "operatingExpenses": 126500000,
    "costAndExpenses": 545800000,
    "interestIncome": 0,
    "interestExpense": 0,
    "depreciationAndAmortization": 5300000,
    "ebitda": -58100000,
    "ebitdaratio": -0.1204394693,
    "operatingIncome": -63400000,
    "operatingIncomeRatio": -0.1314262023,
    "totalOtherIncomeExpensesNet": 63400000,
    "incomeBeforeTax": -1055100000,
    "incomeBeforeTaxRatio": -2.1871890547,
    "incomeTaxExpense": 0,
    "netIncome": -1055100000,
    "netIncomeRatio": -2.1871890547,
    "eps": -47.02,
    "epsdiluted": -47.02,
    "weightedAverageShsOut": 22441487,
    "weightedAverageShsOutDil": 22441487,
    "link": "https://www.sec.gov/Archives/edgar/data/1075531/000100547700002686/0001005477-00-002686-index.html",
    "finalLink": "https://www.sec.gov/Archives/edgar/data/1075531/000100547700002686/"
  },
  {
    "date": "1998-12-31",
    "symbol": "BKNG",
    "reportedCurrency": "USD",
    "cik": "0001075531",
    "fillingDate": "1998-12-31",
    "acceptedDate": "1998-12-31 00:00:00",
    "calendarYear": "1998",
    "period": "FY",
    "revenue": 35200000,
    "costOfRevenue": 34600000,
    "grossProfit": 600000,
    "grossProfitRatio": 0.0170454545,
    "researchAndDevelopmentExpenses": 11100000,
    "generalAndAdministrativeExpenses": 0,
    "sellingAndMarketingExpenses": 0,
    "sellingGeneralAndAdministrativeExpenses": 42400000,
    "otherExpenses": 1900000,
    "operatingExpenses": 55400000,
    "costAndExpenses": 90000000,
    "interestIncome": 0,
    "interestExpense": 0,
    "depreciationAndAmortization": 1900000,
    "ebitda": -52900000,
    "ebitdaratio": -1.5028409091,
    "operatingIncome": -54800000,
    "operatingIncomeRatio": -1.5568181818,
    "totalOtherIncomeExpensesNet": 54800000,
    "incomeBeforeTax": -112200000,
    "incomeBeforeTaxRatio": -3.1875,
    "incomeTaxExpense": 0,
    "netIncome": -112200000,
    "netIncomeRatio": -3.1875,
    "eps": -4.73,
    "epsdiluted": -4.73,
    "weightedAverageShsOut": 23720000,
    "weightedAverageShsOutDil": 23720000,
    "link": null,
    "finalLink": null
  }
]