[
  {
    "date": "2025-06-30",
    "symbol": "BKNG",
    "reportedCurrency": "USD",
    "cik": "0001075531",
    "fillingDate": "2025-07-29",
    "acceptedDate": "2025-07-29 17:05:16",
    "calendarYear": "2025",
    "period": "Q2",
    "revenue": 6798000000,
    "costOfRevenue": 0,
    "grossProfit": 6798000000,
    "grossProfitRatio": 1,
    "researchAndDevelopmentExpenses": 0,
    "generalAndAdministrativeExpenses": 1095000000,
    "sellingAndMarketingExpenses": 3038000000,
    "sellingGeneralAndAdministrativeExpenses": 4133000000,
    "otherExpenses": 415000000,
    "operatingExpenses": 4548000000,
    "costAndExpenses": 4548000000,
    "interestIncome": 234000000,
    "interestExpense": 418000000,
    "depreciationAndAmortization": 194000000,
    "ebitda": 1716000000,
    "ebitdaratio": 0.2524271845,
    "operatingIncome": 2250000000,
    "operatingIncomeRatio": 0.3309796999,
    "totalOtherIncomeExpensesNet": -1146000000,
    "incomeBeforeTax": 1104000000,
    "incomeBeforeTaxRatio": 0.1624007061,
    "incomeTaxExpense": 209000000,
    "netIncome": 895000000,
    "netIncomeRatio": 0.1316563695,
    "eps": 27.54,
    "epsdiluted": 27.43,
    "weightedAverageShsOut": 32494000,
    "weightedAverageShsOutDil": 32619000,
    "link": "https://www.sec.gov/Archives/edgar/data/1075531/000107553125000036/0001075531-25-000036-index.htm",
    "finalLink": "https://www.sec.gov/Archives/edgar/data/1075531/000107553125000036/bkng-20250630.htm"
  },
  {
    "date": "2025-03-31",
    "symbol": "BKNG",
    "reportedCurrency": "USD",
    "cik": "0001075531",
    "fillingDate": "2025-04-29",
    "acceptedDate": "2025-04-29 17:11:25",
    "calendarYear": "2025",
    "period": "Q1",
    "revenue": 4762000000,
    "costOfRevenue": 0,
    "grossProfit": 4762000000,
    "grossProfitRatio": 1,
    "researchAndDevelopmentExpenses": 0,
    "generalAndAdministrativeExpenses": 835000000,
    "sellingAndMarketingExpenses": 2479000000,
    "sellingGeneralAndAdministrativeExpenses": 3314000000,
    "otherExpenses": 386000000,
    "operatingExpenses": 3700000000,
    "costAndExpenses": 3700000000,
    "interestIncome": 241000000,
    "interestExpense": 649000000,
    "depreciationAndAmortization": 184000000,
    "ebitda": 1229000000,
    "ebitdaratio": 0.2580848383,
    "operatingIncome": 1062000000,
    "operatingIncomeRatio": 0.2230155397,
    "totalOtherIncomeExpensesNet": -666000000,
    "incomeBeforeTax": 396000000,
    "incomeBeforeTaxRatio": 0.0831583368,
    "incomeTaxExpense": 63000000,
    "netIncome": 333000000,
    "netIncomeRatio": 0.0699286014,
    "eps": 10.14,
    "epsdiluted": 10.07,
    "weightedAverageShsOut": 32845000,
    "weightedAverageShsOutDil": 33093000,
    "link": "https://www.sec.gov/Archives/edgar/data/1075531/000107553125000024/0001075531-25-000024-index.htm",
    "finalLink": "https://www.sec.gov/Archives/edgar/data/1075531/000107553125000024/bkng-20250331.htm"
  },
  {
    "date": "2024-12-31",
    "symbol": "BKNG",
    "reportedCurrency": "USD",
    "cik": "0001075531",
    "fillingDate": "2025-02-20",
    "acceptedDate": "2025-02-20 17:12:27",
    "calendarYear": "2024",
    "period": "Q4",
    "revenue": 5471000000,
    "costOfRevenue": 0,
    "grossProfit": 5471000000,
    "grossProfitRatio": 1,
    "researchAndDevelopmentExpenses": 0,
    "generalAndAdministrativeExpenses": 1016000000,
    "sellingAndMarketingExpenses": 2328000000,
    "sellingGeneralAndAdministrativeExpenses": 3344000000,
    "otherExpenses": 398000000,
    "operatingExpenses": 3742000000,
    "costAndExpenses": 3742000000,
    "interestIncome": 251000000,
    "interestExpense": 507000000,
    "depreciationAndAmortization": 203000000,
    "ebitda": 2274000000,
    "ebitdaratio": 0.4156461342,
    "operatingIncome": 1729000000,
    "operatingIncomeRatio": 0.3160299762,
    "totalOtherIncomeExpensesNet": -165000000,
    "incomeBeforeTax": 1564000000,
    "incomeBeforeTaxRatio": 0.2858709559,
    "incomeTaxExpense": 496000000,
    "netIncome": 1068000000,
    "netIncomeRatio": 0.1952111131,
    "eps": 32.31,
    "epsdiluted": 31.95,
    "weightedAverageShsOut": 33051000,
    "weightedAverageShsOutDil": 33426000,
    "link": "https://www.sec.gov/Archives/edgar/data/1075531/000107553125000010/0001075531-25-000010-index.htm",
    "finalLink": "https://www.sec.gov/Archives/edgar/data/1075531/000107553125000010/bkng-20241231.htm"
  },
  {
    "date": "2024-09-30",
    "symbol": "BKNG",
    "reportedCurrency": "USD",
    "cik": "0001075531",
    "fillingDate": "2024-10-30",
    "acceptedDate": "2024-10-30 17:10:28",
    "calendarYear": "2024",
    "period": "Q3",
    "revenue": 7994000000,
    "costOfRevenue": 0,
    "grossProfit": 7994000000,
    "grossProfitRatio": 1,
    "researchAndDevelopmentExpenses": 0,
    "generalAndAdministrativeExpenses": 1443000000,
    "sellingAndMarketingExpenses": 3023000000,
    "sellingGeneralAndAdministrativeExpenses": 4466000000,
    "otherExpenses": 349000000,
    "operatingExpenses": 4815000000,
    "costAndExpenses": 4815000000,
    "interestIncome": 327000000,
    "interestExpense": 305000000,
    "depreciationAndAmortization": 190000000,
    "ebitda": 3364000000,
    "ebitdaratio": 0.4208156117,
    "operatingIncome": 3179000000,
    "operatingIncomeRatio": 0.3976732549,
    "totalOtherIncomeExpensesNet": -310000000,
    "incomeBeforeTax": 2869000000,
    "incomeBeforeTaxRatio": 0.3588941706,
    "incomeTaxExpense": 352000000,
    "netIncome": 2517000000,
    "netIncomeRatio": 0.3148611459,
    "eps": 75.37,
    "epsdiluted": 74.34,
    "weightedAverageShsOut": 33401000,
    "weightedAverageShsOutDil": 33864000,
    "link": "https://www.sec.gov/Archives/edgar/data/1075531/000107553124000048/0001075531-24-000048-index.htm",
    "finalLink": "https://www.sec.gov/Archives/edgar/data/1075531/000107553124000048/bkng-20240930.htm"
  },
  {
    "date": "2024-06-30",
    "symbol": "BKNG",
    "reportedCurrency": "USD",
    "cik": "0001075531",
    "fillingDate": "2024-08-01",
    "acceptedDate": "2024-08-01 17:12:20",
    "calendarYear": "2024",
    "period": "Q2",
    "revenue": 5859000000,
    "costOfRevenue": 0,
    "grossProfit": 5859000000,
    "grossProfitRatio": 1,
    "researchAndDevelopmentExpenses": 0,
    "generalAndAdministrativeExpenses": 919000000,
    "sellingAndMarketingExpenses": 2759000000,
    "sellingGeneralAndAdministrativeExpenses": 3678000000,
    "otherExpenses": 325000000,
    "operatingExpenses": 4003000000,
    "costAndExpenses": 4003000000,
    "interestIncome": 293000000,
    "interestExpense": 264000000,
    "depreciationAndAmortization": 181000000,
    "ebitda": 2367000000,
    "ebitdaratio": 0.4039938556,
    "operatingIncome": 1856000000,
    "operatingIncomeRatio": 0.3167776071,
    "totalOtherIncomeExpensesNet": 66000000,
    "incomeBeforeTax": 1922000000,
    "incomeBeforeTaxRatio": 0.328042328,
    "incomeTaxExpense": 401000000,
    "netIncome": 1521000000,
    "netIncomeRatio": 0.2596006144,
    "eps": 44.94,
    "epsdiluted": 44.38,
    "weightedAverageShsOut": 33839000,
    "weightedAverageShsOutDil": 34267000,
    "link": "https://www.sec.gov/Archives/edgar/data/1075531/000107553124000041/0001075531-24-000041-index.htm",
    "finalLink": "https://www.sec.gov/Archives/edgar/data/1075531/000107553124000041/bkng-20240630.htm"
  },
  {
    "date": "2024-03-31",
    "symbol": "BKNG",
    "reportedCurrency": "USD",
    "cik": "0001075531",
    "fillingDate": "2024-05-02",
    "acceptedDate": "2024-05-02 17:18:36",
    "calendarYear": "2024",
    "period": "Q1",
    "revenue": 4415000000,
    "costOfRevenue": 0,
    "grossProfit": 4415000000,
    "grossProfitRatio": 1,
    "researchAndDevelopmentExpenses": 0,
    "generalAndAdministrativeExpenses": 1012000000,
    "sellingAndMarketingExpenses": 2288000000,
    "sellingGeneralAndAdministrativeExpenses": 3300000000,
    "otherExpenses": 324000000,
    "operatingExpenses": 3624000000,
    "costAndExpenses": 3624000000,
    "interestIncome": 243000000,
    "interestExpense": 219000000,
    "depreciationAndAmortization": 177000000,
    "ebitda": 1333000000,
    "ebitdaratio": 0.3019252548,
    "operatingIncome": 791000000,
    "operatingIncomeRatio": 0.1791619479,
    "totalOtherIncomeExpensesNet": 146000000,
    "incomeBeforeTax": 937000000,
    "incomeBeforeTaxRatio": 0.2122310306,
    "incomeTaxExpense": 161000000,
    "netIncome": 776000000,
    "netIncomeRatio": 0.1757644394,
    "eps": 22.69,
    "epsdiluted": 22.37,
    "weightedAverageShsOut": 34206000,
    "weightedAverageShsOutDil": 34706000,
    "link": "https://www.sec.gov/Archives/edgar/data/1075531/000107553124000027/0001075531-24-000027-index.htm",
    "finalLink": "https://www.sec.gov/Archives/edgar/data/1075531/000107553124000027/bkng-20240331.htm"
  },
  {
    "date": "2023-12-31",
    "symbol": "BKNG",
    "reportedCurrency": "USD",
    "cik": "0001075531",
    "fillingDate": "2024-02-22",
    "acceptedDate": "2024-02-22 17:21:32",
    "calendarYear": "2023",
    "period": "Q4",
    "revenue": 4784000000,
    "costOfRevenue": 0,
    "grossProfit": 4784000000,
    "grossProfitRatio": 1,
    "researchAndDevelopmentExpenses": 0,
    "generalAndAdministrativeExpenses": 1607000000,
    "sellingAndMarketingExpenses": 2246000000,
    "sellingGeneralAndAdministrativeExpenses": 3853000000,
    "otherExpenses": 322000000,
    "operatingExpenses": 4175000000,
    "costAndExpenses": 4175000000,
    "interestIncome": 237000000,
    "interestExpense": 208000000,
    "depreciationAndAmortization": 175000000,
    "ebitda": 794000000,
    "ebitdaratio": 0.1659698997,
    "operatingIncome": 609000000,
    "operatingIncomeRatio": 0.1272993311,
    "totalOtherIncomeExpensesNet": -198000000,
    "incomeBeforeTax": 411000000,
    "incomeBeforeTaxRatio": 0.0859113712,
    "incomeTaxExpense": 189000000,
    "netIncome": 222000000,
    "netIncomeRatio": 0.0464046823,
    "eps": 6.37,
    "epsdiluted": 6.28,
    "weightedAverageShsOut": 34730000,
    "weightedAverageShsOutDil": 35222000,
    "link": "https://www.sec.gov/Archives/edgar/data/1075531/000107553124000014/0001075531-24-000014-index.htm",
    "finalLink": "https://www.sec.gov/Archives/edgar/data/1075531/000107553124000014/bkng-20231231.htm"
  },
  {
    "date": "2023-09-30",
    "symbol": "BKNG",
    "reportedCurrency": "USD",
    "cik": "0001075531",
    "fillingDate": "2023-11-02",
    "acceptedDate": "2023-11-02 17:18:59",
    "calendarYear": "2023",
    "period": "Q3",
    "revenue": 7341000000,
    "costOfRevenue": 0,
    "grossProfit": 7341000000,
    "grossProfitRatio": 1,
    "researchAndDevelopmentExpenses": 0,
    "generalAndAdministrativeExpenses": 1093000000,
    "sellingAndMarketingExpenses": 2829000000,
    "sellingGeneralAndAdministrativeExpenses": 3922000000,
    "otherExpenses": 316000000,
    "operatingExpenses": 4238000000,
    "costAndExpenses": 4238000000,
    "interestIncome": 289000000,
    "interestExpense": 254000000,
    "depreciationAndAmortization": 169000000,
    "ebitda": 3572000000,
    "ebitdaratio": 0.4865822095,
    "operatingIncome": 3103000000,
    "operatingIncomeRatio": 0.4226944558,
    "totalOtherIncomeExpensesNet": 46000000,
    "incomeBeforeTax": 3149000000,
    "incomeBeforeTaxRatio": 0.4289606321,
    "incomeTaxExpense": 638000000,
    "netIncome": 2511000000,
    "netIncomeRatio": 0.3420514916,
    "eps": 70.62,
    "epsdiluted": 69.8,
    "weightedAverageShsOut": 35570000,
    "weightedAverageShsOutDil": 35987000,
    "link": "https://www.sec.gov/Archives/edgar/data/1075531/000107553123000061/0001075531-23-000061-index.htm",
    "finalLink": "https://www.sec.gov/Archives/edgar/data/1075531/000107553123000061/bkng-20230930.htm"
  },
  {
    "date": "2023-06-30",
    "symbol": "BKNG",
    "reportedCurrency": "USD",
    "cik": "0001075531",
    "fillingDate": "2023-08-03",
    "acceptedDate": "2023-08-03 17:10:57",
    "calendarYear": "2023",
    "period": "Q2",
    "revenue": 5462000000,
    "costOfRevenue": 0,
    "grossProfit": 5462000000,
    "grossProfitRatio": 1,
    "researchAndDevelopmentExpenses": 0,
    "generalAndAdministrativeExpenses": 1006000000,
    "sellingAndMarketingExpenses": 2518000000,
    "sellingGeneralAndAdministrativeExpenses": 3524000000,
    "otherExpenses": 265000000,
    "operatingExpenses": 3789000000,
    "costAndExpenses": 3789000000,
    "interestIncome": 266000000,
    "interestExpense": 241000000,
    "depreciationAndAmortization": 160000000,
    "ebitda": 2019000000,
    "ebitdaratio": 0.3696448187,
    "operatingIncome": 1673000000,
    "operatingIncomeRatio": 0.3062980593,
    "totalOtherIncomeExpensesNet": -55000000,
    "incomeBeforeTax": 1618000000,
    "incomeBeforeTaxRatio": 0.2962284877,
    "incomeTaxExpense": 328000000,
    "netIncome": 1290000000,
    "netIncomeRatio": 0.2361772245,
    "eps": 35.16,
    "epsdiluted": 34.89,
    "weightedAverageShsOut": 36678000,
    "weightedAverageShsOutDil": 36964000,
    "link": "https://www.sec.gov/Archives/edgar/data/1075531/000107553123000047/0001075531-23-000047-index.htm",
    "finalLink": "https://www.sec.gov/Archives/edgar/data/1075531/000107553123000047/bkng-20230630.htm"
  },
  {
    "date": "2023-03-31",
    "symbol": "BKNG",
    "reportedCurrency": "USD",
    "cik": "0001075531",
    "fillingDate": "2023-05-04",
    "acceptedDate": "2023-05-04 17:14:10",
    "calendarYear": "2023",
    "period": "Q1",
    "revenue": 3778000000,
    "costOfRevenue": 0,
    "grossProfit": 3778000000,
    "grossProfitRatio": 1,
    "researchAndDevelopmentExpenses": 0,
    "generalAndAdministrativeExpenses": 984000000,
    "sellingAndMarketingExpenses": 2087000000,
    "sellingGeneralAndAdministrativeExpenses": 3071000000,
    "otherExpenses": 257000000,
    "operatingExpenses": 3328000000,
    "costAndExpenses": 3328000000,
    "interestIncome": 228000000,
    "interestExpense": 194000000,
    "depreciationAndAmortization": 161000000,
    "ebitda": 658000000,
    "ebitdaratio": 0.1741662255,
    "operatingIncome": 450000000,
    "operatingIncomeRatio": 0.1191106406,
    "totalOtherIncomeExpensesNet": -147000000,
    "incomeBeforeTax": 303000000,
    "incomeBeforeTaxRatio": 0.0802011646,
    "incomeTaxExpense": 37000000,
    "netIncome": 266000000,
    "netIncomeRatio": 0.0704076231,
    "eps": 7.07,
    "epsdiluted": 7,
    "weightedAverageShsOut": 37621000,
    "weightedAverageShsOutDil": 37983000,
    "link": "https://www.sec.gov/Archives/edgar/data/1075531/000107553123000031/0001075531-23-000031-index.htm",
    "finalLink": "https://www.sec.gov/Archives/edgar/data/1075531/000107553123000031/bkng-20230331.htm"
  },
  {
    "date": "2022-12-31",
    "symbol": "BKNG",
    "reportedCurrency": "USD",
    "cik": "0001075531",
    "fillingDate": "2023-02-23",
    "acceptedDate": "2023-02-23 17:20:46",
    "calendarYear": "2022",
    "period": "Q4",
    "revenue": 4049000000,
    "costOfRevenue": 0,
    "grossProfit": 4049000000,
    "grossProfitRatio": 1,
    "researchAndDevelopmentExpenses": 0,
    "generalAndAdministrativeExpenses": 905000000,
    "sellingAndMarketingExpenses": 1788000000,
    "sellingGeneralAndAdministrativeExpenses": 2693000000,
    "otherExpenses": 11000000,
    "operatingExpenses": 2704000000,
    "costAndExpenses": 2704000000,
    "interestIncome": 131000000,
    "interestExpense": 145000000,
    "depreciationAndAmortization": 163000000,
    "ebitda": 1760000000,
    "ebitdaratio": 0.4346752285,
    "operatingIncome": 1345000000,
    "operatingIncomeRatio": 0.3321807854,
    "totalOtherIncomeExpensesNet": 107000000,
    "incomeBeforeTax": 1452000000,
    "incomeBeforeTaxRatio": 0.3586070635,
    "incomeTaxExpense": 217000000,
    "netIncome": 1235000000,
    "netIncomeRatio": 0.3050135836,
    "eps": 32.07,
    "epsdiluted": 31.92,
    "weightedAverageShsOut": 38524000,
    "weightedAverageShsOutDil": 38709000,
    "link": "https://www.sec.gov/Archives/edgar/data/1075531/000107553123000016/0001075531-23-000016-index.htm",
    "finalLink": "https://www.sec.gov/Archives/edgar/data/1075531/000107553123000016/bkng-20221231.htm"
  },
  {
    "date": "2022-09-30",
    "symbol": "BKNG",
    "reportedCurrency": "USD",
    "cik": "0001075531",
    "fillingDate": "2022-11-02",
    "acceptedDate": "2022-11-02 17:13:13",
    "calendarYear": "2022",
    "period": "Q3",
    "revenue": 6052000000,
    "costOfRevenue": 0,
    "grossProfit": 6052000000,
    "grossProfitRatio": 1,
    "researchAndDevelopmentExpenses": 0,
    "generalAndAdministrativeExpenses": 898000000,
    "sellingAndMarketingExpenses": 2335000000,
    "sellingGeneralAndAdministrativeExpenses": 3233000000,
    "otherExpenses": 236000000,
    "operatingExpenses": 3469000000,
    "costAndExpenses": 3469000000,
    "interestIncome": 61000000,
    "interestExpense": 102000000,
    "depreciationAndAmortization": 145000000,
    "ebitda": 2423000000,
    "ebitdaratio": 0.4003635162,
    "operatingIncome": 2583000000,
    "operatingIncomeRatio": 0.4268010575,
    "totalOtherIncomeExpensesNet": -407000000,
    "incomeBeforeTax": 2176000000,
    "incomeBeforeTaxRatio": 0.3595505618,
    "incomeTaxExpense": 510000000,
    "netIncome": 1666000000,
    "netIncomeRatio": 0.2752808989,
    "eps": 42.1,
    "epsdiluted": 41.98,
    "weightedAverageShsOut": 39564000,
    "weightedAverageShsOutDil": 39671000,
    "link": "https://www.sec.gov/Archives/edgar/data/1075531/000107553122000043/0001075531-22-000043-index.htm",
    "finalLink": "https://www.sec.gov/Archives/edgar/data/1075531/000107553122000043/bkng-20220930.htm"
  },
  {
    "date": "2022-06-30",
    "symbol": "BKNG",
    "reportedCurrency": "USD",
    "cik": "0001075531",
    "fillingDate": "2022-08-03",
    "acceptedDate": "2022-08-03 17:13:54",
    "calendarYear": "2022",
    "period": "Q2",
    "revenue": 4294000000,
    "costOfRevenue": 0,
    "grossProfit": 4294000000,
    "grossProfitRatio": 1,
    "researchAndDevelopmentExpenses": 0,
    "generalAndAdministrativeExpenses": 842000000,
    "sellingAndMarketingExpenses": 2202000000,
    "sellingGeneralAndAdministrativeExpenses": 3044000000,
    "otherExpenses": 250000000,
    "operatingExpenses": 3294000000,
    "costAndExpenses": 3294000000,
    "interestIncome": 24000000,
    "interestExpense": 76000000,
    "depreciationAndAmortization": 149000000,
    "ebitda": 1369000000,
    "ebitdaratio": 0.3188169539,
    "operatingIncome": 1000000000,
    "operatingIncomeRatio": 0.2328830927,
    "totalOtherIncomeExpensesNet": 144000000,
    "incomeBeforeTax": 1144000000,
    "incomeBeforeTaxRatio": 0.266418258,
    "incomeTaxExpense": 287000000,
    "netIncome": 857000000,
    "netIncomeRatio": 0.1995808104,
    "eps": 21.15,
    "epsdiluted": 21.07,
    "weightedAverageShsOut": 40512000,
    "weightedAverageShsOutDil": 40665000,
    "link": "https://www.sec.gov/Archives/edgar/data/1075531/000107553122000032/0001075531-22-000032-index.htm",
    "finalLink": "https://www.sec.gov/Archives/edgar/data/1075531/000107553122000032/bkng-20220630.htm"
  },
  {
    "date": "2022-03-31",
    "symbol": "BKNG",
    "reportedCurrency": "USD",
    "cik": "0001075531",
    "fillingDate": "2022-05-04",
    "acceptedDate": "2022-05-04 17:24:02",
    "calendarYear": "2022",
    "period": "Q1",
    "revenue": 2695000000,
    "costOfRevenue": 0,
    "grossProfit": 2695000000,
    "grossProfitRatio": 1,
    "researchAndDevelopmentExpenses": 0,
    "generalAndAdministrativeExpenses": 754000000,
    "sellingAndMarketingExpenses": 1486000000,
    "sellingGeneralAndAdministrativeExpenses": 2240000000,
    "otherExpenses": 281000000,
    "operatingExpenses": 2521000000,
    "costAndExpenses": 2521000000,
    "interestIncome": 3000000,
    "interestExpense": 68000000,
    "depreciationAndAmortization": 150000000,
    "ebitda": -631000000,
    "ebitdaratio": -0.2341372913,
    "operatingIncome": 174000000,
    "operatingIncomeRatio": 0.0645640074,
    "totalOtherIncomeExpensesNet": -1023000000,
    "incomeBeforeTax": -849000000,
    "incomeBeforeTaxRatio": -0.3150278293,
    "incomeTaxExpense": -149000000,
    "netIncome": -700000000,
    "netIncomeRatio": -0.2597402597,
    "eps": -17.1,
    "epsdiluted": -17.1,
    "weightedAverageShsOut": 40921000,
    "weightedAverageShsOutDil": 40921000,
    "link": "https://www.sec.gov/Archives/edgar/data/1075531/000107553122000022/0001075531-22-000022-index.htm",
    "finalLink": "https://www.sec.gov/Archives/edgar/data/1075531/000107553122000022/bkng-20220331.htm"
  },
  {
    "date": "2021-12-31",
    "symbol": "BKNG",
    "reportedCurrency": "USD",
    "cik": "0001075531",
    "fillingDate": "2022-02-23",
    "acceptedDate": "2022-02-23 17:19:51",
    "calendarYear": "2021",
    "period": "Q4",
    "revenue": 2981000000,
    "costOfRevenue": 0,
    "grossProfit": 2981000000,
    "grossProfitRatio": 1,
    "researchAndDevelopmentExpenses": 0,
    "generalAndAdministrativeExpenses": 673000000,
    "sellingAndMarketingExpenses": 1235000000,
    "sellingGeneralAndAdministrativeExpenses": 1908000000,
    "otherExpenses": 225000000,
    "operatingExpenses": 2133000000,
    "costAndExpenses": 2133000000,
    "interestIncome": 4000000,
    "interestExpense": 75000000,
    "depreciationAndAmortization": 141000000,
    "ebitda": 1032000000,
    "ebitdaratio": 0.3461925528,
    "operatingIncome": 848000000,
    "operatingIncomeRatio": 0.2844682992,
    "totalOtherIncomeExpensesNet": -32000000,
    "incomeBeforeTax": 816000000,
    "incomeBeforeTaxRatio": 0.2737336464,
    "incomeTaxExpense": 198000000,
    "netIncome": 618000000,
    "netIncomeRatio": 0.2073129822,
    "eps": 15.05,
    "epsdiluted": 14.94,
    "weightedAverageShsOut": 41072000,
    "weightedAverageShsOutDil": 41371000,
    "link": "https://www.sec.gov/Archives/edgar/data/1075531/000107553122000008/0001075531-22-000008-index.htm",
    "finalLink": "https://www.sec.gov/Archives/edgar/data/1075531/000107553122000008/bkng-20211231.htm"
  },
  {
    "date": "2021-09-30",
    "symbol": "BKNG",
    "reportedCurrency": "USD",
    "cik": "0001075531",
    "fillingDate": "2021-11-03",
    "acceptedDate": "2021-11-03 17:24:02",
    "calendarYear": "2021",
    "period": "Q3",
    "revenue": 4676000000,
    "costOfRevenue": 0,
    "grossProfit": 4676000000,
    "grossProfitRatio": 1,
    "researchAndDevelopmentExpenses": 0,
    "generalAndAdministrativeExpenses": 770000000,
    "sellingAndMarketingExpenses": 1680000000,
    "sellingGeneralAndAdministrativeExpenses": 2450000000,
    "otherExpenses": 211000000,
    "operatingExpenses": 2661000000,
    "costAndExpenses": 2661000000,
    "interestIncome": 4000000,
    "interestExpense": 80000000,
    "depreciationAndAmortization": 146000000,
    "ebitda": 1194000000,
    "ebitdaratio": 0.25534645,
    "operatingIncome": 2015000000,
    "operatingIncomeRatio": 0.4309238666,
    "totalOtherIncomeExpensesNet": -1047000000,
    "incomeBeforeTax": 968000000,
    "incomeBeforeTaxRatio": 0.2070145423,
    "incomeTaxExpense": 199000000,
    "netIncome": 769000000,
    "netIncomeRatio": 0.1644568007,
    "eps": 18.73,
    "epsdiluted": 18.6,
    "weightedAverageShsOut": 41068000,
    "weightedAverageShsOutDil": 41342000,
    "link": "https://www.sec.gov/Archives/edgar/data/1075531/000107553121000053/0001075531-21-000053-index.htm",
    "finalLink": "https://www.sec.gov/Archives/edgar/data/1075531/000107553121000053/bkng-20210930.htm"
  },
  {
    "date": "2021-06-30",
    "symbol": "BKNG",
    "reportedCurrency": "USD",
    "cik": "0001075531",
    "fillingDate": "2021-08-04",
    "acceptedDate": "2021-08-04 17:26:39",
    "calendarYear": "2021",
    "period": "Q2",
    "revenue": 2160000000,
    "costOfRevenue": 0,
    "grossProfit": 2160000000,
    "grossProfitRatio": 1,
    "researchAndDevelopmentExpenses": 0,
    "generalAndAdministrativeExpenses": 820000000,
    "sellingAndMarketingExpenses": 1194000000,
    "sellingGeneralAndAdministrativeExpenses": 2014000000,
    "otherExpenses": 202000000,
    "operatingExpenses": 2216000000,
    "costAndExpenses": 2216000000,
    "interestIncome": 4000000,
    "interestExpense": 81000000,
    "depreciationAndAmortization": 154000000,
    "ebitda": 194000000,
    "ebitdaratio": 0.0898148148,
    "operatingIncome": -56000000,
    "operatingIncomeRatio": -0.0259259259,
    "totalOtherIncomeExpensesNet": 15000000,
    "incomeBeforeTax": -41000000,
    "incomeBeforeTaxRatio": -0.0189814815,
    "incomeTaxExpense": 126000000,
    "netIncome": -167000000,
    "netIncomeRatio": -0.0773148148,
    "eps": -4.08,
    "epsdiluted": -4.08,
    "weightedAverageShsOut": 41054000,
    "weightedAverageShsOutDil": 41054000,
    "link": "https://www.sec.gov/Archives/edgar/data/1075531/000107553121000044/0001075531-21-000044-index.htm",
    "finalLink": "https://www.sec.gov/Archives/edgar/data/1075531/000107553121000044/bkng-20210630.htm"
  },
  {
    "date": "2021-03-31",
    "symbol": "BKNG",
    "reportedCurrency": "USD",
    "cik": "0001075531",
    "fillingDate": "2021-05-05",
    "acceptedDate": "2021-05-05 17:19:02",
    "calendarYear": "2021",
    "period": "Q1",
    "revenue": 1141000000,
    "costOfRevenue": 0,
    "grossProfit": 1141000000,
    "grossProfitRatio": 1,
    "researchAndDevelopmentExpenses": 0,
    "generalAndAdministrativeExpenses": 671000000,
    "sellingAndMarketingExpenses": 573000000,
    "sellingGeneralAndAdministrativeExpenses": 1244000000,
    "otherExpenses": 208000000,
    "operatingExpenses": 1452000000,
    "costAndExpenses": 1452000000,
    "interestIncome": 4000000,
    "interestExpense": 98000000,
    "depreciationAndAmortization": 158000000,
    "ebitda": -22000000,
    "ebitdaratio": -0.0192813322,
    "operatingIncome": -311000000,
    "operatingIncomeRatio": -0.2725679229,
    "totalOtherIncomeExpensesNet": 33000000,
    "incomeBeforeTax": -278000000,
    "incomeBeforeTaxRatio": -0.2436459246,
    "incomeTaxExpense": -223000000,
    "netIncome": -55000000,
    "netIncomeRatio": -0.0482033304,
    "eps": -1.34,
    "epsdiluted": -1.34,
    "weightedAverageShsOut": 40973000,
    "weightedAverageShsOutDil": 40973000,
    "link": "https://www.sec.gov/Archives/edgar/data/1075531/000107553121000030/0001075531-21-000030-index.htm",
    "finalLink": "https://www.sec.gov/Archives/edgar/data/1075531/000107553121000030/bkng-20210331.htm"
  },
  {
    "date": "2020-12-31",
    "symbol": "BKNG",
    "reportedCurrency": "USD",
    "cik": "0001075531",
    "fillingDate": "2021-02-24",
    "acceptedDate": "2021-02-24 17:20:19",
    "calendarYear": "2020",
    "period": "Q4",
    "revenue": 1238000000,
    "costOfRevenue": 0,
    "grossProfit": 1238000000,
    "grossProfitRatio": 1,
    "researchAndDevelopmentExpenses": 0,
    "generalAndAdministrativeExpenses": 619000000,
    "sellingAndMarketingExpenses": 504000000,
    "sellingGeneralAndAdministrativeExpenses": 1123000000,
    "otherExpenses": 268000000,
    "operatingExpenses": 1391000000,
    "costAndExpenses": 1391000000,
    "interestIncome": 5000000,
    "interestExpense": 98000000,
    "depreciationAndAmortization": 161000000,
    "ebitda": 504000000,
    "ebitdaratio": 0.4071082391,
    "operatingIncome": -153000000,
    "operatingIncomeRatio": -0.1235864297,
    "totalOtherIncomeExpensesNet": 398000000,
    "incomeBeforeTax": 245000000,
    "incomeBeforeTaxRatio": 0.1978998384,
    "incomeTaxExpense": 410000000,
    "netIncome": -165000000,
    "netIncomeRatio": -0.133279483,
    "eps": -4.03,
    "epsdiluted": -4.03,
    "weightedAverageShsOut": 40944000,
    "weightedAverageShsOutDil": 40944000,
    "link": "https://www.sec.gov/Archives/edgar/data/1075531/000107553121000019/0001075531-21-000019-index.htm",
    "finalLink": "https://www.sec.gov/Archives/edgar/data/1075531/000107553121000019/bkng-20201231.htm"
  },
  {
    "date": "2020-09-30",
    "symbol": "BKNG",
    "reportedCurrency": "USD",
    "cik": "0001075531",
    "fillingDate": "2020-11-05",
    "acceptedDate": "2020-11-05 17:22:29",
    "calendarYear": "2020",
    "period": "Q3",
    "revenue": 2640000000,
    "costOfRevenue": 0,
    "grossProfit": 2640000000,
    "grossProfitRatio": 1,
    "researchAndDevelopmentExpenses": 0,
    "generalAndAdministrativeExpenses": 665000000,
    "sellingAndMarketingExpenses": 860000000,
    "sellingGeneralAndAdministrativeExpenses": 1525000000,
    "otherExpenses": 800000000,
    "operatingExpenses": 2325000000,
    "costAndExpenses": 2325000000,
    "interestIncome": 5000000,
    "interestExpense": 98000000,
    "depreciationAndAmortization": 161000000,
    "ebitda": 1094000000,
    "ebitdaratio": 0.4143939394,
    "operatingIncome": 315000000,
    "operatingIncomeRatio": 0.1193181818,
    "totalOtherIncomeExpensesNet": 520000000,
    "incomeBeforeTax": 835000000,
    "incomeBeforeTaxRatio": 0.3162878788,
    "incomeTaxExpense": 34000000,
    "netIncome": 801000000,
    "netIncomeRatio": 0.3034090909,
    "eps": 19.56,
    "epsdiluted": 19.49,
    "weightedAverageShsOut": 40935000,
    "weightedAverageShsOutDil": 41081000,
    "link": "https://www.sec.gov/Archives/edgar/data/1075531/000107553120000073/0001075531-20-000073-index.htm",
    "finalLink": "https://www.sec.gov/Archives/edgar/data/1075531/000107553120000073/bkng-20200930.htm"
  },
  {
    "date": "2020-06-30",
    "symbol": "BKNG",
    "reportedCurrency": "USD",
    "cik": "0001075531",
    "fillingDate": "2020-08-06",
    "acceptedDate": "2020-08-06 17:18:22",
    "calendarYear": "2020",
    "period": "Q2",
    "revenue": 630000000,
    "costOfRevenue": 0,
    "grossProfit": 630000000,
    "grossProfitRatio": 1,
    "researchAndDevelopmentExpenses": 0,
    "generalAndAdministrativeExpenses": 556000000,
    "sellingAndMarketingExpenses": 342000000,
    "sellingGeneralAndAdministrativeExpenses": 898000000,
    "otherExpenses": 216000000,
    "operatingExpenses": 1114000000,
    "costAndExpenses": 1114000000,
    "interestIncome": 12000000,
    "interestExpense": 96000000,
    "depreciationAndAmortization": 157000000,
    "ebitda": 462000000,
    "ebitdaratio": 0.7333333333,
    "operatingIncome": -484000000,
    "operatingIncomeRatio": -0.7682539683,
    "totalOtherIncomeExpensesNet": 693000000,
    "incomeBeforeTax": 209000000,
    "incomeBeforeTaxRatio": 0.3317460317,
    "incomeTaxExpense": 87000000,
    "netIncome": 122000000,
    "netIncomeRatio": 0.1936507937,
    "eps": 2.98,
    "epsdiluted": 2.97,
    "weightedAverageShsOut": 40922000,
    "weightedAverageShsOutDil": 40995000,
    "link": "https://www.sec.gov/Archives/edgar/data/1075531/000107553120000050/0001075531-20-000050-index.htm",
    "finalLink": "https://www.sec.gov/Archives/edgar/data/1075531/000107553120000050/bkng-20200630.htm"
  },
  {
    "date": "2020-03-31",
    "symbol": "BKNG",
    "reportedCurrency": "USD",
    "cik": "0001075531",
    "fillingDate": "2020-05-07",
    "acceptedDate": "2020-05-07 17:24:09",
    "calendarYear": "2020",
    "period": "Q1",
    "revenue": 2288000000,
    "costOfRevenue": 0,
    "grossProfit": 2288000000,
    "grossProfitRatio": 1,
    "researchAndDevelopmentExpenses": 0,
    "generalAndAdministrativeExpenses": 685000000,
    "sellingAndMarketingExpenses": 1228000000,
    "sellingGeneralAndAdministrativeExpenses": 1913000000,
    "otherExpenses": 684000000,
    "operatingExpenses": 2597000000,
    "costAndExpenses": 2597000000,
    "interestIncome": 32000000,
    "interestExpense": 64000000,
    "depreciationAndAmortization": 163000000,
    "ebitda": -495000000,
    "ebitdaratio": -0.2163461538,
    "operatingIncome": -309000000,
    "operatingIncomeRatio": -0.1350524476,
    "totalOtherIncomeExpensesNet": -413000000,
    "incomeBeforeTax": -722000000,
    "incomeBeforeTaxRatio": -0.3155594406,
    "incomeTaxExpense": -23000000,
    "netIncome": -699000000,
    "netIncomeRatio": -0.305506993,
    "eps": -17.01,
    "epsdiluted": -17.01,
    "weightedAverageShsOut": 41093000,
    "weightedAverageShsOutDil": 41093000,
    "link": "https://www.sec.gov/Archives/edgar/data/1075531/000107553120000027/0001075531-20-000027-index.htm",
    "finalLink": "https://www.sec.gov/Archives/edgar/data/1075531/000107553120000027/bkng3312010q.htm"
  },
  {
    "date": "2019-12-31",
    "symbol": "BKNG",
    "reportedCurrency": "USD",
    "cik": "0001075531",
    "fillingDate": "2020-02-26",
    "acceptedDate": "2020-02-26 17:08:40",
    "calendarYear": "2019",
    "period": "Q4",
    "revenue": 3339000000,
    "costOfRevenue": 0,
    "grossProfit": 3339000000,
    "grossProfitRatio": 1,
    "researchAndDevelopmentExpenses": 79000000,
    "generalAndAdministrativeExpenses": 763000000,
    "sellingAndMarketingExpenses": 1208000000,
    "sellingGeneralAndAdministrativeExpenses": 1971000000,
    "otherExpenses": 117000000,
    "operatingExpenses": 2167000000,
    "costAndExpenses": 2167000000,
    "interestIncome": 39000000,
    "interestExpense": 62000000,
    "depreciationAndAmortization": 162000000,
    "ebitda": 1644000000,
    "ebitdaratio": 0.4923629829,
    "operatingIncome": 1172000000,
    "operatingIncomeRatio": 0.3510032944,
    "totalOtherIncomeExpensesNet": 248000000,
    "incomeBeforeTax": 1420000000,
    "incomeBeforeTaxRatio": 0.4252770291,
    "incomeTaxExpense": 249000000,
    "netIncome": 1171000000,
    "netIncomeRatio": 0.3507038035,
    "eps": 28.07,
    "epsdiluted": 27.75,
    "weightedAverageShsOut": 41724000,
    "weightedAverageShsOutDil": 42210000,
    "link": "https://www.sec.gov/Archives/edgar/data/1075531/000107553120000011/0001075531-20-000011-index.htm",
    "finalLink": "https://www.sec.gov/Archives/edgar/data/1075531/000107553120000011/bkng1231201910k.htm"
  },
  {
    "date": "2019-09-30",
    "symbol": "BKNG",
    "reportedCurrency": "USD",
    "cik": "0001075531",
    "fillingDate": "2019-11-07",
    "acceptedDate": "2019-11-07 17:17:37",
    "calendarYear": "2019",
    "period": "Q3",
    "revenue": 5040000000,
    "costOfRevenue": 0,
    "grossProfit": 5040000000,
    "grossProfitRatio": 1,
    "researchAndDevelopmentExpenses": 71000000,
    "generalAndAdministrativeExpenses": 791000000,
    "sellingAndMarketingExpenses": 1691000000,
    "sellingGeneralAndAdministrativeExpenses": 2482000000,
    "otherExpenses": 117000000,
    "operatingExpenses": 2670000000,
    "costAndExpenses": 2670000000,
    "interestIncome": 44000000,
    "interestExpense": 70000000,
    "depreciationAndAmortization": 159000000,
    "ebitda": 2592000000,
    "ebitdaratio": 0.5142857143,
    "operatingIncome": 2370000000,
    "operatingIncomeRatio": 0.4702380952,
    "totalOtherIncomeExpensesNet": -7000000,
    "incomeBeforeTax": 2363000000,
    "incomeBeforeTaxRatio": 0.4688492063,
    "incomeTaxExpense": 413000000,
    "netIncome": 1950000000,
    "netIncomeRatio": 0.3869047619,
    "eps": 46.01,
    "epsdiluted": 45.54,
    "weightedAverageShsOut": 42389000,
    "weightedAverageShsOutDil": 42831000,
    "link": "https://www.sec.gov/Archives/edgar/data/1075531/000107553119000064/0001075531-19-000064-index.htm",
    "finalLink": "https://www.sec.gov/Archives/edgar/data/1075531/000107553119000064/bkng9301910q.htm"
  },
  {
    "date": "2019-06-30",
    "symbol": "BKNG",
    "reportedCurrency": "USD",
    "cik": "0001075531",
    "fillingDate": "2019-08-07",
    "acceptedDate": "2019-08-07 17:14:11",
    "calendarYear": "2019",
    "period": "Q2",
    "revenue": 3850000000,
    "costOfRevenue": 0,
    "grossProfit": 3850000000,
    "grossProfitRatio": 1,
    "researchAndDevelopmentExpenses": 70000000,
    "generalAndAdministrativeExpenses": 799000000,
    "sellingAndMarketingExpenses": 1615000000,
    "sellingGeneralAndAdministrativeExpenses": 2414000000,
    "otherExpenses": 119000000,
    "operatingExpenses": 2603000000,
    "costAndExpenses": 2603000000,
    "interestIncome": 34000000,
    "interestExpense": 68000000,
    "depreciationAndAmortization": 162000000,
    "ebitda": 1437000000,
    "ebitdaratio": 0.3732467532,
    "operatingIncome": 1247000000,
    "operatingIncomeRatio": 0.3238961039,
    "totalOtherIncomeExpensesNet": -40000000,
    "incomeBeforeTax": 1207000000,
    "incomeBeforeTaxRatio": 0.3135064935,
    "incomeTaxExpense": 228000000,
    "netIncome": 979000000,
    "netIncomeRatio": 0.2542857143,
    "eps": 22.62,
    "epsdiluted": 22.44,
    "weightedAverageShsOut": 43251000,
    "weightedAverageShsOutDil": 43601000,
    "link": "https://www.sec.gov/Archives/edgar/data/1075531/000107553119000043/0001075531-19-000043-index.htm",
    "finalLink": "https://www.sec.gov/Archives/edgar/data/1075531/000107553119000043/bkng6301910q.htm"
  },
  {
    "date": "2019-03-31",
    "symbol": "BKNG",
    "reportedCurrency": "USD",
    "cik": "0001075531",
    "fillingDate": "2019-05-09",
    "acceptedDate": "2019-05-09 17:05:25",
    "calendarYear": "2019",
    "period": "Q1",
    "revenue": 2837000000,
    "costOfRevenue": 0,
    "grossProfit": 2837000000,
    "grossProfitRatio": 1,
    "researchAndDevelopmentExpenses": 65000000,
    "generalAndAdministrativeExpenses": 692000000,
    "sellingAndMarketingExpenses": 1408000000,
    "sellingGeneralAndAdministrativeExpenses": 2100000000,
    "otherExpenses": 116000000,
    "operatingExpenses": 2281000000,
    "costAndExpenses": 2281000000,
    "interestIncome": 35000000,
    "interestExpense": 66000000,
    "depreciationAndAmortization": 158000000,
    "ebitda": 1192000000,
    "ebitdaratio": 0.4201621431,
    "operatingIncome": 556000000,
    "operatingIncomeRatio": 0.1959816708,
    "totalOtherIncomeExpensesNet": 412000000,
    "incomeBeforeTax": 968000000,
    "incomeBeforeTaxRatio": 0.3412054988,
    "incomeTaxExpense": 203000000,
    "netIncome": 765000000,
    "netIncomeRatio": 0.2696510398,
    "eps": 17.01,
    "epsdiluted": 16.85,
    "weightedAverageShsOut": 45007000,
    "weightedAverageShsOutDil": 45436000,
    "link": "https://www.sec.gov/Archives/edgar/data/1075531/000107553119000021/0001075531-19-000021-index.htm",
    "finalLink": "https://www.sec.gov/Archives/edgar/data/1075531/000107553119000021/bkng3311910q.htm"
  },
  {
    "date": "2018-12-31",
    "symbol": "BKNG",
    "reportedCurrency": "USD",
    "cik": "0001075531",
    "fillingDate": "2019-02-27",
    "acceptedDate": "2019-02-27 17:10:04",
    "calendarYear": "2018",
    "period": "Q4",
    "revenue": 3212615000,
    "costOfRevenue": 0,
    "grossProfit": 3212615000,
    "grossProfitRatio": 1,
    "researchAndDevelopmentExpenses": 55867000,
    "generalAndAdministrativeExpenses": 679008000,
    "sellingAndMarketingExpenses": 1226216000,
    "sellingGeneralAndAdministrativeExpenses": 1905224000,
    "otherExpenses": 108603000,
    "operatingExpenses": 2069694000,
    "costAndExpenses": 2069694000,
    "interestIncome": 45790000,
    "interestExpense": 65758000,
    "depreciationAndAmortization": 108603000,
    "ebitda": 806267000,
    "ebitdaratio": 0.2509690704,
    "operatingIncome": 1142921000,
    "operatingIncomeRatio": 0.3557603385,
    "totalOtherIncomeExpensesNet": -511015000,
    "incomeBeforeTax": 631906000,
    "incomeBeforeTaxRatio": 0.1966952156,
    "incomeTaxExpense": -13934000,
    "netIncome": 645840000,
    "netIncomeRatio": 0.2010324922,
    "eps": 14,
    "epsdiluted": 13.86,
    "weightedAverageShsOut": 46136000,
    "weightedAverageShsOutDil": 46589000,
    "link": "https://www.sec.gov/Archives/edgar/data/1075531/000107553119000009/0001075531-19-000009-index.htm",
    "finalLink": "https://www.sec.gov/Archives/edgar/data/1075531/000107553119000009/bkng1231201810k.htm"
  },
  {
    "date": "2018-09-30",
    "symbol": "BKNG",
    "reportedCurrency": "USD",
    "cik": "0001075531",
    "fillingDate": "2018-11-05",
    "acceptedDate": "2018-11-05 17:01:56",
    "calendarYear": "2018",
    "period": "Q3",
    "revenue": 4849000000,
    "costOfRevenue": 0,
    "grossProfit": 4849000000,
    "grossProfitRatio": 1,
    "researchAndDevelopmentExpenses": 58000000,
    "generalAndAdministrativeExpenses": 720000000,
    "sellingAndMarketingExpenses": 1717000000,
    "sellingGeneralAndAdministrativeExpenses": 2437000000,
    "otherExpenses": 107000000,
    "operatingExpenses": 2602000000,
    "costAndExpenses": 2602000000,
    "interestIncome": 48000000,
    "interestExpense": 68000000,
    "depreciationAndAmortization": 107000000,
    "ebitda": 2415000000,
    "ebitdaratio": 0.4980408332,
    "operatingIncome": 2247000000,
    "operatingIncomeRatio": 0.4633945143,
    "totalOtherIncomeExpensesNet": -7000000,
    "incomeBeforeTax": 2240000000,
    "incomeBeforeTaxRatio": 0.4619509177,
    "incomeTaxExpense": 473000000,
    "netIncome": 1767000000,
    "netIncomeRatio": 0.364405032,
    "eps": 37.39,
    "epsdiluted": 37.02,
    "weightedAverageShsOut": 47268000,
    "weightedAverageShsOutDil": 47751000,
    "link": "https://www.sec.gov/Archives/edgar/data/1075531/000107553118000050/0001075531-18-000050-index.htm",
    "finalLink": "https://www.sec.gov/Archives/edgar/data/1075531/000107553118000050/bkng9301810q.htm"
  },
  {
    "date": "2018-06-30",
    "symbol": "BKNG",
    "reportedCurrency": "USD",
    "cik": "0001075531",
    "fillingDate": "2018-08-09",
    "acceptedDate": "2018-08-09 09:03:52",
    "calendarYear": "2018",
    "period": "Q2",
    "revenue": 3537000000,
    "costOfRevenue": 0,
    "grossProfit": 3537000000,
    "grossProfitRatio": 1,
    "researchAndDevelopmentExpenses": 59000000,
    "generalAndAdministrativeExpenses": 681000000,
    "sellingAndMarketingExpenses": 1469000000,
    "sellingGeneralAndAdministrativeExpenses": 2150000000,
    "otherExpenses": 107000000,
    "operatingExpenses": 2316000000,
    "costAndExpenses": 2316000000,
    "interestIncome": 46000000,
    "interestExpense": 65000000,
    "depreciationAndAmortization": 107000000,
    "ebitda": 1382000000,
    "ebitdaratio": 0.3907266045,
    "operatingIncome": 1221000000,
    "operatingIncomeRatio": 0.3452078032,
    "totalOtherIncomeExpensesNet": -11000000,
    "incomeBeforeTax": 1210000000,
    "incomeBeforeTaxRatio": 0.342097823,
    "incomeTaxExpense": 232000000,
    "netIncome": 978000000,
    "netIncomeRatio": 0.2765055131,
    "eps": 20.34,
    "epsdiluted": 20.13,
    "weightedAverageShsOut": 48055000,
    "weightedAverageShsOutDil": 48550000,
    "link": "https://www.sec.gov/Archives/edgar/data/1075531/000107553118000044/0001075531-18-000044-index.htm",
    "finalLink": "https://www.sec.gov/Archives/edgar/data/1075531/000107553118000044/bkng6301810q.htm"
  },
  {
    "date": "2018-03-31",
    "symbol": "BKNG",
    "reportedCurrency": "USD",
    "cik": "0001075531",
    "fillingDate": "2018-05-09",
    "acceptedDate": "2018-05-09 17:14:18",
    "calendarYear": "2018",
    "period": "Q1",
    "revenue": 2928000000,
    "costOfRevenue": 0,
    "grossProfit": 2928000000,
    "grossProfitRatio": 1,
    "researchAndDevelopmentExpenses": 60000000,
    "generalAndAdministrativeExpenses": 662000000,
    "sellingAndMarketingExpenses": 1373000000,
    "sellingGeneralAndAdministrativeExpenses": 2035000000,
    "otherExpenses": 103000000,
    "operatingExpenses": 2198000000,
    "costAndExpenses": 2198000000,
    "interestIncome": 47000000,
    "interestExpense": 70000000,
    "depreciationAndAmortization": 103000000,
    "ebitda": 926000000,
    "ebitdaratio": 0.3162568306,
    "operatingIncome": 730000000,
    "operatingIncomeRatio": 0.2493169399,
    "totalOtherIncomeExpensesNet": 23000000,
    "incomeBeforeTax": 753000000,
    "incomeBeforeTaxRatio": 0.2571721311,
    "incomeTaxExpense": 146000000,
    "netIncome": 607000000,
    "netIncomeRatio": 0.2073087432,
    "eps": 12.56,
    "epsdiluted": 12.34,
    "weightedAverageShsOut": 48349000,
    "weightedAverageShsOutDil": 49205000,
    "link": "https://www.sec.gov/Archives/edgar/data/1075531/000107553118000029/0001075531-18-000029-index.htm",
    "finalLink": "https://www.sec.gov/Archives/edgar/data/1075531/000107553118000029/bkng3311810q.htm"
  },
  {
    "date": "2017-12-31",
    "symbol": "BKNG",
    "reportedCurrency": "USD",
    "cik": "0001075531",
    "fillingDate": "2018-02-27",
    "acceptedDate": "2018-02-27 17:17:39",
    "calendarYear": "2017",
    "period": "Q4",
    "revenue": 2803093000,
    "costOfRevenue": 33150000,
    "grossProfit": 2769943000,
    "grossProfitRatio": 0.988173778,
    "researchAndDevelopmentExpenses": 56667000,
    "generalAndAdministrativeExpenses": 604942000,
    "sellingAndMarketingExpenses": 1024302000,
    "sellingGeneralAndAdministrativeExpenses": 1629244000,
    "otherExpenses": 97562000,
    "operatingExpenses": 1783473000,
    "costAndExpenses": 1816623000,
    "interestIncome": 46898000,
    "interestExpense": 70979000,
    "depreciationAndAmortization": 97562000,
    "ebitda": 1109291000,
    "ebitdaratio": 0.3957382078,
    "operatingIncome": 986470000,
    "operatingIncomeRatio": 0.3519219662,
    "totalOtherIncomeExpensesNet": -45720000,
    "incomeBeforeTax": 940750000,
    "incomeBeforeTaxRatio": 0.3356114121,
    "incomeTaxExpense": 1496208000,
    "netIncome": -555458000,
    "netIncomeRatio": -0.1981589623,
    "eps": -11.41,
    "epsdiluted": -11.41,
    "weightedAverageShsOut": 48679000,
    "weightedAverageShsOutDil": 48679000,
    "link": "https://www.sec.gov/Archives/edgar/data/1075531/000107553118000015/0001075531-18-000015-index.htm",
    "finalLink": "https://www.sec.gov/Archives/edgar/data/1075531/000107553118000015/pcln-20171231_10k.htm"
  },
  {
    "date": "2017-09-30",
    "symbol": "BKNG",
    "reportedCurrency": "USD",
    "cik": "0001075531",
    "fillingDate": "2017-11-07",
    "acceptedDate": "2017-11-06 19:25:45",
    "calendarYear": "2017",
    "period": "Q3",
    "revenue": 4434029000,
    "costOfRevenue": 54181000,
    "grossProfit": 4379848000,
    "grossProfitRatio": 0.9877806392,
    "researchAndDevelopmentExpenses": 47901000,
    "generalAndAdministrativeExpenses": 626261000,
    "sellingAndMarketingExpenses": 1507975000,
    "sellingGeneralAndAdministrativeExpenses": 2134236000,
    "otherExpenses": 95910000,
    "operatingExpenses": 2278047000,
    "costAndExpenses": 2332228000,
    "interestIncome": 41483000,
    "interestExpense": 66338000,
    "depreciationAndAmortization": 95910000,
    "ebitda": 2229093000,
    "ebitdaratio": 0.5027240462,
    "operatingIncome": 2101801000,
    "operatingIncomeRatio": 0.4740160698,
    "totalOtherIncomeExpensesNet": -34956000,
    "incomeBeforeTax": 2066845000,
    "incomeBeforeTaxRatio": 0.4661324948,
    "incomeTaxExpense": 346454000,
    "netIncome": 1720391000,
    "netIncomeRatio": 0.3879972368,
    "eps": 35.12,
    "epsdiluted": 34.43,
    "weightedAverageShsOut": 48981000,
    "weightedAverageShsOutDil": 49972000,
    "link": "https://www.sec.gov/Archives/edgar/data/1075531/000107553117000036/0001075531-17-000036-index.htm",
    "finalLink": "https://www.sec.gov/Archives/edgar/data/1075531/000107553117000036/pcln9301710q.htm"
  },
  {
    "date": "2017-06-30",
    "symbol": "BKNG",
    "reportedCurrency": "USD",
    "cik": "0001075531",
    "fillingDate": "2017-08-08",
    "acceptedDate": "2017-08-08 17:04:24",
    "calendarYear": "2017",
    "period": "Q2",
    "revenue": 3024556000,
    "costOfRevenue": 67425000,
    "grossProfit": 2957131000,
    "grossProfitRatio": 0.9777074718,
    "researchAndDevelopmentExpenses": 44831000,
    "generalAndAdministrativeExpenses": 529590000,
    "sellingAndMarketingExpenses": 1403579000,
    "sellingGeneralAndAdministrativeExpenses": 1933169000,
    "otherExpenses": 85872000,
    "operatingExpenses": 2063872000,
    "costAndExpenses": 2131297000,
    "interestIncome": 36821000,
    "interestExpense": 60942000,
    "depreciationAndAmortization": 85872000,
    "ebitda": 1009931000,
    "ebitdaratio": 0.3339104979,
    "operatingIncome": 893259000,
    "operatingIncomeRatio": 0.2953355798,
    "totalOtherIncomeExpensesNet": -30142000,
    "incomeBeforeTax": 863117000,
    "incomeBeforeTaxRatio": 0.2853698196,
    "incomeTaxExpense": 142908000,
    "netIncome": 720209000,
    "netIncomeRatio": 0.2381205704,
    "eps": 14.66,
    "epsdiluted": 14.39,
    "weightedAverageShsOut": 49131000,
    "weightedAverageShsOutDil": 50056000,
    "link": "https://www.sec.gov/Archives/edgar/data/1075531/000107553117000029/0001075531-17-000029-index.htm",
    "finalLink": "https://www.sec.gov/Archives/edgar/data/1075531/000107553117000029/pcln6301710q.htm"
  },
  {
    "date": "2017-03-31",
    "symbol": "BKNG",
    "reportedCurrency": "USD",
    "cik": "0001075531",
    "fillingDate": "2017-05-09",
    "acceptedDate": "2017-05-09 17:16:40",
    "calendarYear": "2017",
    "period": "Q1",
    "revenue": 2419404000,
    "costOfRevenue": 80401000,
    "grossProfit": 2339003000,
    "grossProfitRatio": 0.9667682619,
    "researchAndDevelopmentExpenses": 39945000,
    "generalAndAdministrativeExpenses": 486577000,
    "sellingAndMarketingExpenses": 1172589000,
    "sellingGeneralAndAdministrativeExpenses": 1659166000,
    "otherExpenses": 83430000,
    "operatingExpenses": 1782541000,
    "costAndExpenses": 1862942000,
    "interestIncome": 31992000,
    "interestExpense": 55717000,
    "depreciationAndAmortization": 83430000,
    "ebitda": 666757000,
    "ebitdaratio": 0.2755872934,
    "operatingIncome": 556462000,
    "operatingIncomeRatio": 0.2299996197,
    "totalOtherIncomeExpensesNet": -28852000,
    "incomeBeforeTax": 527610000,
    "incomeBeforeTaxRatio": 0.2180743687,
    "incomeTaxExpense": 71987000,
    "netIncome": 455623000,
    "netIncomeRatio": 0.1883203467,
    "eps": 9.26,
    "epsdiluted": 9.11,
    "weightedAverageShsOut": 49192000,
    "weightedAverageShsOutDil": 50025000,
    "link": "https://www.sec.gov/Archives/edgar/data/1075531/000107553117000017/0001075531-17-000017-index.htm",
    "finalLink": "https://www.sec.gov/Archives/edgar/data/1075531/000107553117000017/pcln3311710q.htm"
  },
  {
    "date": "2016-12-31",
    "symbol": "BKNG",
    "reportedCurrency": "USD",
    "cik": "0001075531",
    "fillingDate": "2017-02-27",
    "acceptedDate": "2017-02-27 17:18:18",
    "calendarYear": "2016",
    "period": "Q4",
    "revenue": 2348433000,
    "costOfRevenue": 72072000,
    "grossProfit": 2276361000,
    "grossProfitRatio": 0.9693105999,
    "researchAndDevelopmentExpenses": 37419000,
    "generalAndAdministrativeExpenses": 477053000,
    "sellingAndMarketingExpenses": 891721000,
    "sellingGeneralAndAdministrativeExpenses": 1368774000,
    "otherExpenses": 79807000,
    "operatingExpenses": 1486000000,
    "costAndExpenses": 1558072000,
    "interestIncome": 29089000,
    "interestExpense": 55236000,
    "depreciationAndAmortization": 79807000,
    "ebitda": 897706000,
    "ebitdaratio": 0.3822574457,
    "operatingIncome": 790361000,
    "operatingIncomeRatio": 0.336548243,
    "totalOtherIncomeExpensesNet": -27698000,
    "incomeBeforeTax": 762663000,
    "incomeBeforeTaxRatio": 0.3247539955,
    "incomeTaxExpense": 88755000,
    "netIncome": 673908000,
    "netIncomeRatio": 0.2869607095,
    "eps": 13.66,
    "epsdiluted": 13.47,
    "weightedAverageShsOut": 49320000,
    "weightedAverageShsOutDil": 50020000,
    "link": "https://www.sec.gov/Archives/edgar/data/1075531/000107553117000009/0001075531-17-000009-index.htm",
    "finalLink": "https://www.sec.gov/Archives/edgar/data/1075531/000107553117000009/pcln-20161231_10k.htm"
  },
  {
    "date": "2016-09-30",
    "symbol": "BKNG",
    "reportedCurrency": "USD",
    "cik": "0001075531",
    "fillingDate": "2016-11-07",
    "acceptedDate": "2016-11-07 17:17:57",
    "calendarYear": "2016",
    "period": "Q3",
    "revenue": 3690552000,
    "costOfRevenue": 101489000,
    "grossProfit": 3589063000,
    "grossProfitRatio": 0.9725003197,
    "researchAndDevelopmentExpenses": 36389000,
    "generalAndAdministrativeExpenses": 462196000,
    "sellingAndMarketingExpenses": 1237806000,
    "sellingGeneralAndAdministrativeExpenses": 1700002000,
    "otherExpenses": 1019445000,
    "operatingExpenses": 2755836000,
    "costAndExpenses": 2857325000,
    "interestIncome": 24218000,
    "interestExpense": 55480000,
    "depreciationAndAmortization": 78745000,
    "ebitda": 931759000,
    "ebitdaratio": 0.252471446,
    "operatingIncome": 833227000,
    "operatingIncomeRatio": 0.2257730009,
    "totalOtherIncomeExpensesNet": -35693000,
    "incomeBeforeTax": 797534000,
    "incomeBeforeTaxRatio": 0.216101548,
    "incomeTaxExpense": 291517000,
    "netIncome": 506017000,
    "netIncomeRatio": 0.1371114673,
    "eps": 10.24,
    "epsdiluted": 10.13,
    "weightedAverageShsOut": 49420000,
    "weightedAverageShsOutDil": 49975000,
    "link": "https://www.sec.gov/Archives/edgar/data/1075531/000107553116000118/0001075531-16-000118-index.htm",
    "finalLink": "https://www.sec.gov/Archives/edgar/data/1075531/000107553116000118/pcln9301610q.htm"
  },
  {
    "date": "2016-06-30",
    "symbol": "BKNG",
    "reportedCurrency": "USD",
    "cik": "0001075531",
    "fillingDate": "2016-08-04",
    "acceptedDate": "2016-08-04 17:17:19",
    "calendarYear": "2016",
    "period": "Q2",
    "revenue": 2555902000,
    "costOfRevenue": 126084000,
    "grossProfit": 2429818000,
    "grossProfitRatio": 0.9506694701,
    "researchAndDevelopmentExpenses": 35797000,
    "generalAndAdministrativeExpenses": 445296000,
    "sellingAndMarketingExpenses": 1138606000,
    "sellingGeneralAndAdministrativeExpenses": 1583902000,
    "otherExpenses": 77712000,
    "operatingExpenses": 1697411000,
    "costAndExpenses": 1823495000,
    "interestIncome": 21292000,
    "interestExpense": 50290000,
    "depreciationAndAmortization": 77712000,
    "ebitda": 820550000,
    "ebitdaratio": 0.3210412606,
    "operatingIncome": 732407000,
    "operatingIncomeRatio": 0.2865551966,
    "totalOtherIncomeExpensesNet": -39859000,
    "incomeBeforeTax": 692548000,
    "incomeBeforeTaxRatio": 0.2709603107,
    "incomeTaxExpense": 111910000,
    "netIncome": 580638000,
    "netIncomeRatio": 0.2271753768,
    "eps": 11.71,
    "epsdiluted": 11.6,
    "weightedAverageShsOut": 49604000,
    "weightedAverageShsOutDil": 50059000,
    "link": "https://www.sec.gov/Archives/edgar/data/1075531/000107553116000109/0001075531-16-000109-index.htm",
    "finalLink": "https://www.sec.gov/Archives/edgar/data/1075531/000107553116000109/pcln6301610q.htm"
  },
  {
    "date": "2016-03-31",
    "symbol": "BKNG",
    "reportedCurrency": "USD",
    "cik": "0001075531",
    "fillingDate": "2016-05-04",
    "acceptedDate": "2016-05-04 08:45:11",
    "calendarYear": "2016",
    "period": "Q1",
    "revenue": 2148119000,
    "costOfRevenue": 128669000,
    "grossProfit": 2019450000,
    "grossProfitRatio": 0.9401015493,
    "researchAndDevelopmentExpenses": 32788000,
    "generalAndAdministrativeExpenses": 421396000,
    "sellingAndMarketingExpenses": 942077000,
    "sellingGeneralAndAdministrativeExpenses": 1363473000,
    "otherExpenses": 72871000,
    "operatingExpenses": 1469132000,
    "costAndExpenses": 1597801000,
    "interestIncome": 20347000,
    "interestExpense": 46894000,
    "depreciationAndAmortization": 72871000,
    "ebitda": 580258000,
    "ebitdaratio": 0.2701237687,
    "operatingIncome": 550318000,
    "operatingIncomeRatio": 0.2561859934,
    "totalOtherIncomeExpensesNet": -89825000,
    "incomeBeforeTax": 460493000,
    "incomeBeforeTaxRatio": 0.2143703398,
    "incomeTaxExpense": 86069000,
    "netIncome": 374424000,
    "netIncomeRatio": 0.1743031927,
    "eps": 7.54,
    "epsdiluted": 7.47,
    "weightedAverageShsOut": 49630000,
    "weightedAverageShsOutDil": 50129000,
    "link": "https://www.sec.gov/Archives/edgar/data/1075531/000107553116000099/0001075531-16-000099-index.htm",
    "finalLink": "https://www.sec.gov/Archives/edgar/data/1075531/000107553116000099/pcln3311610q.htm"
  },
  {
    "date": "2015-12-31",
    "symbol": "BKNG",
    "reportedCurrency": "USD",
    "cik": "0001075531",
    "fillingDate": "2016-02-17",
    "acceptedDate": "2016-02-17 08:32:42",
    "calendarYear": "2015",
    "period": "Q4",
    "revenue": 1999995000,
    "costOfRevenue": 120612000,
    "grossProfit": 1879383000,
    "grossProfitRatio": 0.9396938492,
    "researchAndDevelopmentExpenses": 32270000,
    "generalAndAdministrativeExpenses": 419348000,
    "sellingAndMarketingExpenses": 699101000,
    "sellingGeneralAndAdministrativeExpenses": 1118449000,
    "otherExpenses": 70764000,
    "operatingExpenses": 1221483000,
    "costAndExpenses": 1342095000,
    "interestIncome": 16414000,
    "interestExpense": 43767000,
    "depreciationAndAmortization": 70764000,
    "ebitda": 731061000,
    "ebitdaratio": 0.3655314138,
    "operatingIncome": 657900000,
    "operatingIncomeRatio": 0.3289508224,
    "totalOtherIncomeExpensesNet": -41370000,
    "incomeBeforeTax": 616530000,
    "incomeBeforeTaxRatio": 0.3082657707,
    "incomeTaxExpense": 112261000,
    "netIncome": 504269000,
    "netIncomeRatio": 0.2521351303,
    "eps": 10.14,
    "epsdiluted": 10,
    "weightedAverageShsOut": 49741000,
    "weightedAverageShsOutDil": 50403000,
    "link": "https://www.sec.gov/Archives/edgar/data/1075531/000107553116000084/0001075531-16-000084-index.htm",
    "finalLink": "https://www.sec.gov/Archives/edgar/data/1075531/000107553116000084/pcln-20151231_10k.htm"
  },
  {
    "date": "2015-09-30",
    "symbol": "BKNG",
    "reportedCurrency": "USD",
    "cik": "0001075531",
    "fillingDate": "2015-11-09",
    "acceptedDate": "2015-11-09 08:34:22",
    "calendarYear": "2015",
    "period": "Q3",
    "revenue": 3102901000,
    "costOfRevenue": 155619000,
    "grossProfit": 2947282000,
    "grossProfitRatio": 0.9498472558,
    "researchAndDevelopmentExpenses": 28830000,
    "generalAndAdministrativeExpenses": 415035000,
    "sellingAndMarketingExpenses": 945656000,
    "sellingGeneralAndAdministrativeExpenses": 1360691000,
    "otherExpenses": 69054000,
    "operatingExpenses": 1458575000,
    "costAndExpenses": 1614194000,
    "interestIncome": 14682000,
    "interestExpense": 41436000,
    "depreciationAndAmortization": 69054000,
    "ebitda": 1566660000,
    "ebitdaratio": 0.5049017033,
    "operatingIncome": 1488707000,
    "operatingIncomeRatio": 0.4797790842,
    "totalOtherIncomeExpensesNet": -32537000,
    "incomeBeforeTax": 1456170000,
    "incomeBeforeTaxRatio": 0.4692930906,
    "incomeTaxExpense": 259438000,
    "netIncome": 1196732000,
    "netIncomeRatio": 0.3856816573,
    "eps": 23.67,
    "epsdiluted": 23.41,
    "weightedAverageShsOut": 50550000,
    "weightedAverageShsOutDil": 51130000,
    "link": "https://www.sec.gov/Archives/edgar/data/1075531/000107553115000066/0001075531-15-000066-index.htm",
    "finalLink": "https://www.sec.gov/Archives/edgar/data/1075531/000107553115000066/pcln9301510q.htm"
  },
  {
    "date": "2015-06-30",
    "symbol": "BKNG",
    "reportedCurrency": "USD",
    "cik": "0001075531",
    "fillingDate": "2015-08-05",
    "acceptedDate": "2015-08-05 08:30:45",
    "calendarYear": "2015",
    "period": "Q2",
    "revenue": 2280397000,
    "costOfRevenue": 187491000,
    "grossProfit": 2092906000,
    "grossProfitRatio": 0.9177814214,
    "researchAndDevelopmentExpenses": 27156000,
    "generalAndAdministrativeExpenses": 388101000,
    "sellingAndMarketingExpenses": 931644000,
    "sellingGeneralAndAdministrativeExpenses": 1319745000,
    "otherExpenses": 67674000,
    "operatingExpenses": 1414575000,
    "costAndExpenses": 1602066000,
    "interestIncome": 13037000,
    "interestExpense": 41547000,
    "depreciationAndAmortization": 67674000,
    "ebitda": 757598000,
    "ebitdaratio": 0.3322219771,
    "operatingIncome": 678331000,
    "operatingIncomeRatio": 0.2974618016,
    "totalOtherIncomeExpensesNet": -29954000,
    "incomeBeforeTax": 648377000,
    "incomeBeforeTaxRatio": 0.2843263695,
    "incomeTaxExpense": 131345000,
    "netIncome": 517032000,
    "netIncomeRatio": 0.2267289424,
    "eps": 10.02,
    "epsdiluted": 9.94,
    "weightedAverageShsOut": 51589000,
    "weightedAverageShsOutDil": 52038000,
    "link": "https://www.sec.gov/Archives/edgar/data/1075531/000107553115000055/0001075531-15-000055-index.htm",
    "finalLink": "https://www.sec.gov/Archives/edgar/data/1075531/000107553115000055/pcln6301510q.htm"
  },
  {
    "date": "2015-03-31",
    "symbol": "BKNG",
    "reportedCurrency": "USD",
    "cik": "0001075531",
    "fillingDate": "2015-05-07",
    "acceptedDate": "2015-12-16 16:11:16",
    "calendarYear": "2015",
    "period": "Q1",
    "revenue": 1840694000,
    "costOfRevenue": 168458000,
    "grossProfit": 1672236000,
    "grossProfitRatio": 0.9084812576,
    "researchAndDevelopmentExpenses": 25361000,
    "generalAndAdministrativeExpenses": 359162000,
    "sellingAndMarketingExpenses": 788742000,
    "sellingGeneralAndAdministrativeExpenses": 1147904000,
    "otherExpenses": 65002000,
    "operatingExpenses": 1238267000,
    "costAndExpenses": 1406725000,
    "interestIncome": 11596000,
    "interestExpense": 33479000,
    "depreciationAndAmortization": 65002000,
    "ebitda": 505724000,
    "ebitdaratio": 0.2747463728,
    "operatingIncome": 433969000,
    "operatingIncomeRatio": 0.2357637934,
    "totalOtherIncomeExpensesNet": -26726000,
    "incomeBeforeTax": 407243000,
    "incomeBeforeTaxRatio": 0.2212442698,
    "incomeTaxExpense": 73916000,
    "netIncome": 333327000,
    "netIncomeRatio": 0.1810876767,
    "eps": 6.42,
    "epsdiluted": 6.36,
    "weightedAverageShsOut": 51909000,
    "weightedAverageShsOutDil": 52406000,
    "link": "https://www.sec.gov/Archives/edgar/data/1075531/000107553115000074/0001075531-15-000074-index.htm",
    "finalLink": "https://www.sec.gov/Archives/edgar/data/1075531/000107553115000074/pcln3311510q.htm"
  },
  {
    "date": "2014-12-31",
    "symbol": "BKNG",
    "reportedCurrency": "USD",
    "cik": "0001075531",
    "fillingDate": "2015-02-19",
    "acceptedDate": "2015-02-19 08:38:13",
    "calendarYear": "2014",
    "period": "Q4",
    "revenue": 1840097000,
    "costOfRevenue": 165412000,
    "grossProfit": 1674685000,
    "grossProfitRatio": 0.9101069128,
    "researchAndDevelopmentExpenses": 25430000,
    "generalAndAdministrativeExpenses": 365256000,
    "sellingAndMarketingExpenses": 633574000,
    "sellingGeneralAndAdministrativeExpenses": 998830000,
    "otherExpenses": 71558000,
    "operatingExpenses": 1095818000,
    "costAndExpenses": 1261230000,
    "interestIncome": 8768000,
    "interestExpense": 30549000,
    "depreciationAndAmortization": 71558000,
    "ebitda": 654148000,
    "ebitdaratio": 0.3554964765,
    "operatingIncome": 578867000,
    "operatingIncomeRatio": 0.3145850463,
    "totalOtherIncomeExpensesNet": -26826000,
    "incomeBeforeTax": 552041000,
    "incomeBeforeTaxRatio": 0.3000064671,
    "incomeTaxExpense": 100210000,
    "netIncome": 451831000,
    "netIncomeRatio": 0.2455473815,
    "eps": 8.64,
    "epsdiluted": 8.52,
    "weightedAverageShsOut": 52301000,
    "weightedAverageShsOutDil": 53023000,
    "link": "https://www.sec.gov/Archives/edgar/data/1075531/000107553115000007/0001075531-15-000007-index.htm",
    "finalLink": "https://www.sec.gov/Archives/edgar/data/1075531/000107553115000007/pcln-20141231_10k.htm"
  },
  {
    "date": "2014-09-30",
    "symbol": "BKNG",
    "reportedCurrency": "USD",
    "cik": "0001075531",
    "fillingDate": "2014-11-04",
    "acceptedDate": "2014-11-04 08:42:16",
    "calendarYear": "2014",
    "period": "Q3",
    "revenue": 2836497000,
    "costOfRevenue": 216519000,
    "grossProfit": 2619978000,
    "grossProfitRatio": 0.9236667622,
    "researchAndDevelopmentExpenses": 24802000,
    "generalAndAdministrativeExpenses": 357373000,
    "sellingAndMarketingExpenses": 857499000,
    "sellingGeneralAndAdministrativeExpenses": 1214872000,
    "otherExpenses": 57599000,
    "operatingExpenses": 1297273000,
    "costAndExpenses": 1513792000,
    "interestIncome": 2490000,
    "interestExpense": 22953000,
    "depreciationAndAmortization": 57599000,
    "ebitda": 1386141000,
    "ebitdaratio": 0.4886805803,
    "operatingIncome": 1322705000,
    "operatingIncomeRatio": 0.4663163754,
    "totalOtherIncomeExpensesNet": -17116000,
    "incomeBeforeTax": 1305589000,
    "incomeBeforeTaxRatio": 0.460282172,
    "incomeTaxExpense": 243336000,
    "netIncome": 1062253000,
    "netIncomeRatio": 0.3744946672,
    "eps": 20.27,
    "epsdiluted": 20.03,
    "weightedAverageShsOut": 52405000,
    "weightedAverageShsOutDil": 53024000,
    "link": "https://www.sec.gov/Archives/edgar/data/1075531/000107553114000066/0001075531-14-000066-index.htm",
    "finalLink": "https://www.sec.gov/Archives/edgar/data/1075531/000107553114000066/pcln9301410q.htm"
  },
  {
    "date": "2014-06-30",
    "symbol": "BKNG",
    "reportedCurrency": "USD",
    "cik": "0001075531",
    "fillingDate": "2014-08-11",
    "acceptedDate": "2014-08-11 08:33:00",
    "calendarYear": "2014",
    "period": "Q2",
    "revenue": 2123575000,
    "costOfRevenue": 240579000,
    "grossProfit": 1882996000,
    "grossProfitRatio": 0.8867103823,
    "researchAndDevelopmentExpenses": 24042000,
    "generalAndAdministrativeExpenses": 312919000,
    "sellingAndMarketingExpenses": 772734000,
    "sellingGeneralAndAdministrativeExpenses": 1085653000,
    "otherExpenses": 40287000,
    "operatingExpenses": 1149982000,
    "costAndExpenses": 1390561000,
    "interestIncome": 1634000,
    "interestExpense": 17106000,
    "depreciationAndAmortization": 40287000,
    "ebitda": 773158000,
    "ebitdaratio": 0.3640832087,
    "operatingIncome": 733014000,
    "operatingIncomeRatio": 0.3451792378,
    "totalOtherIncomeExpensesNet": -17249000,
    "incomeBeforeTax": 715765000,
    "incomeBeforeTaxRatio": 0.3370566144,
    "incomeTaxExpense": 139314000,
    "netIncome": 576451000,
    "netIncomeRatio": 0.2714530921,
    "eps": 11,
    "epsdiluted": 10.89,
    "weightedAverageShsOut": 52397000,
    "weightedAverageShsOutDil": 52955000,
    "link": "https://www.sec.gov/Archives/edgar/data/1075531/000107553114000049/0001075531-14-000049-index.htm",
    "finalLink": "https://www.sec.gov/Archives/edgar/data/1075531/000107553114000049/pcln6301410q.htm"
  },
  {
    "date": "2014-03-31",
    "symbol": "BKNG",
    "reportedCurrency": "USD",
    "cik": "0001075531",
    "fillingDate": "2014-05-08",
    "acceptedDate": "2014-05-08 08:46:38",
    "calendarYear": "2014",
    "period": "Q1",
    "revenue": 1641802000,
    "costOfRevenue": 235331000,
    "grossProfit": 1406471000,
    "grossProfitRatio": 0.8566629837,
    "researchAndDevelopmentExpenses": 23224000,
    "generalAndAdministrativeExpenses": 267512000,
    "sellingAndMarketingExpenses": 638633000,
    "sellingGeneralAndAdministrativeExpenses": 906145000,
    "otherExpenses": 38376000,
    "operatingExpenses": 967745000,
    "costAndExpenses": 1203076000,
    "interestIncome": 1041000,
    "interestExpense": 17745000,
    "depreciationAndAmortization": 38376000,
    "ebitda": 472174000,
    "ebitdaratio": 0.2875949719,
    "operatingIncome": 438726000,
    "operatingIncomeRatio": 0.2672222351,
    "totalOtherIncomeExpensesNet": -22673000,
    "incomeBeforeTax": 416053000,
    "incomeBeforeTaxRatio": 0.253412409,
    "incomeTaxExpense": 84835000,
    "netIncome": 331218000,
    "netIncomeRatio": 0.2017405266,
    "eps": 6.35,
    "epsdiluted": 6.25,
    "weightedAverageShsOut": 52153000,
    "weightedAverageShsOutDil": 53018000,
    "link": "https://www.sec.gov/Archives/edgar/data/1075531/000107553114000029/0001075531-14-000029-index.htm",
    "finalLink": "https://www.sec.gov/Archives/edgar/data/1075531/000107553114000029/pcln3311410q.htm"
  },
  {
    "date": "2013-12-31",
    "symbol": "BKNG",
    "reportedCurrency": "USD",
    "cik": "0001075531",
    "fillingDate": "2014-02-20",
    "acceptedDate": "2014-02-20 16:38:33",
    "calendarYear": "2013",
    "period": "Q4",
    "revenue": 1541153000,
    "costOfRevenue": 207852000,
    "grossProfit": 1333301000,
    "grossProfitRatio": 0.8651321446,
    "researchAndDevelopmentExpenses": 23173000,
    "generalAndAdministrativeExpenses": 286833000,
    "sellingAndMarketingExpenses": 485327000,
    "sellingGeneralAndAdministrativeExpenses": 772160000,
    "otherExpenses": 37121000,
    "operatingExpenses": 832454000,
    "costAndExpenses": 1040306000,
    "interestIncome": 1285000,
    "interestExpense": 22192000,
    "depreciationAndAmortization": 37121000,
    "ebitda": 509500000,
    "ebitdaratio": 0.3305966377,
    "operatingIncome": 500847000,
    "operatingIncomeRatio": 0.3249820102,
    "totalOtherIncomeExpensesNet": -50660000,
    "incomeBeforeTax": 450187000,
    "incomeBeforeTaxRatio": 0.2921105173,
    "incomeTaxExpense": 72110000,
    "netIncome": 378077000,
    "netIncomeRatio": 0.2453208734,
    "eps": 7.32,
    "epsdiluted": 7.14,
    "weightedAverageShsOut": 51632000,
    "weightedAverageShsOutDil": 52938000,
    "link": "https://www.sec.gov/Archives/edgar/data/1075531/000107553114000007/0001075531-14-000007-index.htm",
    "finalLink": "https://www.sec.gov/Archives/edgar/data/1075531/000107553114000007/pcln-20131231_10k.htm"
  },
  {
    "date": "2013-09-30",
    "symbol": "BKNG",
    "reportedCurrency": "USD",
    "cik": "0001075531",
    "fillingDate": "2013-11-07",
    "acceptedDate": "2013-11-07 16:14:35",
    "calendarYear": "2013",
    "period": "Q3",
    "revenue": 2269903000,
    "costOfRevenue": 280838000,
    "grossProfit": 1989065000,
    "grossProfitRatio": 0.8762775326,
    "researchAndDevelopmentExpenses": 18536000,
    "generalAndAdministrativeExpenses": 249556000,
    "sellingAndMarketingExpenses": 638329000,
    "sellingGeneralAndAdministrativeExpenses": 887885000,
    "otherExpenses": 35747000,
    "operatingExpenses": 942168000,
    "costAndExpenses": 1223006000,
    "interestIncome": 867000,
    "interestExpense": 24135000,
    "depreciationAndAmortization": 35747000,
    "ebitda": 1080233000,
    "ebitdaratio": 0.4758939038,
    "operatingIncome": 1046897000,
    "operatingIncomeRatio": 0.4612078137,
    "totalOtherIncomeExpensesNet": -26546000,
    "incomeBeforeTax": 1020351000,
    "incomeBeforeTaxRatio": 0.4495130409,
    "incomeTaxExpense": 187362000,
    "netIncome": 832989000,
    "netIncomeRatio": 0.3669711878,
    "eps": 16.22,
    "epsdiluted": 15.72,
    "weightedAverageShsOut": 51363000,
    "weightedAverageShsOutDil": 52984000,
    "link": "https://www.sec.gov/Archives/edgar/data/1075531/000107553113000052/0001075531-13-000052-index.htm",
    "finalLink": "https://www.sec.gov/Archives/edgar/data/1075531/000107553113000052/pcln9301310q.htm"
  },
  {
    "date": "2013-06-30",
    "symbol": "BKNG",
    "reportedCurrency": "USD",
    "cik": "0001075531",
    "fillingDate": "2013-08-08",
    "acceptedDate": "2013-08-08 16:10:58",
    "calendarYear": "2013",
    "period": "Q2",
    "revenue": 1680238000,
    "costOfRevenue": 296383000,
    "grossProfit": 1383855000,
    "grossProfitRatio": 0.8236065367,
    "researchAndDevelopmentExpenses": 16959000,
    "generalAndAdministrativeExpenses": 230918000,
    "sellingAndMarketingExpenses": 555120000,
    "sellingGeneralAndAdministrativeExpenses": 786038000,
    "otherExpenses": 26027000,
    "operatingExpenses": 829024000,
    "costAndExpenses": 1125407000,
    "interestIncome": 1141000,
    "interestExpense": 19633000,
    "depreciationAndAmortization": 26027000,
    "ebitda": 581217000,
    "ebitdaratio": 0.3459134956,
    "operatingIncome": 554831000,
    "operatingIncomeRatio": 0.3302097679,
    "totalOtherIncomeExpensesNet": -19274000,
    "incomeBeforeTax": 535557000,
    "incomeBeforeTaxRatio": 0.3187387739,
    "incomeTaxExpense": 98117000,
    "netIncome": 437326000,
    "netIncomeRatio": 0.2602762228,
    "eps": 8.62,
    "epsdiluted": 8.39,
    "weightedAverageShsOut": 50760000,
    "weightedAverageShsOutDil": 52111000,
    "link": "https://www.sec.gov/Archives/edgar/data/1075531/000107553113000045/0001075531-13-000045-index.htm",
    "finalLink": "https://www.sec.gov/Archives/edgar/data/1075531/000107553113000045/pcln6301310q.htm"
  },
  {
    "date": "2013-03-31",
    "symbol": "BKNG",
    "reportedCurrency": "USD",
    "cik": "0001075531",
    "fillingDate": "2013-05-09",
    "acceptedDate": "2013-05-09 16:20:45",
    "calendarYear": "2013",
    "period": "Q1",
    "revenue": 1302012000,
    "costOfRevenue": 292347000,
    "grossProfit": 1009665000,
    "grossProfitRatio": 0.7754652031,
    "researchAndDevelopmentExpenses": 13222000,
    "generalAndAdministrativeExpenses": 184379000,
    "sellingAndMarketingExpenses": 483145000,
    "sellingGeneralAndAdministrativeExpenses": 667524000,
    "otherExpenses": 19080000,
    "operatingExpenses": 699826000,
    "costAndExpenses": 992173000,
    "interestIncome": 874000,
    "interestExpense": 17329000,
    "depreciationAndAmortization": 19080000,
    "ebitda": 326851000,
    "ebitdaratio": 0.2510353207,
    "operatingIncome": 309839000,
    "operatingIncomeRatio": 0.2379693889,
    "totalOtherIncomeExpensesNet": -19397000,
    "incomeBeforeTax": 290442000,
    "incomeBeforeTaxRatio": 0.2230716768,
    "incomeTaxExpense": 46150000,
    "netIncome": 244271000,
    "netIncomeRatio": 0.187610406,
    "eps": 4.89,
    "epsdiluted": 4.76,
    "weightedAverageShsOut": 49939000,
    "weightedAverageShsOutDil": 51353000,
    "link": "https://www.sec.gov/Archives/edgar/data/1075531/000107553113000028/0001075531-13-000028-index.htm",
    "finalLink": "https://www.sec.gov/Archives/edgar/data/1075531/000107553113000028/pcln3311310q.htm"
  },
  {
    "date": "2012-12-31",
    "symbol": "BKNG",
    "reportedCurrency": "USD",
    "cik": "0001075531",
    "fillingDate": "2013-02-27",
    "acceptedDate": "2013-02-26 17:40:11",
    "calendarYear": "2012",
    "period": "Q4",
    "revenue": 1190640000,
    "costOfRevenue": 250890000,
    "grossProfit": 939750000,
    "grossProfitRatio": 0.7892813949,
    "researchAndDevelopmentExpenses": 11711000,
    "generalAndAdministrativeExpenses": 173315000,
    "sellingAndMarketingExpenses": 362781000,
    "sellingGeneralAndAdministrativeExpenses": 536096000,
    "otherExpenses": 17628000,
    "operatingExpenses": 565435000,
    "costAndExpenses": 816325000,
    "interestIncome": 856000,
    "interestExpense": 16856000,
    "depreciationAndAmortization": 17628000,
    "ebitda": 390506000,
    "ebitdaratio": 0.32797991,
    "operatingIncome": 374315000,
    "operatingIncomeRatio": 0.3143813411,
    "totalOtherIncomeExpensesNet": -18293000,
    "incomeBeforeTax": 356022000,
    "incomeBeforeTaxRatio": 0.2990173352,
    "incomeTaxExpense": 66427000,
    "netIncome": 288663000,
    "netIncomeRatio": 0.2424435598,
    "eps": 5.79,
    "epsdiluted": 5.63,
    "weightedAverageShsOut": 49870000,
    "weightedAverageShsOutDil": 51241000,
    "link": "https://www.sec.gov/Archives/edgar/data/1075531/000107553113000011/0001075531-13-000011-index.htm",
    "finalLink": "https://www.sec.gov/Archives/edgar/data/1075531/000107553113000011/pcln-20121231_10k.htm"
  },
  {
    "date": "2012-09-30",
    "symbol": "BKNG",
    "reportedCurrency": "USD",
    "cik": "0001075531",
    "fillingDate": "2012-11-01",
    "acceptedDate": "2012-11-01 16:38:09",
    "calendarYear": "2012",
    "period": "Q3",
    "revenue": 1706310000,
    "costOfRevenue": 309809000,
    "grossProfit": 1396501000,
    "grossProfitRatio": 0.8184333445,
    "researchAndDevelopmentExpenses": 10799000,
    "generalAndAdministrativeExpenses": 177497000,
    "sellingAndMarketingExpenses": 436606000,
    "sellingGeneralAndAdministrativeExpenses": 614103000,
    "otherExpenses": 16007000,
    "operatingExpenses": 640909000,
    "costAndExpenses": 950718000,
    "interestIncome": 905000,
    "interestExpense": 17067000,
    "depreciationAndAmortization": 16008000,
    "ebitda": 764249000,
    "ebitdaratio": 0.4478957517,
    "operatingIncome": 755592000,
    "operatingIncomeRatio": 0.4428222304,
    "totalOtherIncomeExpensesNet": -24418000,
    "incomeBeforeTax": 731174000,
    "incomeBeforeTaxRatio": 0.4285118179,
    "incomeTaxExpense": 131201000,
    "netIncome": 596586000,
    "netIncomeRatio": 0.3496351777,
    "eps": 11.97,
    "epsdiluted": 11.66,
    "weightedAverageShsOut": 49851000,
    "weightedAverageShsOutDil": 51185000,
    "link": "https://www.sec.gov/Archives/edgar/data/1075531/000107553112000046/0001075531-12-000046-index.htm",
    "finalLink": "https://www.sec.gov/Archives/edgar/data/1075531/000107553112000046/pcln9301210q.htm"
  },
  {
    "date": "2012-06-30",
    "symbol": "BKNG",
    "reportedCurrency": "USD",
    "cik": "0001075531",
    "fillingDate": "2012-08-07",
    "acceptedDate": "2012-08-07 17:18:58",
    "calendarYear": "2012",
    "period": "Q2",
    "revenue": 1326759000,
    "costOfRevenue": 322617000,
    "grossProfit": 1004142000,
    "grossProfitRatio": 0.7568382804,
    "researchAndDevelopmentExpenses": 10440000,
    "generalAndAdministrativeExpenses": 147837000,
    "sellingAndMarketingExpenses": 371847000,
    "sellingGeneralAndAdministrativeExpenses": 519684000,
    "otherExpenses": 15663000,
    "operatingExpenses": 545787000,
    "costAndExpenses": 868404000,
    "interestIncome": 1001000,
    "interestExpense": 16882000,
    "depreciationAndAmortization": 15663000,
    "ebitda": 478224000,
    "ebitdaratio": 0.3604452655,
    "operatingIncome": 458355000,
    "operatingIncomeRatio": 0.3454696746,
    "totalOtherIncomeExpensesNet": -12676000,
    "incomeBeforeTax": 445679000,
    "incomeBeforeTaxRatio": 0.3359155657,
    "incomeTaxExpense": 93025000,
    "netIncome": 352347000,
    "netIncomeRatio": 0.2655697078,
    "eps": 7.07,
    "epsdiluted": 6.88,
    "weightedAverageShsOut": 49812000,
    "weightedAverageShsOutDil": 51226000,
    "link": "https://www.sec.gov/Archives/edgar/data/1075531/000107553112000035/0001075531-12-000035-index.htm",
    "finalLink": "https://www.sec.gov/Archives/edgar/data/1075531/000107553112000035/pcln6301210q.htm"
  },
  {
    "date": "2012-03-31",
    "symbol": "BKNG",
    "reportedCurrency": "USD",
    "cik": "0001075531",
    "fillingDate": "2012-05-09",
    "acceptedDate": "2012-05-09 16:31:23",
    "calendarYear": "2012",
    "period": "Q1",
    "revenue": 1037247000,
    "costOfRevenue": 293959000,
    "grossProfit": 743288000,
    "grossProfitRatio": 0.7165969147,
    "researchAndDevelopmentExpenses": 10735000,
    "generalAndAdministrativeExpenses": 141350000,
    "sellingAndMarketingExpenses": 333830000,
    "sellingGeneralAndAdministrativeExpenses": 475180000,
    "otherExpenses": 15842000,
    "operatingExpenses": 501757000,
    "costAndExpenses": 795716000,
    "interestIncome": 1098000,
    "interestExpense": 11258000,
    "depreciationAndAmortization": 15842000,
    "ebitda": 256095000,
    "ebitdaratio": 0.2468987618,
    "operatingIncome": 241531000,
    "operatingIncomeRatio": 0.2328577475,
    "totalOtherIncomeExpensesNet": -12536000,
    "incomeBeforeTax": 228995000,
    "incomeBeforeTaxRatio": 0.2207719087,
    "incomeTaxExpense": 47179000,
    "netIncome": 181970000,
    "netIncomeRatio": 0.175435552,
    "eps": 3.65,
    "epsdiluted": 3.54,
    "weightedAverageShsOut": 49827000,
    "weightedAverageShsOutDil": 51347000,
    "link": "https://www.sec.gov/Archives/edgar/data/1075531/000107553112000025/0001075531-12-000025-index.htm",
    "finalLink": "https://www.sec.gov/Archives/edgar/data/1075531/000107553112000025/pcln3311210q.htm"
  },
  {
    "date": "2011-12-31",
    "symbol": "BKNG",
    "reportedCurrency": "USD",
    "cik": "0001075531",
    "fillingDate": "2012-02-27",
    "acceptedDate": "2012-02-27 16:59:00",
    "calendarYear": "2011",
    "period": "Q4",
    "revenue": 990771000,
    "costOfRevenue": 266073000,
    "grossProfit": 724698000,
    "grossProfitRatio": 0.7314485386,
    "researchAndDevelopmentExpenses": 10357000,
    "generalAndAdministrativeExpenses": 133163000,
    "sellingAndMarketingExpenses": 263663000,
    "sellingGeneralAndAdministrativeExpenses": 396826000,
    "otherExpenses": 13737000,
    "operatingExpenses": 420920000,
    "costAndExpenses": 686993000,
    "interestIncome": 2044000,
    "interestExpense": 8332000,
    "depreciationAndAmortization": 13737000,
    "ebitda": 320729000,
    "ebitdaratio": 0.3237165803,
    "operatingIncome": 303778000,
    "operatingIncomeRatio": 0.3066076823,
    "totalOtherIncomeExpensesNet": -5118000,
    "incomeBeforeTax": 298660000,
    "incomeBeforeTaxRatio": 0.3014420083,
    "incomeTaxExpense": 72704000,
    "netIncome": 225716000,
    "netIncomeRatio": 0.2278185373,
    "eps": 4.55,
    "epsdiluted": 4.41,
    "weightedAverageShsOut": 49654000,
    "weightedAverageShsOutDil": 51211000,
    "link": "https://www.sec.gov/Archives/edgar/data/1075531/000107553112000005/0001075531-12-000005-index.htm",
    "finalLink": "https://www.sec.gov/Archives/edgar/data/1075531/000107553112000005/pcln-20111231_10k.htm"
  },
  {
    "date": "2011-09-30",
    "symbol": "BKNG",
    "reportedCurrency": "USD",
    "cik": "0001075531",
    "fillingDate": "2011-11-07",
    "acceptedDate": "2011-11-07 17:03:15",
    "calendarYear": "2011",
    "period": "Q3",
    "revenue": 1452804000,
    "costOfRevenue": 352656000,
    "grossProfit": 1100148000,
    "grossProfitRatio": 0.7572583776,
    "researchAndDevelopmentExpenses": 8548000,
    "generalAndAdministrativeExpenses": 126180000,
    "sellingAndMarketingExpenses": 335085000,
    "sellingGeneralAndAdministrativeExpenses": 461265000,
    "otherExpenses": 13957000,
    "operatingExpenses": 483770000,
    "costAndExpenses": 836426000,
    "interestIncome": 2526000,
    "interestExpense": 7879000,
    "depreciationAndAmortization": 13957000,
    "ebitda": 633688000,
    "ebitdaratio": 0.4361827198,
    "operatingIncome": 616378000,
    "operatingIncomeRatio": 0.4242678297,
    "totalOtherIncomeExpensesNet": -4526000,
    "incomeBeforeTax": 611852000,
    "incomeBeforeTaxRatio": 0.4211524748,
    "incomeTaxExpense": 138966000,
    "netIncome": 469499000,
    "netIncomeRatio": 0.3231674748,
    "eps": 9.43,
    "epsdiluted": 9.17,
    "weightedAverageShsOut": 49779000,
    "weightedAverageShsOutDil": 51184000,
    "link": "https://www.sec.gov/Archives/edgar/data/1075531/000110465911061672/0001104659-11-061672-index.htm",
    "finalLink": "https://www.sec.gov/Archives/edgar/data/1075531/000110465911061672/a11-24402_110q.htm"
  },
  {
    "date": "2011-06-30",
    "symbol": "BKNG",
    "reportedCurrency": "USD",
    "cik": "0001075531",
    "fillingDate": "2011-08-05",
    "acceptedDate": "2011-08-05 16:06:11",
    "calendarYear": "2011",
    "period": "Q2",
    "revenue": 1102716000,
    "costOfRevenue": 353489000,
    "grossProfit": 749227000,
    "grossProfitRatio": 0.6794378607,
    "researchAndDevelopmentExpenses": 8239000,
    "generalAndAdministrativeExpenses": 115502000,
    "sellingAndMarketingExpenses": 287127000,
    "sellingGeneralAndAdministrativeExpenses": 402629000,
    "otherExpenses": 13651000,
    "operatingExpenses": 424519000,
    "costAndExpenses": 778008000,
    "interestIncome": 2129000,
    "interestExpense": 7795000,
    "depreciationAndAmortization": 13651000,
    "ebitda": 338037000,
    "ebitdaratio": 0.3065494651,
    "operatingIncome": 324708000,
    "operatingIncomeRatio": 0.2944620374,
    "totalOtherIncomeExpensesNet": -8117000,
    "incomeBeforeTax": 316591000,
    "incomeBeforeTaxRatio": 0.2871011212,
    "incomeTaxExpense": 60314000,
    "netIncome": 256368000,
    "netIncomeRatio": 0.2324877847,
    "eps": 5.16,
    "epsdiluted": 5.02,
    "weightedAverageShsOut": 49718000,
    "weightedAverageShsOutDil": 51105000,
    "link": "https://www.sec.gov/Archives/edgar/data/1075531/000110465911044272/0001104659-11-044272-index.htm",
    "finalLink": "https://www.sec.gov/Archives/edgar/data/1075531/000110465911044272/a11-14037_110q.htm"
  },
  {
    "date": "2011-03-31",
    "symbol": "BKNG",
    "reportedCurrency": "USD",
    "cik": "0001075531",
    "fillingDate": "2011-05-06",
    "acceptedDate": "2011-05-06 16:18:51",
    "calendarYear": "2011",
    "period": "Q1",
    "revenue": 809320000,
    "costOfRevenue": 303512000,
    "grossProfit": 505808000,
    "grossProfitRatio": 0.6249789947,
    "researchAndDevelopmentExpenses": 6670000,
    "generalAndAdministrativeExpenses": 101100000,
    "sellingAndMarketingExpenses": 231500000,
    "sellingGeneralAndAdministrativeExpenses": 332600000,
    "otherExpenses": 12479000,
    "operatingExpenses": 351749000,
    "costAndExpenses": 655261000,
    "interestIncome": 1421000,
    "interestExpense": 7715000,
    "depreciationAndAmortization": 12479000,
    "ebitda": 160886000,
    "ebitdaratio": 0.1987915781,
    "operatingIncome": 154059000,
    "operatingIncomeRatio": 0.1903561014,
    "totalOtherIncomeExpensesNet": -13367000,
    "incomeBeforeTax": 140692000,
    "incomeBeforeTaxRatio": 0.1738397667,
    "incomeTaxExpense": 36679000,
    "netIncome": 104790000,
    "netIncomeRatio": 0.1294790688,
    "eps": 2.12,
    "epsdiluted": 2.05,
    "weightedAverageShsOut": 49319000,
    "weightedAverageShsOutDil": 51159000,
    "link": "https://www.sec.gov/Archives/edgar/data/1075531/000110465911026854/0001104659-11-026854-index.htm",
    "finalLink": "https://www.sec.gov/Archives/edgar/data/1075531/000110465911026854/a11-9438_110q.htm"
  },
  {
    "date": "2010-12-31",
    "symbol": "BKNG",
    "reportedCurrency": "USD",
    "cik": "0001075531",
    "fillingDate": "2011-02-25",
    "acceptedDate": "2011-02-25 16:08:25",
    "calendarYear": "2010",
    "period": "Q4",
    "revenue": 731314000,
    "costOfRevenue": 252902000,
    "grossProfit": 478412000,
    "grossProfitRatio": 0.6541813776,
    "researchAndDevelopmentExpenses": 6148000,
    "generalAndAdministrativeExpenses": 100397000,
    "sellingAndMarketingExpenses": 170456000,
    "sellingGeneralAndAdministrativeExpenses": 270853000,
    "otherExpenses": 12451000,
    "operatingExpenses": 289452000,
    "costAndExpenses": 542354000,
    "interestIncome": 1144000,
    "interestExpense": 7578000,
    "depreciationAndAmortization": 14203000,
    "ebitda": 202686000,
    "ebitdaratio": 0.2771531791,
    "operatingIncome": 188960000,
    "operatingIncomeRatio": 0.2583842235,
    "totalOtherIncomeExpensesNet": -8055000,
    "incomeBeforeTax": 180905000,
    "incomeBeforeTaxRatio": 0.2473698028,
    "incomeTaxExpense": 45794000,
    "netIncome": 135729000,
    "netIncomeRatio": 0.1855960641,
    "eps": 2.83,
    "epsdiluted": 2.66,
    "weightedAverageShsOut": 47955000,
    "weightedAverageShsOutDil": 50988000,
    "link": "https://www.sec.gov/Archives/edgar/data/1075531/000110465911010302/0001104659-11-010302-index.htm",
    "finalLink": "https://www.sec.gov/Archives/edgar/data/1075531/000110465911010302/a11-2103_110k.htm"
  },
  {
    "date": "2010-09-30",
    "symbol": "BKNG",
    "reportedCurrency": "USD",
    "cik": "0001075531",
    "fillingDate": "2010-11-09",
    "acceptedDate": "2010-11-09 16:26:42",
    "calendarYear": "2010",
    "period": "Q3",
    "revenue": 1001757000,
    "costOfRevenue": 335569000,
    "grossProfit": 666188000,
    "grossProfitRatio": 0.6650195606,
    "researchAndDevelopmentExpenses": 5347000,
    "generalAndAdministrativeExpenses": 97737000,
    "sellingAndMarketingExpenses": 213560000,
    "sellingGeneralAndAdministrativeExpenses": 311297000,
    "otherExpenses": 12775000,
    "operatingExpenses": 329419000,
    "costAndExpenses": 664988000,
    "interestIncome": 918000,
    "interestExpense": 8293000,
    "depreciationAndAmortization": 14795000,
    "ebitda": 341767000,
    "ebitdaratio": 0.3411675686,
    "operatingIncome": 336769000,
    "operatingIncomeRatio": 0.3361783347,
    "totalOtherIncomeExpensesNet": -18090000,
    "incomeBeforeTax": 318679000,
    "incomeBeforeTaxRatio": 0.318120063,
    "incomeTaxExpense": 94119000,
    "netIncome": 222980000,
    "netIncomeRatio": 0.2225889113,
    "eps": 4.59,
    "epsdiluted": 4.41,
    "weightedAverageShsOut": 48570000,
    "weightedAverageShsOutDil": 50559000,
    "link": "https://www.sec.gov/Archives/edgar/data/1075531/000110465910057295/0001104659-10-057295-index.htm",
    "finalLink": "https://www.sec.gov/Archives/edgar/data/1075531/000110465910057295/a10-17510_110q.htm"
  },
  {
    "date": "2010-06-30",
    "symbol": "BKNG",
    "reportedCurrency": "USD",
    "cik": "0001075531",
    "fillingDate": "2010-08-04",
    "acceptedDate": "2010-08-04 17:27:03",
    "calendarYear": "2010",
    "period": "Q2",
    "revenue": 767439000,
    "costOfRevenue": 322184000,
    "grossProfit": 445255000,
    "grossProfitRatio": 0.5801829201,
    "researchAndDevelopmentExpenses": 4895000,
    "generalAndAdministrativeExpenses": 85312000,
    "sellingAndMarketingExpenses": 171131000,
    "sellingGeneralAndAdministrativeExpenses": 256443000,
    "otherExpenses": 10758000,
    "operatingExpenses": 272096000,
    "costAndExpenses": 594280000,
    "interestIncome": 940000,
    "interestExpense": 9267000,
    "depreciationAndAmortization": 11687000,
    "ebitda": 186825000,
    "ebitdaratio": 0.2434395437,
    "operatingIncome": 173159000,
    "operatingIncomeRatio": 0.2256322652,
    "totalOtherIncomeExpensesNet": -7288000,
    "incomeBeforeTax": 165871000,
    "incomeBeforeTaxRatio": 0.216135745,
    "incomeTaxExpense": 51275000,
    "netIncome": 114957000,
    "netIncomeRatio": 0.1497930129,
    "eps": 2.41,
    "epsdiluted": 2.26,
    "weightedAverageShsOut": 47791000,
    "weightedAverageShsOutDil": 50847000,
    "link": "https://www.sec.gov/Archives/edgar/data/1075531/000110465910041943/0001104659-10-041943-index.htm",
    "finalLink": "https://www.sec.gov/Archives/edgar/data/1075531/000110465910041943/a10-12867_110q.htm"
  },
  {
    "date": "2010-03-31",
    "symbol": "BKNG",
    "reportedCurrency": "USD",
    "cik": "0001075531",
    "fillingDate": "2010-05-10",
    "acceptedDate": "2010-05-10 16:42:57",
    "calendarYear": "2010",
    "period": "Q1",
    "revenue": 584394000,
    "costOfRevenue": 265278000,
    "grossProfit": 319116000,
    "grossProfitRatio": 0.5460631013,
    "researchAndDevelopmentExpenses": 4608000,
    "generalAndAdministrativeExpenses": 67810000,
    "sellingAndMarketingExpenses": 149010000,
    "sellingGeneralAndAdministrativeExpenses": 216820000,
    "otherExpenses": 9779000,
    "operatingExpenses": 231207000,
    "costAndExpenses": 496485000,
    "interestIncome": 855000,
    "interestExpense": 4806000,
    "depreciationAndAmortization": 9779000,
    "ebitda": 95413000,
    "ebitdaratio": 0.1632682745,
    "operatingIncome": 87909000,
    "operatingIncomeRatio": 0.1504276225,
    "totalOtherIncomeExpensesNet": -7081000,
    "incomeBeforeTax": 80828000,
    "incomeBeforeTaxRatio": 0.1383107972,
    "incomeTaxExpense": 26953000,
    "netIncome": 53875000,
    "netIncomeRatio": 0.092189516,
    "eps": 1.16,
    "epsdiluted": 1.06,
    "weightedAverageShsOut": 46309000,
    "weightedAverageShsOutDil": 50862000,
    "link": "https://www.sec.gov/Archives/edgar/data/1075531/000110465910027300/0001104659-10-027300-index.htm",
    "finalLink": "https://www.sec.gov/Archives/edgar/data/1075531/000110465910027300/a10-6049_110q.htm"
  },
  {
    "date": "2009-12-31",
    "symbol": "BKNG",
    "reportedCurrency": "USD",
    "cik": "0001075531",
    "fillingDate": "2010-02-19",
    "acceptedDate": "2010-02-18 19:16:19",
    "calendarYear": "2009",
    "period": "Q4",
    "revenue": 541753000,
    "costOfRevenue": 228564000,
    "grossProfit": 313189000,
    "grossProfitRatio": 0.5781029362,
    "researchAndDevelopmentExpenses": 5137000,
    "generalAndAdministrativeExpenses": 64493000,
    "sellingAndMarketingExpenses": 115686000,
    "sellingGeneralAndAdministrativeExpenses": 180179000,
    "otherExpenses": 10011000,
    "operatingExpenses": 195327000,
    "costAndExpenses": 423891000,
    "interestIncome": 528000,
    "interestExpense": 4863000,
    "depreciationAndAmortization": 10011000,
    "ebitda": 123012000,
    "ebitdaratio": 0.2270628866,
    "operatingIncome": 117862000,
    "operatingIncomeRatio": 0.2175567094,
    "totalOtherIncomeExpensesNet": -9724000,
    "incomeBeforeTax": 108138000,
    "incomeBeforeTaxRatio": 0.1996075702,
    "incomeTaxExpense": 29683000,
    "netIncome": 78455000,
    "netIncomeRatio": 0.1448169184,
    "eps": 1.85,
    "epsdiluted": 1.58,
    "weightedAverageShsOut": 42406000,
    "weightedAverageShsOutDil": 49522000,
    "link": "https://www.sec.gov/Archives/edgar/data/1075531/000110465910008002/0001104659-10-008002-index.htm",
    "finalLink": "https://www.sec.gov/Archives/edgar/data/1075531/000110465910008002/a09-35847_210k.htm"
  },
  {
    "date": "2009-09-30",
    "symbol": "BKNG",
    "reportedCurrency": "USD",
    "cik": "0001075531",
    "fillingDate": "2009-11-09",
    "acceptedDate": "2009-11-09 16:24:03",
    "calendarYear": "2009",
    "period": "Q3",
    "revenue": 730660000,
    "costOfRevenue": 296654000,
    "grossProfit": 434006000,
    "grossProfitRatio": 0.5939917335,
    "researchAndDevelopmentExpenses": 4777000,
    "generalAndAdministrativeExpenses": 70326000,
    "sellingAndMarketingExpenses": 148050000,
    "sellingGeneralAndAdministrativeExpenses": 218376000,
    "otherExpenses": 10098000,
    "operatingExpenses": 233251000,
    "costAndExpenses": 529905000,
    "interestIncome": 471000,
    "interestExpense": 5911000,
    "depreciationAndAmortization": 10098000,
    "ebitda": 210104000,
    "ebitdaratio": 0.2875537186,
    "operatingIncome": 200755000,
    "operatingIncomeRatio": 0.2747584376,
    "totalOtherIncomeExpensesNet": -6660000,
    "incomeBeforeTax": 194095000,
    "incomeBeforeTaxRatio": 0.2656433909,
    "incomeTaxExpense": -124887000,
    "netIncome": 318982000,
    "netIncomeRatio": 0.4365669395,
    "eps": 7.49,
    "epsdiluted": 6.42,
    "weightedAverageShsOut": 42569000,
    "weightedAverageShsOutDil": 49670000,
    "link": "https://www.sec.gov/Archives/edgar/data/1075531/000110465909063689/0001104659-09-063689-index.htm",
    "finalLink": "https://www.sec.gov/Archives/edgar/data/1075531/000110465909063689/a09-31115_110q.htm"
  },
  {
    "date": "2009-06-30",
    "symbol": "BKNG",
    "reportedCurrency": "USD",
    "cik": "0001075531",
    "fillingDate": "2009-08-10",
    "acceptedDate": "2009-08-10 08:13:01",
    "calendarYear": "2009",
    "period": "Q2",
    "revenue": 603741000,
    "costOfRevenue": 298503000,
    "grossProfit": 305238000,
    "grossProfitRatio": 0.5055777229,
    "researchAndDevelopmentExpenses": 4697000,
    "generalAndAdministrativeExpenses": 59592000,
    "sellingAndMarketingExpenses": 121851000,
    "sellingGeneralAndAdministrativeExpenses": 181443000,
    "otherExpenses": 9723000,
    "operatingExpenses": 195863000,
    "costAndExpenses": 494366000,
    "interestIncome": 483000,
    "interestExpense": 6505000,
    "depreciationAndAmortization": 9723000,
    "ebitda": 115701000,
    "ebitdaratio": 0.1916401238,
    "operatingIncome": 109375000,
    "operatingIncomeRatio": 0.1811621208,
    "totalOtherIncomeExpensesNet": -9902000,
    "incomeBeforeTax": 99473000,
    "incomeBeforeTaxRatio": 0.1647610482,
    "incomeTaxExpense": 32495000,
    "netIncome": 67011000,
    "netIncomeRatio": 0.1109929589,
    "eps": 1.61,
    "epsdiluted": 1.38,
    "weightedAverageShsOut": 41661000,
    "weightedAverageShsOutDil": 48479000,
    "link": "https://www.sec.gov/Archives/edgar/data/1075531/000110465909048404/0001104659-09-048404-index.htm",
    "finalLink": "https://www.sec.gov/Archives/edgar/data/1075531/000110465909048404/a09-18786_110q.htm"
  },
  {
    "date": "2009-03-31",
    "symbol": "BKNG",
    "reportedCurrency": "USD",
    "cik": "0001075531",
    "fillingDate": "2009-05-11",
    "acceptedDate": "2009-05-11 14:50:43",
    "calendarYear": "2009",
    "period": "Q1",
    "revenue": 462058000,
    "costOfRevenue": 253728000,
    "grossProfit": 208330000,
    "grossProfitRatio": 0.4508741327,
    "researchAndDevelopmentExpenses": 4527000,
    "generalAndAdministrativeExpenses": 54298000,
    "sellingAndMarketingExpenses": 97302000,
    "sellingGeneralAndAdministrativeExpenses": 151600000,
    "otherExpenses": 9361000,
    "operatingExpenses": 165488000,
    "costAndExpenses": 419216000,
    "interestIncome": 741000,
    "interestExpense": 6805000,
    "depreciationAndAmortization": 9361000,
    "ebitda": 56761000,
    "ebitdaratio": 0.1228438854,
    "operatingIncome": 42842000,
    "operatingIncomeRatio": 0.0927199616,
    "totalOtherIncomeExpensesNet": -2247000,
    "incomeBeforeTax": 40595000,
    "incomeBeforeTaxRatio": 0.0878569357,
    "incomeTaxExpense": 15541000,
    "netIncome": 25023000,
    "netIncomeRatio": 0.0541555389,
    "eps": 0.61,
    "epsdiluted": 0.53,
    "weightedAverageShsOut": 41004000,
    "weightedAverageShsOutDil": 47013000,
    "link": "https://www.sec.gov/Archives/edgar/data/1075531/000110465909031437/0001104659-09-031437-index.htm",
    "finalLink": "https://www.sec.gov/Archives/edgar/data/1075531/000110465909031437/a09-11449_110q.htm"
  },
  {
    "date": "2008-12-31",
    "symbol": "BKNG",
    "reportedCurrency": "USD",
    "cik": "0001075531",
    "fillingDate": "2009-02-20",
    "acceptedDate": "2009-02-20 16:05:29",
    "calendarYear": "2008",
    "period": "Q4",
    "revenue": 406042000,
    "costOfRevenue": 200977000,
    "grossProfit": 205065000,
    "grossProfitRatio": 0.505033962,
    "researchAndDevelopmentExpenses": 0,
    "generalAndAdministrativeExpenses": -13657000,
    "sellingAndMarketingExpenses": 141489000,
    "sellingGeneralAndAdministrativeExpenses": 127832000,
    "otherExpenses": 28400000,
    "operatingExpenses": 156232000,
    "costAndExpenses": 357209000,
    "interestIncome": 0,
    "interestExpense": 0,
    "depreciationAndAmortization": 10444000,
    "ebitda": 74747000,
    "ebitdaratio": 0.1840868679,
    "operatingIncome": 48833000,
    "operatingIncomeRatio": 0.1202658838,
    "totalOtherIncomeExpensesNet": 4296000,
    "incomeBeforeTax": 53129000,
    "incomeBeforeTaxRatio": 0.1308460701,
    "incomeTaxExpense": 19827000,
    "netIncome": 33255000,
    "netIncomeRatio": 0.0819003945,
    "eps": 0.85,
    "epsdiluted": 0.68,
    "weightedAverageShsOut": 39299000,
    "weightedAverageShsOutDil": 48671000,
    "link": "https://www.sec.gov/Archives/edgar/data/1075531/000110465909011154/0001104659-09-011154-index.htm",
    "finalLink": "https://www.sec.gov/Archives/edgar/data/1075531/000110465909011154/a09-1364_110k.htm"
  },
  {
    "date": "2008-09-30",
    "symbol": "BKNG",
    "reportedCurrency": "USD",
    "cik": "0001075531",
    "fillingDate": "2008-11-07",
    "acceptedDate": "2008-11-07 16:09:29",
    "calendarYear": "2008",
    "period": "Q3",
    "revenue": 561609000,
    "costOfRevenue": 245531000,
    "grossProfit": 316078000,
    "grossProfitRatio": 0.5628079322,
    "researchAndDevelopmentExpenses": 4402000,
    "generalAndAdministrativeExpenses": 58783000,
    "sellingAndMarketingExpenses": 114036000,
    "sellingGeneralAndAdministrativeExpenses": 172819000,
    "otherExpenses": 10935000,
    "operatingExpenses": 188156000,
    "costAndExpenses": 433687000,
    "interestIncome": 3061000,
    "interestExpense": 7739000,
    "depreciationAndAmortization": 10935000,
    "ebitda": 145505000,
    "ebitdaratio": 0.2590859477,
    "operatingIncome": 127922000,
    "operatingIncomeRatio": 0.2277776887,
    "totalOtherIncomeExpensesNet": -1091000,
    "incomeBeforeTax": 126831000,
    "incomeBeforeTaxRatio": 0.2258350561,
    "incomeTaxExpense": 40445000,
    "netIncome": 84486000,
    "netIncomeRatio": 0.1504356234,
    "eps": 2.13,
    "epsdiluted": 1.74,
    "weightedAverageShsOut": 39715000,
    "weightedAverageShsOutDil": 48656000,
    "link": "https://www.sec.gov/Archives/edgar/data/1075531/000110465908069201/0001104659-08-069201-index.htm",
    "finalLink": "https://www.sec.gov/Archives/edgar/data/1075531/000110465908069201/a08-25807_110q.htm"
  },
  {
    "date": "2008-06-30",
    "symbol": "BKNG",
    "reportedCurrency": "USD",
    "cik": "0001075531",
    "fillingDate": "2008-08-07",
    "acceptedDate": "2008-08-07 16:10:35",
    "calendarYear": "2008",
    "period": "Q2",
    "revenue": 513976000,
    "costOfRevenue": 260251000,
    "grossProfit": 253725000,
    "grossProfitRatio": 0.4936514545,
    "researchAndDevelopmentExpenses": 5136000,
    "generalAndAdministrativeExpenses": 53853000,
    "sellingAndMarketingExpenses": 102718000,
    "sellingGeneralAndAdministrativeExpenses": 156571000,
    "otherExpenses": 11064000,
    "operatingExpenses": 172771000,
    "costAndExpenses": 433022000,
    "interestIncome": 2905000,
    "interestExpense": 9521000,
    "depreciationAndAmortization": 11064000,
    "ebitda": 94912000,
    "ebitdaratio": 0.1846623189,
    "operatingIncome": 80954000,
    "operatingIncomeRatio": 0.1575054088,
    "totalOtherIncomeExpensesNet": -6627000,
    "incomeBeforeTax": 74327000,
    "incomeBeforeTaxRatio": 0.1446118107,
    "incomeTaxExpense": 23258000,
    "netIncome": 49838000,
    "netIncomeRatio": 0.0969656171,
    "eps": 1.29,
    "epsdiluted": 1,
    "weightedAverageShsOut": 38768000,
    "weightedAverageShsOutDil": 49948000,
    "link": "https://www.sec.gov/Archives/edgar/data/1075531/000110465908050872/0001104659-08-050872-index.htm",
    "finalLink": "https://www.sec.gov/Archives/edgar/data/1075531/000110465908050872/a08-19197_110q.htm"
  },
  {
    "date": "2008-03-31",
    "symbol": "BKNG",
    "reportedCurrency": "USD",
    "cik": "0001075531",
    "fillingDate": "2008-05-09",
    "acceptedDate": "2008-05-09 15:10:44",
    "calendarYear": "2008",
    "period": "Q1",
    "revenue": 403180000,
    "costOfRevenue": 222077000,
    "grossProfit": 181103000,
    "grossProfitRatio": 0.4491864676,
    "researchAndDevelopmentExpenses": 4149000,
    "generalAndAdministrativeExpenses": 48672000,
    "sellingAndMarketingExpenses": 86164000,
    "sellingGeneralAndAdministrativeExpenses": 134836000,
    "otherExpenses": 10353000,
    "operatingExpenses": 149338000,
    "costAndExpenses": 371415000,
    "interestIncome": 4172000,
    "interestExpense": 10061000,
    "depreciationAndAmortization": 10625000,
    "ebitda": 41478000,
    "ebitdaratio": 0.1028771268,
    "operatingIncome": 31765000,
    "operatingIncomeRatio": 0.0787861501,
    "totalOtherIncomeExpensesNet": -10973000,
    "incomeBeforeTax": 20792000,
    "incomeBeforeTaxRatio": 0.0515700184,
    "incomeTaxExpense": 6506000,
    "netIncome": 13776000,
    "netIncomeRatio": 0.0341683615,
    "eps": 0.36,
    "epsdiluted": 0.28,
    "weightedAverageShsOut": 38224000,
    "weightedAverageShsOutDil": 49134000,
    "link": "https://www.sec.gov/Archives/edgar/data/1075531/000110465908031803/0001104659-08-031803-index.htm",
    "finalLink": "https://www.sec.gov/Archives/edgar/data/1075531/000110465908031803/a08-13867_110q.htm"
  },
  {
    "date": "2007-12-31",
    "symbol": "BKNG",
    "reportedCurrency": "USD",
    "cik": "0001075531",
    "fillingDate": "2008-03-03",
    "acceptedDate": "2008-03-03 07:02:44",
    "calendarYear": "2007",
    "period": "Q4",
    "revenue": 334853000,
    "costOfRevenue": 174700000,
    "grossProfit": 160153000,
    "grossProfitRatio": 0.4782785282,
    "researchAndDevelopmentExpenses": 0,
    "generalAndAdministrativeExpenses": 41553000,
    "sellingAndMarketingExpenses": 50370000,
    "sellingGeneralAndAdministrativeExpenses": 91923000,
    "otherExpenses": 24218000,
    "operatingExpenses": 116141000,
    "costAndExpenses": 290841000,
    "interestIncome": 0,
    "interestExpense": 0,
    "depreciationAndAmortization": 11712000,
    "ebitda": 55724000,
    "ebitdaratio": 0.1664133217,
    "operatingIncome": 44012000,
    "operatingIncomeRatio": 0.1314367797,
    "totalOtherIncomeExpensesNet": 1133000,
    "incomeBeforeTax": 45145000,
    "incomeBeforeTaxRatio": 0.134820354,
    "incomeTaxExpense": 11228000,
    "netIncome": 32862000,
    "netIncomeRatio": 0.0981385862,
    "eps": 0.87,
    "epsdiluted": 0.72,
    "weightedAverageShsOut": 37671000,
    "weightedAverageShsOutDil": 45504000,
    "link": "https://www.sec.gov/Archives/edgar/data/1075531/000110465908014464/0001104659-08-014464-index.htm",
    "finalLink": "https://www.sec.gov/Archives/edgar/data/1075531/000110465908014464/a08-2574_110k.htm"
  },
  {
    "date": "2007-09-30",
    "symbol": "BKNG",
    "reportedCurrency": "USD",
    "cik": "0001075531",
    "fillingDate": "2007-11-09",
    "acceptedDate": "2007-11-09 15:02:19",
    "calendarYear": "2007",
    "period": "Q3",
    "revenue": 417287000,
    "costOfRevenue": 214956000,
    "grossProfit": 202331000,
    "grossProfitRatio": 0.4848725218,
    "researchAndDevelopmentExpenses": 0,
    "generalAndAdministrativeExpenses": 52859000,
    "sellingAndMarketingExpenses": 62257000,
    "sellingGeneralAndAdministrativeExpenses": 115116000,
    "otherExpenses": 9131000,
    "operatingExpenses": 124247000,
    "costAndExpenses": 339203000,
    "interestIncome": 0,
    "interestExpense": 0,
    "depreciationAndAmortization": 9916000,
    "ebitda": 88000000,
    "ebitdaratio": 0.2108860329,
    "operatingIncome": 78084000,
    "operatingIncomeRatio": 0.1871230113,
    "totalOtherIncomeExpensesNet": 2140000,
    "incomeBeforeTax": 80224000,
    "incomeBeforeTaxRatio": 0.1922513762,
    "incomeTaxExpense": -26657000,
    "netIncome": 104365000,
    "netIncomeRatio": 0.2501036457,
    "eps": 2.76,
    "epsdiluted": 2.27,
    "weightedAverageShsOut": 37803000,
    "weightedAverageShsOutDil": 45924000,
    "link": "https://www.sec.gov/Archives/edgar/data/1075531/000110465907081718/0001104659-07-081718-index.htm",
    "finalLink": "https://www.sec.gov/Archives/edgar/data/1075531/000110465907081718/a07-25392_110q.htm"
  },
  {
    "date": "2007-06-30",
    "symbol": "BKNG",
    "reportedCurrency": "USD",
    "cik": "0001075531",
    "fillingDate": "2007-08-08",
    "acceptedDate": "2007-08-08 14:54:31",
    "calendarYear": "2007",
    "period": "Q2",
    "revenue": 355880000,
    "costOfRevenue": 198669000,
    "grossProfit": 157211000,
    "grossProfitRatio": 0.441752838,
    "researchAndDevelopmentExpenses": 0,
    "generalAndAdministrativeExpenses": 47889000,
    "sellingAndMarketingExpenses": 52751000,
    "sellingGeneralAndAdministrativeExpenses": 100640000,
    "otherExpenses": 8997000,
    "operatingExpenses": 109637000,
    "costAndExpenses": 308306000,
    "interestIncome": 0,
    "interestExpense": 0,
    "depreciationAndAmortization": 9805000,
    "ebitda": 57379000,
    "ebitdaratio": 0.1612313139,
    "operatingIncome": 47574000,
    "operatingIncomeRatio": 0.1336798921,
    "totalOtherIncomeExpensesNet": 3296000,
    "incomeBeforeTax": 50870000,
    "incomeBeforeTaxRatio": 0.1429414409,
    "incomeTaxExpense": 14964000,
    "netIncome": 34572000,
    "netIncomeRatio": 0.0971451051,
    "eps": 0.92,
    "epsdiluted": 0.79,
    "weightedAverageShsOut": 37597000,
    "weightedAverageShsOutDil": 43667000,
    "link": "https://www.sec.gov/Archives/edgar/data/1075531/000110465907060162/0001104659-07-060162-index.htm",
    "finalLink": "https://www.sec.gov/Archives/edgar/data/1075531/000110465907060162/a07-17241_310q.htm"
  },
  {
    "date": "2007-03-31",
    "symbol": "BKNG",
    "reportedCurrency": "USD",
    "cik": "0001075531",
    "fillingDate": "2007-05-10",
    "acceptedDate": "2007-05-10 14:36:08",
    "calendarYear": "2007",
    "period": "Q1",
    "revenue": 301389000,
    "costOfRevenue": 181672000,
    "grossProfit": 119717000,
    "grossProfitRatio": 0.3972175494,
    "researchAndDevelopmentExpenses": 0,
    "generalAndAdministrativeExpenses": 99686000,
    "sellingAndMarketingExpenses": 43261000,
    "sellingGeneralAndAdministrativeExpenses": 142947000,
    "otherExpenses": 8505000,
    "operatingExpenses": 151452000,
    "costAndExpenses": 333124000,
    "interestIncome": 0,
    "interestExpense": 0,
    "depreciationAndAmortization": 9268000,
    "ebitda": -22467000,
    "ebitdaratio": -0.0745448573,
    "operatingIncome": -31735000,
    "operatingIncomeRatio": -0.1052958137,
    "totalOtherIncomeExpensesNet": 5519000,
    "incomeBeforeTax": -26216000,
    "incomeBeforeTaxRatio": -0.0869839311,
    "incomeTaxExpense": -11593000,
    "netIncome": -14716000,
    "netIncomeRatio": -0.0488272631,
    "eps": -0.4,
    "epsdiluted": -0.4,
    "weightedAverageShsOut": 37191000,
    "weightedAverageShsOutDil": 37191000,
    "link": "https://www.sec.gov/Archives/edgar/data/1075531/000110465907038171/0001104659-07-038171-index.htm",
    "finalLink": "https://www.sec.gov/Archives/edgar/data/1075531/000110465907038171/a07-13606_210q.htm"
  },
  {
    "date": "2006-12-31",
    "symbol": "BKNG",
    "reportedCurrency": "USD",
    "cik": "0001075531",
    "fillingDate": "2007-03-01",
    "acceptedDate": "2007-03-01 14:21:54",
    "calendarYear": "2006",
    "period": "Q4",
    "revenue": 260071000,
    "costOfRevenue": 160554000,
    "grossProfit": 99517000,
    "grossProfitRatio": 0.3826531985,
    "researchAndDevelopmentExpenses": 0,
    "generalAndAdministrativeExpenses": 44685000,
    "sellingAndMarketingExpenses": 33777000,
    "sellingGeneralAndAdministrativeExpenses": 78462000,
    "otherExpenses": 8479000,
    "operatingExpenses": 86941000,
    "costAndExpenses": 247495000,
    "interestIncome": 0,
    "interestExpense": 0,
    "depreciationAndAmortization": 9780000,
    "ebitda": 22356000,
    "ebitdaratio": 0.0859611414,
    "operatingIncome": 12576000,
    "operatingIncomeRatio": 0.0483560259,
    "totalOtherIncomeExpensesNet": 2084000,
    "incomeBeforeTax": 14660000,
    "incomeBeforeTaxRatio": 0.0563692223,
    "incomeTaxExpense": 889000,
    "netIncome": 13232000,
    "netIncomeRatio": 0.050878414,
    "eps": 0.34,
    "epsdiluted": 0.3,
    "weightedAverageShsOut": 38650000,
    "weightedAverageShsOutDil": 44722000,
    "link": "https://www.sec.gov/Archives/edgar/data/1075531/000110465907015407/0001104659-07-015407-index.htm",
    "finalLink": "https://www.sec.gov/Archives/edgar/data/1075531/000110465907015407/a07-5554_110k.htm"
  },
  {
    "date": "2006-09-30",
    "symbol": "BKNG",
    "reportedCurrency": "USD",
    "cik": "0001075531",
    "fillingDate": "2006-11-09",
    "acceptedDate": "2006-11-09 15:14:29",
    "calendarYear": "2006",
    "period": "Q3",
    "revenue": 313467000,
    "costOfRevenue": 189920000,
    "grossProfit": 123547000,
    "grossProfitRatio": 0.3941308016,
    "researchAndDevelopmentExpenses": 0,
    "generalAndAdministrativeExpenses": 42056000,
    "sellingAndMarketingExpenses": 41225000,
    "sellingGeneralAndAdministrativeExpenses": 83281000,
    "otherExpenses": 8664000,
    "operatingExpenses": 91945000,
    "costAndExpenses": 281865000,
    "interestIncome": 0,
    "interestExpense": 0,
    "depreciationAndAmortization": 9340000,
    "ebitda": 40942000,
    "ebitdaratio": 0.1306102397,
    "operatingIncome": 31602000,
    "operatingIncomeRatio": 0.1008144398,
    "totalOtherIncomeExpensesNet": 1430000,
    "incomeBeforeTax": 33032000,
    "incomeBeforeTaxRatio": 0.1053763235,
    "incomeTaxExpense": -18113000,
    "netIncome": 48817000,
    "netIncomeRatio": 0.1557325013,
    "eps": 1.21,
    "epsdiluted": 1.05,
    "weightedAverageShsOut": 39596000,
    "weightedAverageShsOutDil": 46385000,
    "link": "https://www.sec.gov/Archives/edgar/data/1075531/000110465906073510/0001104659-06-073510-index.htm",
    "finalLink": "https://www.sec.gov/Archives/edgar/data/1075531/000110465906073510/a06-21502_110q.htm"
  },
  {
    "date": "2006-06-30",
    "symbol": "BKNG",
    "reportedCurrency": "USD",
    "cik": "0001075531",
    "fillingDate": "2006-08-09",
    "acceptedDate": "2006-08-09 12:51:55",
    "calendarYear": "2006",
    "period": "Q2",
    "revenue": 307651000,
    "costOfRevenue": 201847000,
    "grossProfit": 105804000,
    "grossProfitRatio": 0.3439091698,
    "researchAndDevelopmentExpenses": 0,
    "generalAndAdministrativeExpenses": 39053000,
    "sellingAndMarketingExpenses": 39354000,
    "sellingGeneralAndAdministrativeExpenses": 78407000,
    "otherExpenses": 8360000,
    "operatingExpenses": 86767000,
    "costAndExpenses": 288614000,
    "interestIncome": 0,
    "interestExpense": 0,
    "depreciationAndAmortization": 9066000,
    "ebitda": 28103000,
    "ebitdaratio": 0.0913470133,
    "operatingIncome": 19037000,
    "operatingIncomeRatio": 0.0618785572,
    "totalOtherIncomeExpensesNet": -55000,
    "incomeBeforeTax": 18982000,
    "incomeBeforeTaxRatio": 0.0616997832,
    "incomeTaxExpense": 5578000,
    "netIncome": 12517000,
    "netIncomeRatio": 0.0406857121,
    "eps": 0.32,
    "epsdiluted": 0.28,
    "weightedAverageShsOut": 39481000,
    "weightedAverageShsOutDil": 46993000,
    "link": "https://www.sec.gov/Archives/edgar/data/1075531/000110465906052945/0001104659-06-052945-index.htm",
    "finalLink": "https://www.sec.gov/Archives/edgar/data/1075531/000110465906052945/a06-15147_210q.htm"
  },
  {
    "date": "2006-03-31",
    "symbol": "BKNG",
    "reportedCurrency": "USD",
    "cik": "0001075531",
    "fillingDate": "2006-05-10",
    "acceptedDate": "2006-05-10 14:58:29",
    "calendarYear": "2006",
    "period": "Q1",
    "revenue": 241914000,
    "costOfRevenue": 169683000,
    "grossProfit": 72231000,
    "grossProfitRatio": 0.298581314,
    "researchAndDevelopmentExpenses": 0,
    "generalAndAdministrativeExpenses": 34080000,
    "sellingAndMarketingExpenses": 31299000,
    "sellingGeneralAndAdministrativeExpenses": 65379000,
    "otherExpenses": 8081000,
    "operatingExpenses": 73460000,
    "costAndExpenses": 243143000,
    "interestIncome": 0,
    "interestExpense": 0,
    "depreciationAndAmortization": 8645000,
    "ebitda": 7551000,
    "ebitdaratio": 0.0312135718,
    "operatingIncome": -1229000,
    "operatingIncomeRatio": -0.0050803178,
    "totalOtherIncomeExpensesNet": 188000,
    "incomeBeforeTax": -1041000,
    "incomeBeforeTaxRatio": -0.0043031821,
    "incomeTaxExpense": -741000,
    "netIncome": -99000,
    "netIncomeRatio": -0.0004092363,
    "eps": -0.0025,
    "epsdiluted": -0.0025,
    "weightedAverageShsOut": 39380000,
    "weightedAverageShsOutDil": 39380000,
    "link": "https://www.sec.gov/Archives/edgar/data/1075531/000110465906033185/0001104659-06-033185-index.htm",
    "finalLink": "https://www.sec.gov/Archives/edgar/data/1075531/000110465906033185/a06-9198_110q.htm"
  },
  {
    "date": "2005-12-31",
    "symbol": "BKNG",
    "reportedCurrency": "USD",
    "cik": "0001075531",
    "fillingDate": "2006-03-07",
    "acceptedDate": "2006-03-07 16:41:25",
    "calendarYear": "2005",
    "period": "Q4",
    "revenue": 203913000,
    "costOfRevenue": 138994000,
    "grossProfit": 64919000,
    "grossProfitRatio": 0.318366166,
    "researchAndDevelopmentExpenses": 0,
    "generalAndAdministrativeExpenses": 30161000,
    "sellingAndMarketingExpenses": 21009000,
    "sellingGeneralAndAdministrativeExpenses": 51170000,
    "otherExpenses": 7715000,
    "operatingExpenses": 58885000,
    "costAndExpenses": 197879000,
    "interestIncome": 0,
    "interestExpense": 0,
    "depreciationAndAmortization": 8469000,
    "ebitda": 14503000,
    "ebitdaratio": 0.0711234693,
    "operatingIncome": 6034000,
    "operatingIncomeRatio": 0.0295910511,
    "totalOtherIncomeExpensesNet": -117000,
    "incomeBeforeTax": 5917000,
    "incomeBeforeTaxRatio": 0.029017277,
    "incomeTaxExpense": 2250000,
    "netIncome": 3790000,
    "netIncomeRatio": 0.0185863579,
    "eps": 0.0968,
    "epsdiluted": 0.0816,
    "weightedAverageShsOut": 39161000,
    "weightedAverageShsOutDil": 46436000,
    "link": "https://www.sec.gov/Archives/edgar/data/1075531/000110465906014649/0001104659-06-014649-index.htm",
    "finalLink": "https://www.sec.gov/Archives/edgar/data/1075531/000110465906014649/a06-2010_110k.htm"
  },
  {
    "date": "2005-09-30",
    "symbol": "BKNG",
    "reportedCurrency": "USD",
    "cik": "0001075531",
    "fillingDate": "2005-11-09",
    "acceptedDate": "2005-11-09 15:31:15",
    "calendarYear": "2005",
    "period": "Q3",
    "revenue": 258797000,
    "costOfRevenue": 178795000,
    "grossProfit": 80002000,
    "grossProfitRatio": 0.3091303222,
    "researchAndDevelopmentExpenses": 0,
    "generalAndAdministrativeExpenses": 30787000,
    "sellingAndMarketingExpenses": 27185000,
    "sellingGeneralAndAdministrativeExpenses": 57972000,
    "otherExpenses": 9138000,
    "operatingExpenses": 67110000,
    "costAndExpenses": 245905000,
    "interestIncome": 0,
    "interestExpense": 0,
    "depreciationAndAmortization": 8369000,
    "ebitda": 23261000,
    "ebitdaratio": 0.0898812583,
    "operatingIncome": 12892000,
    "operatingIncomeRatio": 0.049815106,
    "totalOtherIncomeExpensesNet": -220000,
    "incomeBeforeTax": 12672000,
    "incomeBeforeTaxRatio": 0.0489650189,
    "incomeTaxExpense": -158573000,
    "netIncome": 171570000,
    "netIncomeRatio": 0.6629520435,
    "eps": 4.36,
    "epsdiluted": 3.71,
    "weightedAverageShsOut": 39156000,
    "weightedAverageShsOutDil": 46485000,
    "link": "https://www.sec.gov/Archives/edgar/data/1075531/000110465905054039/0001104659-05-054039-index.htm",
    "finalLink": "https://www.sec.gov/Archives/edgar/data/1075531/000110465905054039/a05-17886_110q.htm"
  },
  {
    "date": "2005-06-30",
    "symbol": "BKNG",
    "reportedCurrency": "USD",
    "cik": "0001075531",
    "fillingDate": "2005-08-09",
    "acceptedDate": "2005-08-09 15:30:34",
    "calendarYear": "2005",
    "period": "Q2",
    "revenue": 266557000,
    "costOfRevenue": 201323000,
    "grossProfit": 65234000,
    "grossProfitRatio": 0.2447281444,
    "researchAndDevelopmentExpenses": 0,
    "generalAndAdministrativeExpenses": 28103000,
    "sellingAndMarketingExpenses": 20294000,
    "sellingGeneralAndAdministrativeExpenses": 48397000,
    "otherExpenses": 5047000,
    "operatingExpenses": 53444000,
    "costAndExpenses": 254767000,
    "interestIncome": 0,
    "interestExpense": 0,
    "depreciationAndAmortization": 5771000,
    "ebitda": 17561000,
    "ebitdaratio": 0.0658808435,
    "operatingIncome": 11790000,
    "operatingIncomeRatio": 0.0442306899,
    "totalOtherIncomeExpensesNet": 610000,
    "incomeBeforeTax": 12400000,
    "incomeBeforeTaxRatio": 0.046519131,
    "incomeTaxExpense": 336000,
    "netIncome": 12376000,
    "netIncomeRatio": 0.046429094,
    "eps": 0.32,
    "epsdiluted": 0.29,
    "weightedAverageShsOut": 39022000,
    "weightedAverageShsOutDil": 46516000,
    "link": "https://www.sec.gov/Archives/edgar/data/1075531/000110465905037840/0001104659-05-037840-index.htm",
    "finalLink": "https://www.sec.gov/Archives/edgar/data/1075531/000110465905037840/a05-8981_110q.htm"
  },
  {
    "date": "2005-03-31",
    "symbol": "BKNG",
    "reportedCurrency": "USD",
    "cik": "0001075531",
    "fillingDate": "2005-05-10",
    "acceptedDate": "2005-05-10 15:40:07",
    "calendarYear": "2005",
    "period": "Q1",
    "revenue": 233392000,
    "costOfRevenue": 175685000,
    "grossProfit": 57707000,
    "grossProfitRatio": 0.2472535477,
    "researchAndDevelopmentExpenses": 0,
    "generalAndAdministrativeExpenses": 26406000,
    "sellingAndMarketingExpenses": 21004000,
    "sellingGeneralAndAdministrativeExpenses": 47410000,
    "otherExpenses": 5130000,
    "operatingExpenses": 52540000,
    "costAndExpenses": 228225000,
    "interestIncome": 0,
    "interestExpense": 0,
    "depreciationAndAmortization": 6169000,
    "ebitda": 11000000,
    "ebitdaratio": 0.0471310071,
    "operatingIncome": 5167000,
    "operatingIncomeRatio": 0.0221387194,
    "totalOtherIncomeExpensesNet": -455000,
    "incomeBeforeTax": 4712000,
    "incomeBeforeTaxRatio": 0.0201892096,
    "incomeTaxExpense": -290000,
    "netIncome": 4992000,
    "netIncomeRatio": 0.0213889079,
    "eps": 0.11,
    "epsdiluted": 0.1,
    "weightedAverageShsOut": 38863000,
    "weightedAverageShsOutDil": 39764000,
    "link": "https://www.sec.gov/Archives/edgar/data/1075531/000110465905022149/0001104659-05-022149-index.htm",
    "finalLink": "https://www.sec.gov/Archives/edgar/data/1075531/000110465905022149/a05-8982_110q.htm"
  },
  {
    "date": "2004-12-31",
    "symbol": "BKNG",
    "reportedCurrency": "USD",
    "cik": "0001075531",
    "fillingDate": "2005-03-15",
    "acceptedDate": "2005-03-15 16:45:54",
    "calendarYear": "2004",
    "period": "Q4",
    "revenue": 194970000,
    "costOfRevenue": 145072000,
    "grossProfit": 49898000,
    "grossProfitRatio": 0.2559265528,
    "researchAndDevelopmentExpenses": 0,
    "generalAndAdministrativeExpenses": -16390000,
    "sellingAndMarketingExpenses": 46627000,
    "sellingGeneralAndAdministrativeExpenses": 30237000,
    "otherExpenses": 14528000,
    "operatingExpenses": 44765000,
    "costAndExpenses": 189837000,
    "interestIncome": 0,
    "interestExpense": 0,
    "depreciationAndAmortization": 4067000,
    "ebitda": 15684000,
    "ebitdaratio": 0.0804431451,
    "operatingIncome": 5133000,
    "operatingIncomeRatio": 0.0263271273,
    "totalOtherIncomeExpensesNet": 174000,
    "incomeBeforeTax": 5307000,
    "incomeBeforeTaxRatio": 0.0272195722,
    "incomeTaxExpense": -260000,
    "netIncome": 5001000,
    "netIncomeRatio": 0.0256501,
    "eps": 0.13,
    "epsdiluted": 0.12,
    "weightedAverageShsOut": 38304000,
    "weightedAverageShsOutDil": 42327000,
    "link": "https://www.sec.gov/Archives/edgar/data/1075531/000110465905011153/0001104659-05-011153-index.htm",
    "finalLink": "https://www.sec.gov/Archives/edgar/data/1075531/000110465905011153/a05-1832_110k.htm"
  },
  {
    "date": "2004-09-30",
    "symbol": "BKNG",
    "reportedCurrency": "USD",
    "cik": "0001075531",
    "fillingDate": "2004-11-09",
    "acceptedDate": "2004-11-09 16:35:39",
    "calendarYear": "2004",
    "period": "Q3",
    "revenue": 235882000,
    "costOfRevenue": 184778000,
    "grossProfit": 51104000,
    "grossProfitRatio": 0.2166506982,
    "researchAndDevelopmentExpenses": 0,
    "generalAndAdministrativeExpenses": 23446000,
    "sellingAndMarketingExpenses": 14649000,
    "sellingGeneralAndAdministrativeExpenses": 38095000,
    "otherExpenses": 3359000,
    "operatingExpenses": 41454000,
    "costAndExpenses": 226232000,
    "interestIncome": 0,
    "interestExpense": 0,
    "depreciationAndAmortization": 4276000,
    "ebitda": 13926000,
    "ebitdaratio": 0.0590379936,
    "operatingIncome": 9650000,
    "operatingIncomeRatio": 0.0409102857,
    "totalOtherIncomeExpensesNet": 421000,
    "incomeBeforeTax": 10071000,
    "incomeBeforeTaxRatio": 0.0426950764,
    "incomeTaxExpense": 67000,
    "netIncome": 10004000,
    "netIncomeRatio": 0.042411036,
    "eps": 0.24,
    "epsdiluted": 0.23,
    "weightedAverageShsOut": 38684000,
    "weightedAverageShsOutDil": 40279000,
    "link": "https://www.sec.gov/Archives/edgar/data/1075531/000091205704000539/0000912057-04-000539-index.htm",
    "finalLink": "https://www.sec.gov/Archives/edgar/data/1075531/000091205704000539/a2146312z10-q.htm"
  },
  {
    "date": "2004-06-30",
    "symbol": "BKNG",
    "reportedCurrency": "USD",
    "cik": "0001075531",
    "fillingDate": "2004-08-09",
    "acceptedDate": "2004-08-09 17:03:48",
    "calendarYear": "2004",
    "period": "Q2",
    "revenue": 259389000,
    "costOfRevenue": 205610000,
    "grossProfit": 53779000,
    "grossProfitRatio": 0.2073295321,
    "researchAndDevelopmentExpenses": 0,
    "generalAndAdministrativeExpenses": 23900000,
    "sellingAndMarketingExpenses": 16366000,
    "sellingGeneralAndAdministrativeExpenses": 40266000,
    "otherExpenses": 2553000,
    "operatingExpenses": 42819000,
    "costAndExpenses": 248429000,
    "interestIncome": 0,
    "interestExpense": 0,
    "depreciationAndAmortization": 3610000,
    "ebitda": 14558000,
    "ebitdaratio": 0.0561241996,
    "operatingIncome": 10960000,
    "operatingIncomeRatio": 0.042253141,
    "totalOtherIncomeExpensesNet": 441000,
    "incomeBeforeTax": 11401000,
    "incomeBeforeTaxRatio": 0.0439532902,
    "incomeTaxExpense": 0,
    "netIncome": 11401000,
    "netIncomeRatio": 0.0439532902,
    "eps": 0.3,
    "epsdiluted": 0.29,
    "weightedAverageShsOut": 38076000,
    "weightedAverageShsOutDil": 39932000,
    "link": "https://www.sec.gov/Archives/edgar/data/1075531/000110465904023425/0001104659-04-023425-index.htm",
    "finalLink": "https://www.sec.gov/Archives/edgar/data/1075531/000110465904023425/a04-8674_210q.htm"
  },
  {
    "date": "2004-03-31",
    "symbol": "BKNG",
    "reportedCurrency": "USD",
    "cik": "0001075531",
    "fillingDate": "2004-05-10",
    "acceptedDate": "2004-05-10 15:19:48",
    "calendarYear": "2004",
    "period": "Q1",
    "revenue": 224131000,
    "costOfRevenue": 180757000,
    "grossProfit": 43374000,
    "grossProfitRatio": 0.1935207535,
    "researchAndDevelopmentExpenses": 0,
    "generalAndAdministrativeExpenses": 21070000,
    "sellingAndMarketingExpenses": 15405000,
    "sellingGeneralAndAdministrativeExpenses": 36475000,
    "otherExpenses": 2220000,
    "operatingExpenses": 38695000,
    "costAndExpenses": 219452000,
    "interestIncome": 0,
    "interestExpense": 0,
    "depreciationAndAmortization": 2436000,
    "ebitda": 7115000,
    "ebitdaratio": 0.0317448278,
    "operatingIncome": 4679000,
    "operatingIncomeRatio": 0.020876184,
    "totalOtherIncomeExpensesNet": 424000,
    "incomeBeforeTax": 5103000,
    "incomeBeforeTaxRatio": 0.0227679348,
    "incomeTaxExpense": 0,
    "netIncome": 5103000,
    "netIncomeRatio": 0.0227679348,
    "eps": 0.12,
    "epsdiluted": 0.11,
    "weightedAverageShsOut": 37588000,
    "weightedAverageShsOutDil": 38905000,
    "link": "https://www.sec.gov/Archives/edgar/data/1075531/000110465904013526/0001104659-04-013526-index.htm",
    "finalLink": "https://www.sec.gov/Archives/edgar/data/1075531/000110465904013526/a04-5485_210q.htm"
  },
  {
    "date": "2003-12-31",
    "symbol": "BKNG",
    "reportedCurrency": "USD",
    "cik": "0001075531",
    "fillingDate": "2004-12-14",
    "acceptedDate": "2004-12-14 16:24:44",
    "calendarYear": "2003",
    "period": "Q4",
    "revenue": 180167000,
    "costOfRevenue": 148351000,
    "grossProfit": 31816000,
    "grossProfitRatio": 0.1765917177,
    "researchAndDevelopmentExpenses": 0,
    "generalAndAdministrativeExpenses": 17499000,
    "sellingAndMarketingExpenses": 10092000,
    "sellingGeneralAndAdministrativeExpenses": 27591000,
    "otherExpenses": 3075000,
    "operatingExpenses": 30666000,
    "costAndExpenses": 179017000,
    "interestIncome": 0,
    "interestExpense": 0,
    "depreciationAndAmortization": 2527000,
    "ebitda": 3491000,
    "ebitdaratio": 0.0193764674,
    "operatingIncome": 1150000,
    "operatingIncomeRatio": 0.0063829669,
    "totalOtherIncomeExpensesNet": 278000,
    "incomeBeforeTax": 2228000,
    "incomeBeforeTaxRatio": 0.0123663046,
    "incomeTaxExpense": 0,
    "netIncome": 2228000,
    "netIncomeRatio": 0.0123663046,
    "eps": 0.0589,
    "epsdiluted": 0.0571,
    "weightedAverageShsOut": 37804000,
    "weightedAverageShsOutDil": 39009000,
    "link": "https://www.sec.gov/Archives/edgar/data/1075531/000110465904039535/0001104659-04-039535-index.htm",
    "finalLink": "https://www.sec.gov/Archives/edgar/data/1075531/000110465904039535/a04-14698_310ka.htm"
  },
  {
    "date": "2003-09-30",
    "symbol": "BKNG",
    "reportedCurrency": "USD",
    "cik": "0001075531",
    "fillingDate": "2003-11-14",
    "acceptedDate": "2003-11-14 13:06:16",
    "calendarYear": "2003",
    "period": "Q3",
    "revenue": 243441000,
    "costOfRevenue": 202793000,
    "grossProfit": 40648000,
    "grossProfitRatio": 0.1669726956,
    "researchAndDevelopmentExpenses": 0,
    "generalAndAdministrativeExpenses": 19879000,
    "sellingAndMarketingExpenses": 10284000,
    "sellingGeneralAndAdministrativeExpenses": 30163000,
    "otherExpenses": 2373000,
    "operatingExpenses": 32536000,
    "costAndExpenses": 235329000,
    "interestIncome": 0,
    "interestExpense": 0,
    "depreciationAndAmortization": 2645000,
    "ebitda": 10757000,
    "ebitdaratio": 0.0441872979,
    "operatingIncome": 8112000,
    "operatingIncomeRatio": 0.0333222424,
    "totalOtherIncomeExpensesNet": 1618000,
    "incomeBeforeTax": 9730000,
    "incomeBeforeTaxRatio": 0.0399686166,
    "incomeTaxExpense": 0,
    "netIncome": 9730000,
    "netIncomeRatio": 0.0399686166,
    "eps": 0.22,
    "epsdiluted": 0.21,
    "weightedAverageShsOut": 38044000,
    "weightedAverageShsOutDil": 39812000,
    "link": "https://www.sec.gov/Archives/edgar/data/1075531/000110465903026542/0001104659-03-026542-index.htm",
    "finalLink": "https://www.sec.gov/Archives/edgar/data/1075531/000110465903026542/a03-5382_110q.htm"
  },
  {
    "date": "2003-06-30",
    "symbol": "BKNG",
    "reportedCurrency": "USD",
    "cik": "0001075531",
    "fillingDate": "2003-08-14",
    "acceptedDate": "2003-08-14 14:22:16",
    "calendarYear": "2003",
    "period": "Q2",
    "revenue": 239566000,
    "costOfRevenue": 199072000,
    "grossProfit": 40494000,
    "grossProfitRatio": 0.1690306638,
    "researchAndDevelopmentExpenses": 0,
    "generalAndAdministrativeExpenses": 20754000,
    "sellingAndMarketingExpenses": 10774000,
    "sellingGeneralAndAdministrativeExpenses": 31528000,
    "otherExpenses": 2787000,
    "operatingExpenses": 34315000,
    "costAndExpenses": 233387000,
    "interestIncome": 0,
    "interestExpense": 0,
    "depreciationAndAmortization": 2787000,
    "ebitda": 8966000,
    "ebitdaratio": 0.037426012,
    "operatingIncome": 6179000,
    "operatingIncomeRatio": 0.0257924747,
    "totalOtherIncomeExpensesNet": 1105000,
    "incomeBeforeTax": 7689000,
    "incomeBeforeTaxRatio": 0.0320955394,
    "incomeTaxExpense": 0,
    "netIncome": 7689000,
    "netIncomeRatio": 0.0320955394,
    "eps": 0.2,
    "epsdiluted": 0.2,
    "weightedAverageShsOut": 37635000,
    "weightedAverageShsOutDil": 39284000,
    "link": "https://www.sec.gov/Archives/edgar/data/1075531/000104746903027688/0001047469-03-027688-index.htm",
    "finalLink": "https://www.sec.gov/Archives/edgar/data/1075531/000104746903027688/a2116831z10-q.txt"
  },
  {
    "date": "2003-03-31",
    "symbol": "BKNG",
    "reportedCurrency": "USD",
    "cik": "0001075531",
    "fillingDate": "2003-05-15",
    "acceptedDate": "2003-05-15 15:06:43",
    "calendarYear": "2003",
    "period": "Q1",
    "revenue": 200487000,
    "costOfRevenue": 167500000,
    "grossProfit": 32987000,
    "grossProfitRatio": 0.1645343588,
    "researchAndDevelopmentExpenses": 4930000,
    "generalAndAdministrativeExpenses": 14632000,
    "sellingAndMarketingExpenses": 11098000,
    "sellingGeneralAndAdministrativeExpenses": 25730000,
    "otherExpenses": 10550000,
    "operatingExpenses": 41210000,
    "costAndExpenses": 208710000,
    "interestIncome": 0,
    "interestExpense": 0,
    "depreciationAndAmortization": 3912000,
    "ebitda": -4311000,
    "ebitdaratio": -0.0215026411,
    "operatingIncome": -8223000,
    "operatingIncomeRatio": -0.0410151282,
    "totalOtherIncomeExpensesNet": 8223000,
    "incomeBeforeTax": -7731000,
    "incomeBeforeTaxRatio": -0.0385611037,
    "incomeTaxExpense": 0,
    "netIncome": -7731000,
    "netIncomeRatio": -0.0385611037,
    "eps": -0.21,
    "epsdiluted": -0.21,
    "weightedAverageShsOut": 37484162,
    "weightedAverageShsOutDil": 37484162,
    "link": "https://www.sec.gov/Archives/edgar/data/1075531/000104746903018883/0001047469-03-018883-index.htm",
    "finalLink": "https://www.sec.gov/Archives/edgar/data/1075531/000104746903018883/a2111225z10-q.txt"
  },
  {
    "date": "2002-12-31",
    "symbol": "BKNG",
    "reportedCurrency": "USD",
    "cik": "0001075531",
    "fillingDate": "2003-04-30",
    "acceptedDate": "2003-04-30 16:34:17",
    "calendarYear": "2002",
    "period": "Q4",
    "revenue": 197301000,
    "costOfRevenue": 166817000,
    "grossProfit": 30484000,
    "grossProfitRatio": 0.1545050456,
    "researchAndDevelopmentExpenses": 9773000,
    "generalAndAdministrativeExpenses": 0,
    "sellingAndMarketingExpenses": 0,
    "sellingGeneralAndAdministrativeExpenses": 24086000,
    "otherExpenses": 4654000,
    "operatingExpenses": 38513000,
    "costAndExpenses": 205330000,
    "interestIncome": 0,
    "interestExpense": 0,
    "depreciationAndAmortization": 4466000,
    "ebitda": 1291000,
    "ebitdaratio": 0.0065433019,
    "operatingIncome": -8029000,
    "operatingIncomeRatio": -0.0406941678,
    "totalOtherIncomeExpensesNet": 8029000,
    "incomeBeforeTax": -7411000,
    "incomeBeforeTaxRatio": -0.0375618978,
    "incomeTaxExpense": 0,
    "netIncome": -7411000,
    "netIncomeRatio": -0.0375618978,
    "eps": -0.2,
    "epsdiluted": -0.2,
    "weightedAverageShsOut": 37425687,
    "weightedAverageShsOutDil": 37888076,
    "link": "https://www.sec.gov/Archives/edgar/data/1075531/000104746903015701/0001047469-03-015701-index.htm",
    "finalLink": "https://www.sec.gov/Archives/edgar/data/1075531/000104746903015701/a2109750z10-ka.txt"
  },
  {
    "date": "2002-09-30",
    "symbol": "BKNG",
    "reportedCurrency": "USD",
    "cik": "0001075531",
    "fillingDate": "2002-11-14",
    "acceptedDate": "2002-11-14 15:16:24",
    "calendarYear": "2002",
    "period": "Q3",
    "revenue": 239964000,
    "costOfRevenue": 202223000,
    "grossProfit": 37741000,
    "grossProfitRatio": 0.1572777583,
    "researchAndDevelopmentExpenses": 10138000,
    "generalAndAdministrativeExpenses": 0,
    "sellingAndMarketingExpenses": 0,
    "sellingGeneralAndAdministrativeExpenses": 28503000,
    "otherExpenses": 24137000,
    "operatingExpenses": 62778000,
    "costAndExpenses": 265001000,
    "interestIncome": 0,
    "interestExpense": 0,
    "depreciationAndAmortization": 4850000,
    "ebitda": -20279000,
    "ebitdaratio": -0.0845085096,
    "operatingIncome": -25037000,
    "operatingIncomeRatio": -0.1043364838,
    "totalOtherIncomeExpensesNet": 25037000,
    "incomeBeforeTax": -23823000,
    "incomeBeforeTaxRatio": -0.0992773916,
    "incomeTaxExpense": 0,
    "netIncome": -23823000,
    "netIncomeRatio": -0.0992773916,
    "eps": -0.63,
    "epsdiluted": -0.6,
    "weightedAverageShsOut": 37886409,
    "weightedAverageShsOutDil": 39931818,
    "link": "https://www.sec.gov/Archives/edgar/data/1075531/000091205702042400/0000912057-02-042400-index.htm",
    "finalLink": "https://www.sec.gov/Archives/edgar/data/1075531/000091205702042400/a2093336z10-q.txt"
  },
  {
    "date": "2002-06-30",
    "symbol": "BKNG",
    "reportedCurrency": "USD",
    "cik": "0001075531",
    "fillingDate": "2002-08-14",
    "acceptedDate": "2002-08-14 13:18:09",
    "calendarYear": "2002",
    "period": "Q2",
    "revenue": 304456000,
    "costOfRevenue": 256308000,
    "grossProfit": 48148000,
    "grossProfitRatio": 0.1581443624,
    "researchAndDevelopmentExpenses": 10520000,
    "generalAndAdministrativeExpenses": 0,
    "sellingAndMarketingExpenses": 0,
    "sellingGeneralAndAdministrativeExpenses": 32644000,
    "otherExpenses": -255000,
    "operatingExpenses": 42909000,
    "costAndExpenses": 299217000,
    "interestIncome": 0,
    "interestExpense": 0,
    "depreciationAndAmortization": 4490000,
    "ebitda": 9729000,
    "ebitdaratio": 0.0319553564,
    "operatingIncome": 5239000,
    "operatingIncomeRatio": 0.017207741,
    "totalOtherIncomeExpensesNet": 1070000,
    "incomeBeforeTax": 6309000,
    "incomeBeforeTaxRatio": 0.0207222062,
    "incomeTaxExpense": 0,
    "netIncome": 6309000,
    "netIncomeRatio": 0.0207222062,
    "eps": 0.18,
    "epsdiluted": 0.18,
    "weightedAverageShsOut": 38287489,
    "weightedAverageShsOutDil": 39924983,
    "link": "https://www.sec.gov/Archives/edgar/data/1075531/000091205702031902/0000912057-02-031902-index.htm",
    "finalLink": "https://www.sec.gov/Archives/edgar/data/1075531/000091205702031902/a2087062z10-q.txt"
  },
  {
    "date": "2002-03-31",
    "symbol": "BKNG",
    "reportedCurrency": "USD",
    "cik": "0001075531",
    "fillingDate": "2002-05-15",
    "acceptedDate": "2002-05-15 15:10:11",
    "calendarYear": "2002",
    "period": "Q1",
    "revenue": 261885000,
    "costOfRevenue": 219892000,
    "grossProfit": 41993000,
    "grossProfitRatio": 0.1603490082,
    "researchAndDevelopmentExpenses": 10533000,
    "generalAndAdministrativeExpenses": 0,
    "sellingAndMarketingExpenses": 0,
    "sellingGeneralAndAdministrativeExpenses": 27781000,
    "otherExpenses": -824000,
    "operatingExpenses": 37490000,
    "costAndExpenses": 257382000,
    "interestIncome": 0,
    "interestExpense": 0,
    "depreciationAndAmortization": 4459000,
    "ebitda": 8138000,
    "ebitdaratio": 0.0310747084,
    "operatingIncome": 4503000,
    "operatingIncomeRatio": 0.0171945701,
    "totalOtherIncomeExpensesNet": -4503000,
    "incomeBeforeTax": 5741000,
    "incomeBeforeTaxRatio": 0.0219218359,
    "incomeTaxExpense": 0,
    "netIncome": 5741000,
    "netIncomeRatio": 0.0219218359,
    "eps": 0.12,
    "epsdiluted": 0.12,
    "weightedAverageShsOut": 37924750,
    "weightedAverageShsOutDil": 40002999,
    "link": "https://www.sec.gov/Archives/edgar/data/1075531/000091205702020716/0000912057-02-020716-index.htm",
    "finalLink": "https://www.sec.gov/Archives/edgar/data/1075531/000091205702020716/a2080154z10-q.txt"
  },
  {
    "date": "2001-12-31",
    "symbol": "BKNG",
    "reportedCurrency": "USD",
    "cik": "0001075531",
    "fillingDate": "2003-11-05",
    "acceptedDate": "2003-11-05 17:08:23",
    "calendarYear": "2001",
    "period": "Q4",
    "revenue": 235304000,
    "costOfRevenue": 196051000,
    "grossProfit": 39253000,
    "grossProfitRatio": 0.1668182436,
    "researchAndDevelopmentExpenses": 0,
    "generalAndAdministrativeExpenses": 0,
    "sellingAndMarketingExpenses": 0,
    "sellingGeneralAndAdministrativeExpenses": 76335000,
    "otherExpenses": -33918000,
    "operatingExpenses": 42417000,
    "costAndExpenses": 238468000,
    "interestIncome": 0,
    "interestExpense": 0,
    "depreciationAndAmortization": -5037000,
    "ebitda": -4700000,
    "ebitdaratio": -0.0199741611,
    "operatingIncome": -3164000,
    "operatingIncomeRatio": -0.0134464352,
    "totalOtherIncomeExpensesNet": 3164000,
    "incomeBeforeTax": -1322000,
    "incomeBeforeTaxRatio": -0.005618264,
    "incomeTaxExpense": 0,
    "netIncome": -1322000,
    "netIncomeRatio": -0.005618264,
    "eps": -0.0387,
    "epsdiluted": -0.0387,
    "weightedAverageShsOut": 34173500,
    "weightedAverageShsOutDil": 34173500,
    "link": "https://www.sec.gov/Archives/edgar/data/1075531/000104746903036169/0001047469-03-036169-index.htm",
    "finalLink": "https://www.sec.gov/Archives/edgar/data/1075531/000104746903036169/a2122016z10-ka.txt"
  },
  {
    "date": "2001-09-30",
    "symbol": "BKNG",
    "reportedCurrency": "USD",
    "cik": "0001075531",
    "fillingDate": "2001-11-14",
    "acceptedDate": "2001-11-14 00:00:00",
    "calendarYear": "2001",
    "period": "Q3",
    "revenue": 301989000,
    "costOfRevenue": 251557000,
    "grossProfit": 50432000,
    "grossProfitRatio": 0.1669994602,
    "researchAndDevelopmentExpenses": 10160000,
    "generalAndAdministrativeExpenses": 0,
    "sellingAndMarketingExpenses": 0,
    "sellingGeneralAndAdministrativeExpenses": 37391000,
    "otherExpenses": 0,
    "operatingExpenses": 47551000,
    "costAndExpenses": 299108000,
    "interestIncome": 0,
    "interestExpense": 0,
    "depreciationAndAmortization": 4960000,
    "ebitda": 7841000,
    "ebitdaratio": 0.0259645219,
    "operatingIncome": 2881000,
    "operatingIncomeRatio": 0.0095400826,
    "totalOtherIncomeExpensesNet": -2881000,
    "incomeBeforeTax": 4977000,
    "incomeBeforeTaxRatio": 0.0164807327,
    "incomeTaxExpense": 0,
    "netIncome": 4977000,
    "netIncomeRatio": 0.0164807327,
    "eps": -0.12,
    "epsdiluted": -0.12,
    "weightedAverageShsOut": 36029204,
    "weightedAverageShsOutDil": 36029204,
    "link": "https://www.sec.gov/Archives/edgar/data/1075531/000100547701502001/0001005477-01-502001-index.htm",
    "finalLink": "https://www.sec.gov/Archives/edgar/data/1075531/000100547701502001/d01-35181.txt"
  },
  {
    "date": "2001-06-30",
    "symbol": "BKNG",
    "reportedCurrency": "USD",
    "cik": "0001075531",
    "fillingDate": "2001-08-14",
    "acceptedDate": "2001-08-14 00:00:00",
    "calendarYear": "2001",
    "period": "Q2",
    "revenue": 364756000,
    "costOfRevenue": 304650000,
    "grossProfit": 60106000,
    "grossProfitRatio": 0.1647841297,
    "researchAndDevelopmentExpenses": 9892000,
    "generalAndAdministrativeExpenses": 0,
    "sellingAndMarketingExpenses": 0,
    "sellingGeneralAndAdministrativeExpenses": 43802000,
    "otherExpenses": 5412000,
    "operatingExpenses": 59106000,
    "costAndExpenses": 363756000,
    "interestIncome": 0,
    "interestExpense": 0,
    "depreciationAndAmortization": 7708000,
    "ebitda": 8708000,
    "ebitdaratio": 0.0238734935,
    "operatingIncome": 1000000,
    "operatingIncomeRatio": 0.0027415587,
    "totalOtherIncomeExpensesNet": -1000000,
    "incomeBeforeTax": 2816000,
    "incomeBeforeTaxRatio": 0.0077202294,
    "incomeTaxExpense": 0,
    "netIncome": 2816000,
    "netIncomeRatio": 0.0077202294,
    "eps": 0.06,
    "epsdiluted": 0.06,
    "weightedAverageShsOut": 32770052,
    "weightedAverageShsOutDil": 36677500,
    "link": "https://www.sec.gov/Archives/edgar/data/1075531/000100547701500675/0001005477-01-500675-index.htm",
    "finalLink": "https://www.sec.gov/Archives/edgar/data/1075531/000100547701500675/form10q.txt"
  },
  {
    "date": "2001-03-31",
    "symbol": "BKNG",
    "reportedCurrency": "USD",
    "cik": "0001075531",
    "fillingDate": "2001-05-15",
    "acceptedDate": "2001-05-15 00:00:00",
    "calendarYear": "2001",
    "period": "Q1",
    "revenue": 269704000,
    "costOfRevenue": 222490000,
    "grossProfit": 47214000,
    "grossProfitRatio": 0.1750585827,
    "researchAndDevelopmentExpenses": 11112000,
    "generalAndAdministrativeExpenses": 0,
    "sellingAndMarketingExpenses": 0,
    "sellingGeneralAndAdministrativeExpenses": 45207000,
    "otherExpenses": 5499000,
    "operatingExpenses": 61818000,
    "costAndExpenses": 284308000,
    "interestIncome": 0,
    "interestExpense": 0,
    "depreciationAndAmortization": 8947000,
    "ebitda": -158000,
    "ebitdaratio": -0.0005858274,
    "operatingIncome": -14604000,
    "operatingIncomeRatio": -0.0541482514,
    "totalOtherIncomeExpensesNet": 14604000,
    "incomeBeforeTax": -13774000,
    "incomeBeforeTaxRatio": -0.0510708035,
    "incomeTaxExpense": 0,
    "netIncome": -13774000,
    "netIncomeRatio": -0.0510708035,
    "eps": -0.44,
    "epsdiluted": -0.44,
    "weightedAverageShsOut": 31437786,
    "weightedAverageShsOutDil": 31437786,
    "link": "https://www.sec.gov/Archives/edgar/data/1075531/000100547701003314/0001005477-01-003314-index.htm",
    "finalLink": "https://www.sec.gov/Archives/edgar/data/1075531/000100547701003314/0001005477-01-003314-0001.txt"
  },
  {
    "date": "2000-12-31",
    "symbol": "BKNG",
    "reportedCurrency": "USD",
    "cik": "0001075531",
    "fillingDate": "2001-03-30",
    "acceptedDate": "2001-03-30 00:00:00",
    "calendarYear": "2000",
    "period": "Q4",
    "revenue": 228169000,
    "costOfRevenue": 186821000,
    "grossProfit": 41348000,
    "grossProfitRatio": 0.1812165544,
    "researchAndDevelopmentExpenses": 0,
    "generalAndAdministrativeExpenses": 0,
    "sellingAndMarketingExpenses": 0,
    "sellingGeneralAndAdministrativeExpenses": 87760000,
    "otherExpenses": -17309000,
    "operatingExpenses": 70451000,
    "costAndExpenses": 257272000,
    "interestIncome": 0,
    "interestExpense": 0,
    "depreciationAndAmortization": 6674000,
    "ebitda": -22429000,
    "ebitdaratio": -0.0982999443,
    "operatingIncome": -29103000,
    "operatingIncomeRatio": -0.1275501931,
    "totalOtherIncomeExpensesNet": 29103000,
    "incomeBeforeTax": -105135000,
    "incomeBeforeTaxRatio": -0.4607768803,
    "incomeTaxExpense": 0,
    "netIncome": -105135000,
    "netIncomeRatio": -0.4607768803,
    "eps": -3.78,
    "epsdiluted": -3.78,
    "weightedAverageShsOut": 27830898,
    "weightedAverageShsOutDil": 27830898,
    "link": "https://www.sec.gov/Archives/edgar/data/1075531/000100547701002385/0001005477-01-002385-index.htm",
    "finalLink": "https://www.sec.gov/Archives/edgar/data/1075531/000100547701002385/0001005477-01-002385-0001.txt"
  },
  {
    "date": "2000-09-30",
    "symbol": "BKNG",
    "reportedCurrency": "USD",
    "cik": "0001075531",
    "fillingDate": "2000-11-14",
    "acceptedDate": "2000-11-14 00:00:00",
    "calendarYear": "2000",
    "period": "Q3",
    "revenue": 341334000,
    "costOfRevenue": 282818000,
    "grossProfit": 58516000,
    "grossProfitRatio": 0.1714332589,
    "researchAndDevelopmentExpenses": 11420000,
    "generalAndAdministrativeExpenses": 0,
    "sellingAndMarketingExpenses": 0,
    "sellingGeneralAndAdministrativeExpenses": 47852000,
    "otherExpenses": 4462000,
    "operatingExpenses": 63734000,
    "costAndExpenses": 346552000,
    "interestIncome": 0,
    "interestExpense": 0,
    "depreciationAndAmortization": 4462000,
    "ebitda": -756000,
    "ebitdaratio": -0.0022148394,
    "operatingIncome": -5218000,
    "operatingIncomeRatio": -0.0152870795,
    "totalOtherIncomeExpensesNet": 5218000,
    "incomeBeforeTax": -191922000,
    "incomeBeforeTaxRatio": -0.5622703862,
    "incomeTaxExpense": 0,
    "netIncome": -191922000,
    "netIncomeRatio": -0.5622703862,
    "eps": -6.89,
    "epsdiluted": -6.89,
    "weightedAverageShsOut": 27848735,
    "weightedAverageShsOutDil": 27848735,
    "link": "https://www.sec.gov/Archives/edgar/data/1075531/000100547700007886/0001005477-00-007886-index.htm",
    "finalLink": "https://www.sec.gov/Archives/edgar/data/1075531/000100547700007886/0001005477-00-007886-0001.txt"
  },
  {
    "date": "2000-06-30",
    "symbol": "BKNG",
    "reportedCurrency": "USD",
    "cik": "0001075531",
    "fillingDate": "2000-08-14",
    "acceptedDate": "2000-08-14 00:00:00",
    "calendarYear": "2000",
    "period": "Q2",
    "revenue": 352095000,
    "costOfRevenue": 293723000,
    "grossProfit": 58372000,
    "grossProfitRatio": 0.1657848024,
    "researchAndDevelopmentExpenses": 6695000,
    "generalAndAdministrativeExpenses": 0,
    "sellingAndMarketingExpenses": 0,
    "sellingGeneralAndAdministrativeExpenses": 55346000,
    "otherExpenses": 3577000,
    "operatingExpenses": 65618000,
    "costAndExpenses": 359341000,
    "interestIncome": 0,
    "interestExpense": 0,
    "depreciationAndAmortization": 3577000,
    "ebitda": -3669000,
    "ebitdaratio": -0.0104204831,
    "operatingIncome": -7246000,
    "operatingIncomeRatio": -0.0205796731,
    "totalOtherIncomeExpensesNet": 7246000,
    "incomeBeforeTax": -4521000,
    "incomeBeforeTaxRatio": -0.0128402846,
    "incomeTaxExpense": 0,
    "netIncome": -4521000,
    "netIncomeRatio": -0.0128402846,
    "eps": -0.16,
    "epsdiluted": -0.16,
    "weightedAverageShsOut": 27572013,
    "weightedAverageShsOutDil": 27572013,
    "link": "https://www.sec.gov/Archives/edgar/data/1075531/000095017200001459/0000950172-00-001459-index.htm",
    "finalLink": "https://www.sec.gov/Archives/edgar/data/1075531/000095017200001459/0000950172-00-001459-0001.txt"
  },
  {
    "date": "2000-03-31",
    "symbol": "BKNG",
    "reportedCurrency": "USD",
    "cik": "0001075531",
    "fillingDate": "2000-05-16",
    "acceptedDate": "2000-05-16 00:00:00",
    "calendarYear": "2000",
    "period": "Q1",
    "revenue": 313798000,
    "costOfRevenue": 262480000,
    "grossProfit": 51318000,
    "grossProfitRatio": 0.1635383272,
    "researchAndDevelopmentExpenses": 5868000,
    "generalAndAdministrativeExpenses": 0,
    "sellingAndMarketingExpenses": 0,
    "sellingGeneralAndAdministrativeExpenses": 59060000,
    "otherExpenses": 2672000,
    "operatingExpenses": 67600000,
    "costAndExpenses": 330080000,
    "interestIncome": 0,
    "interestExpense": 0,
    "depreciationAndAmortization": 2672000,
    "ebitda": -13610000,
    "ebitdaratio": -0.0433718507,
    "operatingIncome": -16282000,
    "operatingIncomeRatio": -0.0518868826,
    "totalOtherIncomeExpensesNet": 16282000,
    "incomeBeforeTax": -13567000,
    "incomeBeforeTaxRatio": -0.0432348199,
    "incomeTaxExpense": 0,
    "netIncome": -13567000,
    "netIncomeRatio": -0.0432348199,
    "eps": -0.49,
    "epsdiluted": -0.49,
    "weightedAverageShsOut": 27750048,
    "weightedAverageShsOutDil": 27750048,
    "link": "https://www.sec.gov/Archives/edgar/data/1075531/000095017200000936/0000950172-00-000936-index.html",
    "finalLink": "https://www.sec.gov/Archives/edgar/data/1075531/000095017200000936/"
  },
  {
    "date": "1999-12-31",
    "symbol": "BKNG",
    "reportedCurrency": "USD",
    "cik": "0001075531",
    "fillingDate": "2000-03-30",
    "acceptedDate": "2000-03-30 00:00:00",
    "calendarYear": "1999",
    "period": "Q4",
    "revenue": 169200000,
    "costOfRevenue": 55300000,
    "grossProfit": 113900000,
    "grossProfitRatio": 0.6731678487,
    "researchAndDevelopmentExpenses": 3800000,
    "generalAndAdministrativeExpenses": 0,
    "sellingAndMarketingExpenses": 0,
    "sellingGeneralAndAdministrativeExpenses": 33300000,
    "otherExpenses": 1800000,
    "operatingExpenses": 38900000,
    "costAndExpenses": 94200000,
    "interestIncome": 0,
    "interestExpense": 0,
    "depreciationAndAmortization": 1800000,
    "ebitda": 76800000,
    "ebitdaratio": 0.4539007092,
    "operatingIncome": 75000000,
    "operatingIncomeRatio": 0.4432624113,
    "totalOtherIncomeExpensesNet": -75000000,
    "incomeBeforeTax": -921500000,
    "incomeBeforeTaxRatio": -5.4462174941,
    "incomeTaxExpense": 0,
    "netIncome": -921500000,
    "netIncomeRatio": -5.4462174941,
    "eps": -41.06,
    "epsdiluted": -41.06,
    "weightedAverageShsOut": 22441487,
    "weightedAverageShsOutDil": 22441487,
    "link": "https://www.sec.gov/Archives/edgar/data/1075531/000100547700002686/0001005477-00-002686-index.html",
    "finalLink": "https://www.sec.gov/Archives/edgar/data/1075531/000100547700002686/"
  },
  {
    "date": "1999-09-30",
    "symbol": "BKNG",
    "reportedCurrency": "USD",
    "cik": "0001075531",
    "fillingDate": "1999-11-15",
    "acceptedDate": "1999-11-15 00:00:00",
    "calendarYear": "1999",
    "period": "Q3",
    "revenue": 152200000,
    "costOfRevenue": 132400000,
    "grossProfit": 19800000,
    "grossProfitRatio": 0.1300919842,
    "researchAndDevelopmentExpenses": 4600000,
    "generalAndAdministrativeExpenses": 0,
    "sellingAndMarketingExpenses": 0,
    "sellingGeneralAndAdministrativeExpenses": 29800000,
    "otherExpenses": 1600000,
    "operatingExpenses": 36000000,
    "costAndExpenses": 168400000,
    "interestIncome": 0,
    "interestExpense": 0,
    "depreciationAndAmortization": 1600000,
    "ebitda": -14600000,
    "ebitdaratio": -0.0959264126,
    "operatingIncome": -16200000,
    "operatingIncomeRatio": -0.1064388962,
    "totalOtherIncomeExpensesNet": 16200000,
    "incomeBeforeTax": -102200000,
    "incomeBeforeTaxRatio": -0.6714848883,
    "incomeTaxExpense": 0,
    "netIncome": -102200000,
    "netIncomeRatio": -0.6714848883,
    "eps": -4.26,
    "epsdiluted": -4.26,
    "weightedAverageShsOut": 23990610,
    "weightedAverageShsOutDil": 23990610,
    "link": "https://www.sec.gov/Archives/edgar/data/1075531/000095017299001629/0000950172-99-001629-index.html",
    "finalLink": "https://www.sec.gov/Archives/edgar/data/1075531/000095017299001629/"
  },
  {
    "date": "1999-06-30",
    "symbol": "BKNG",
    "reportedCurrency": "USD",
    "cik": "0001075531",
    "fillingDate": "1999-08-06",
    "acceptedDate": "1999-08-06 00:00:00",
    "calendarYear": "1999",
    "period": "Q2",
    "revenue": 111600000,
    "costOfRevenue": 99800000,
    "grossProfit": 11800000,
    "grossProfitRatio": 0.105734767,
    "researchAndDevelopmentExpenses": 3400000,
    "generalAndAdministrativeExpenses": 0,
    "sellingAndMarketingExpenses": 0,
    "sellingGeneralAndAdministrativeExpenses": 23200000,
    "otherExpenses": 1200000,
    "operatingExpenses": 27800000,
    "costAndExpenses": 127600000,
    "interestIncome": 0,
    "interestExpense": 0,
    "depreciationAndAmortization": 1200000,
    "ebitda": -14800000,
    "ebitdaratio": -0.1326164875,
    "operatingIncome": -16000000,
    "operatingIncomeRatio": -0.1433691756,
    "totalOtherIncomeExpensesNet": 16000000,
    "incomeBeforeTax": -14300000,
    "incomeBeforeTaxRatio": -0.1281362007,
    "incomeTaxExpense": 0,
    "netIncome": -14300000,
    "netIncomeRatio": -0.1281362007,
    "eps": -0.6,
    "epsdiluted": -0.6,
    "weightedAverageShsOut": 23833333,
    "weightedAverageShsOutDil": 23833333,
    "link": "https://www.sec.gov/Archives/edgar/data/1075531/000095017299000994/0000950172-99-000994-index.html",
    "finalLink": "https://www.sec.gov/Archives/edgar/data/1075531/000095017299000994/"
  },
  {
    "date": "1999-03-31",
    "symbol": "BKNG",
    "reportedCurrency": "USD",
    "cik": "0001075531",
    "fillingDate": "1999-05-17",
    "acceptedDate": "1999-05-17 00:00:00",
    "calendarYear": "1999",
    "period": "Q1",
    "revenue": 49411000,
    "costOfRevenue": 43300000,
    "grossProfit": 6111000,
    "grossProfitRatio": 0.123676914,
    "researchAndDevelopmentExpenses": 2200000,
    "generalAndAdministrativeExpenses": 0,
    "sellingAndMarketingExpenses": 0,
    "sellingGeneralAndAdministrativeExpenses": 20800000,
    "otherExpenses": 700000,
    "operatingExpenses": 23700000,
    "costAndExpenses": 67000000,
    "interestIncome": 0,
    "interestExpense": 0,
    "depreciationAndAmortization": 700000,
    "ebitda": -16889000,
    "ebitdaratio": -0.3418064803,
    "operatingIncome": -17589000,
    "operatingIncomeRatio": -0.3559733663,
    "totalOtherIncomeExpensesNet": 17589000,
    "incomeBeforeTax": -17200000,
    "incomeBeforeTaxRatio": -0.3481006254,
    "incomeTaxExpense": 0,
    "netIncome": -17200000,
    "netIncomeRatio": -0.3481006254,
    "eps": -0.73,
    "epsdiluted": -0.73,
    "weightedAverageShsOut": 23720000,
    "weightedAverageShsOutDil": 23720000,
    "link": "https://www.sec.gov/Archives/edgar/data/1075531/000095017299000580/0000950172-99-000580-index.html",
    "finalLink": "https://www.sec.gov/Archives/edgar/data/1075531/"
  }
]