[
  {
    "date": "2025-06-30",
    "symbol": "BKR",
    "reportedCurrency": "USD",
    "cik": "0001701605",
    "fillingDate": "2025-07-23",
    "acceptedDate": "2025-07-23 16:13:53",
    "calendarYear": "2025",
    "period": "Q2",
    "revenue": 6910000000,
    "costOfRevenue": 5295000000,
    "grossProfit": 1615000000,
    "grossProfitRatio": 0.2337192475,
    "researchAndDevelopmentExpenses": 161000000,
    "generalAndAdministrativeExpenses": 0,
    "sellingAndMarketingExpenses": 0,
    "sellingGeneralAndAdministrativeExpenses": 567000000,
    "otherExpenses": 0,
    "operatingExpenses": 728000000,
    "costAndExpenses": 6023000000,
    "interestIncome": 0,
    "interestExpense": 54000000,
    "depreciationAndAmortization": 293000000,
    "ebitda": 1314000000,
    "ebitdaratio": 0.1901591896,
    "operatingIncome": 887000000,
    "operatingIncomeRatio": 0.1283646889,
    "totalOtherIncomeExpensesNet": 80000000,
    "incomeBeforeTax": 967000000,
    "incomeBeforeTaxRatio": 0.1399421129,
    "incomeTaxExpense": 256000000,
    "netIncome": 701000000,
    "netIncomeRatio": 0.101447178,
    "eps": 0.71,
    "epsdiluted": 0.71,
    "weightedAverageShsOut": 988000000,
    "weightedAverageShsOutDil": 991000000,
    "link": "https://www.sec.gov/Archives/edgar/data/1701605/000170160525000107/0001701605-25-000107-index.htm",
    "finalLink": "https://www.sec.gov/Archives/edgar/data/1701605/000170160525000107/bkr-20250630.htm"
  },
  {
    "date": "2025-03-31",
    "symbol": "BKR",
    "reportedCurrency": "USD",
    "cik": "0001701605",
    "fillingDate": "2025-04-23",
    "acceptedDate": "2025-04-23 16:31:11",
    "calendarYear": "2025",
    "period": "Q1",
    "revenue": 6427000000,
    "costOfRevenue": 4952000000,
    "grossProfit": 1475000000,
    "grossProfitRatio": 0.2295005446,
    "researchAndDevelopmentExpenses": 146000000,
    "generalAndAdministrativeExpenses": 0,
    "sellingAndMarketingExpenses": 0,
    "sellingGeneralAndAdministrativeExpenses": 577000000,
    "otherExpenses": 0,
    "operatingExpenses": 723000000,
    "costAndExpenses": 5675000000,
    "interestIncome": 0,
    "interestExpense": 51000000,
    "depreciationAndAmortization": 285000000,
    "ebitda": 897000000,
    "ebitdaratio": 0.1395674498,
    "operatingIncome": 752000000,
    "operatingIncomeRatio": 0.1170063793,
    "totalOtherIncomeExpensesNet": -191000000,
    "incomeBeforeTax": 561000000,
    "incomeBeforeTaxRatio": 0.0872880037,
    "incomeTaxExpense": 152000000,
    "netIncome": 402000000,
    "netIncomeRatio": 0.062548623,
    "eps": 0.41,
    "epsdiluted": 0.4,
    "weightedAverageShsOut": 992000000,
    "weightedAverageShsOutDil": 999000000,
    "link": "https://www.sec.gov/Archives/edgar/data/1701605/000170160525000075/0001701605-25-000075-index.htm",
    "finalLink": "https://www.sec.gov/Archives/edgar/data/1701605/000170160525000075/bkr-20250331.htm"
  },
  {
    "date": "2024-12-31",
    "symbol": "BKR",
    "reportedCurrency": "USD",
    "cik": "0001701605",
    "fillingDate": "2025-02-04",
    "acceptedDate": "2025-02-04 07:05:30",
    "calendarYear": "2024",
    "period": "Q4",
    "revenue": 7364000000,
    "costOfRevenue": 5834000000,
    "grossProfit": 1530000000,
    "grossProfitRatio": 0.2077675177,
    "researchAndDevelopmentExpenses": 0,
    "generalAndAdministrativeExpenses": 0,
    "sellingAndMarketingExpenses": 0,
    "sellingGeneralAndAdministrativeExpenses": 585000000,
    "otherExpenses": 281000000,
    "operatingExpenses": 866000000,
    "costAndExpenses": 6699000000,
    "interestIncome": 0,
    "interestExpense": 55000000,
    "depreciationAndAmortization": 292000000,
    "ebitda": 1139000000,
    "ebitdaratio": 0.1546713743,
    "operatingIncome": 665000000,
    "operatingIncomeRatio": 0.0903041825,
    "totalOtherIncomeExpensesNet": 127000000,
    "incomeBeforeTax": 792000000,
    "incomeBeforeTaxRatio": 0.1075502444,
    "incomeTaxExpense": -399000000,
    "netIncome": 1179000000,
    "netIncomeRatio": 0.1601032048,
    "eps": 1.19,
    "epsdiluted": 1.18,
    "weightedAverageShsOut": 997156539,
    "weightedAverageShsOutDil": 999000000,
    "link": "https://www.sec.gov/Archives/edgar/data/1701605/000170160525000035/0001701605-25-000035-index.htm",
    "finalLink": "https://www.sec.gov/Archives/edgar/data/1701605/000170160525000035/bkr-20241231.htm"
  },
  {
    "date": "2024-09-30",
    "symbol": "BKR",
    "reportedCurrency": "USD",
    "cik": "0001701605",
    "fillingDate": "2024-10-23",
    "acceptedDate": "2024-10-23 16:11:51",
    "calendarYear": "2024",
    "period": "Q3",
    "revenue": 6908000000,
    "costOfRevenue": 5366000000,
    "grossProfit": 1542000000,
    "grossProfitRatio": 0.2232194557,
    "researchAndDevelopmentExpenses": 0,
    "generalAndAdministrativeExpenses": 0,
    "sellingAndMarketingExpenses": 0,
    "sellingGeneralAndAdministrativeExpenses": 612000000,
    "otherExpenses": 0,
    "operatingExpenses": 612000000,
    "costAndExpenses": 5978000000,
    "interestIncome": 0,
    "interestExpense": 55000000,
    "depreciationAndAmortization": 278000000,
    "ebitda": 1342000000,
    "ebitdaratio": 0.1942675159,
    "operatingIncome": 930000000,
    "operatingIncomeRatio": 0.13462652,
    "totalOtherIncomeExpensesNet": 79000000,
    "incomeBeforeTax": 1009000000,
    "incomeBeforeTaxRatio": 0.1460625362,
    "incomeTaxExpense": 235000000,
    "netIncome": 766000000,
    "netIncomeRatio": 0.1108859294,
    "eps": 0.77,
    "epsdiluted": 0.77,
    "weightedAverageShsOut": 993000000,
    "weightedAverageShsOutDil": 999000000,
    "link": "https://www.sec.gov/Archives/edgar/data/1701605/000170160524000131/0001701605-24-000131-index.htm",
    "finalLink": "https://www.sec.gov/Archives/edgar/data/1701605/000170160524000131/bkr-20240930.htm"
  },
  {
    "date": "2024-06-30",
    "symbol": "BKR",
    "reportedCurrency": "USD",
    "cik": "0001701605",
    "fillingDate": "2024-07-26",
    "acceptedDate": "2024-07-26 16:34:49",
    "calendarYear": "2024",
    "period": "Q2",
    "revenue": 7139000000,
    "costOfRevenue": 5649000000,
    "grossProfit": 1490000000,
    "grossProfitRatio": 0.2087127049,
    "researchAndDevelopmentExpenses": 0,
    "generalAndAdministrativeExpenses": 0,
    "sellingAndMarketingExpenses": 0,
    "sellingGeneralAndAdministrativeExpenses": 643000000,
    "otherExpenses": 0,
    "operatingExpenses": 643000000,
    "costAndExpenses": 6292000000,
    "interestIncome": 0,
    "interestExpense": 47000000,
    "depreciationAndAmortization": 283000000,
    "ebitda": 1154000000,
    "ebitdaratio": 0.1616472895,
    "operatingIncome": 847000000,
    "operatingIncomeRatio": 0.1186440678,
    "totalOtherIncomeExpensesNet": -23000000,
    "incomeBeforeTax": 824000000,
    "incomeBeforeTaxRatio": 0.1154223281,
    "incomeTaxExpense": 243000000,
    "netIncome": 579000000,
    "netIncomeRatio": 0.081103796,
    "eps": 0.58,
    "epsdiluted": 0.58,
    "weightedAverageShsOut": 996000000,
    "weightedAverageShsOutDil": 1001000000,
    "link": "https://www.sec.gov/Archives/edgar/data/1701605/000170160524000111/0001701605-24-000111-index.htm",
    "finalLink": "https://www.sec.gov/Archives/edgar/data/1701605/000170160524000111/bkr-20240630.htm"
  },
  {
    "date": "2024-03-31",
    "symbol": "BKR",
    "reportedCurrency": "USD",
    "cik": "0001701605",
    "fillingDate": "2024-04-24",
    "acceptedDate": "2024-04-24 16:17:20",
    "calendarYear": "2024",
    "period": "Q1",
    "revenue": 6418000000,
    "costOfRevenue": 5140000000,
    "grossProfit": 1278000000,
    "grossProfitRatio": 0.199127454,
    "researchAndDevelopmentExpenses": 164000000,
    "generalAndAdministrativeExpenses": 0,
    "sellingAndMarketingExpenses": 0,
    "sellingGeneralAndAdministrativeExpenses": 618000000,
    "otherExpenses": -164000000,
    "operatingExpenses": 618000000,
    "costAndExpenses": 5758000000,
    "interestIncome": 0,
    "interestExpense": 41000000,
    "depreciationAndAmortization": 283000000,
    "ebitda": 965000000,
    "ebitdaratio": 0.1503583671,
    "operatingIncome": 660000000,
    "operatingIncomeRatio": 0.1028357744,
    "totalOtherIncomeExpensesNet": -19000000,
    "incomeBeforeTax": 641000000,
    "incomeBeforeTaxRatio": 0.0998753506,
    "incomeTaxExpense": 178000000,
    "netIncome": 455000000,
    "netIncomeRatio": 0.0708943596,
    "eps": 0.46,
    "epsdiluted": 0.45,
    "weightedAverageShsOut": 998000000,
    "weightedAverageShsOutDil": 1004000000,
    "link": "https://www.sec.gov/Archives/edgar/data/1701605/000170160524000067/0001701605-24-000067-index.htm",
    "finalLink": "https://www.sec.gov/Archives/edgar/data/1701605/000170160524000067/bkr-20240331.htm"
  },
  {
    "date": "2023-12-31",
    "symbol": "BKR",
    "reportedCurrency": "USD",
    "cik": "0001701605",
    "fillingDate": "2024-02-05",
    "acceptedDate": "2024-02-05 07:52:57",
    "calendarYear": "2023",
    "period": "Q4",
    "revenue": 6835000000,
    "costOfRevenue": 5388000000,
    "grossProfit": 1447000000,
    "grossProfitRatio": 0.2117044623,
    "researchAndDevelopmentExpenses": 651000000,
    "generalAndAdministrativeExpenses": 0,
    "sellingAndMarketingExpenses": 0,
    "sellingGeneralAndAdministrativeExpenses": 634000000,
    "otherExpenses": -489000000,
    "operatingExpenses": 796000000,
    "costAndExpenses": 6184000000,
    "interestIncome": 0,
    "interestExpense": 45000000,
    "depreciationAndAmortization": 274000000,
    "ebitda": 842000000,
    "ebitdaratio": 0.123189466,
    "operatingIncome": 651000000,
    "operatingIncomeRatio": 0.0952450622,
    "totalOtherIncomeExpensesNet": -129000000,
    "incomeBeforeTax": 522000000,
    "incomeBeforeTaxRatio": 0.0763716167,
    "incomeTaxExpense": 71000000,
    "netIncome": 440000000,
    "netIncomeRatio": 0.0643745428,
    "eps": 0.44,
    "epsdiluted": 0.43,
    "weightedAverageShsOut": 1001000000,
    "weightedAverageShsOutDil": 1010000000,
    "link": "https://www.sec.gov/Archives/edgar/data/1701605/000170160524000033/0001701605-24-000033-index.htm",
    "finalLink": "https://www.sec.gov/Archives/edgar/data/1701605/000170160524000033/bkr-20231231.htm"
  },
  {
    "date": "2023-09-30",
    "symbol": "BKR",
    "reportedCurrency": "USD",
    "cik": "0001701605",
    "fillingDate": "2023-10-26",
    "acceptedDate": "2023-10-26 16:04:16",
    "calendarYear": "2023",
    "period": "Q3",
    "revenue": 6641000000,
    "costOfRevenue": 5298000000,
    "grossProfit": 1343000000,
    "grossProfitRatio": 0.20222858,
    "researchAndDevelopmentExpenses": 0,
    "generalAndAdministrativeExpenses": 0,
    "sellingAndMarketingExpenses": 0,
    "sellingGeneralAndAdministrativeExpenses": 627000000,
    "otherExpenses": 2000000,
    "operatingExpenses": 629000000,
    "costAndExpenses": 5925000000,
    "interestIncome": 0,
    "interestExpense": 49000000,
    "depreciationAndAmortization": 268000000,
    "ebitda": 1076000000,
    "ebitdaratio": 0.1620237916,
    "operatingIncome": 714000000,
    "operatingIncomeRatio": 0.1075139286,
    "totalOtherIncomeExpensesNet": 45000000,
    "incomeBeforeTax": 759000000,
    "incomeBeforeTaxRatio": 0.1142900166,
    "incomeTaxExpense": 235000000,
    "netIncome": 518000000,
    "netIncomeRatio": 0.0780003012,
    "eps": 0.51,
    "epsdiluted": 0.51,
    "weightedAverageShsOut": 1009000000,
    "weightedAverageShsOutDil": 1017000000,
    "link": "https://www.sec.gov/Archives/edgar/data/1701605/000170160523000078/0001701605-23-000078-index.htm",
    "finalLink": "https://www.sec.gov/Archives/edgar/data/1701605/000170160523000078/bkr-20230930.htm"
  },
  {
    "date": "2023-06-30",
    "symbol": "BKR",
    "reportedCurrency": "USD",
    "cik": "0001701605",
    "fillingDate": "2023-07-19",
    "acceptedDate": "2023-07-19 16:32:54",
    "calendarYear": "2023",
    "period": "Q2",
    "revenue": 6315000000,
    "costOfRevenue": 5004000000,
    "grossProfit": 1311000000,
    "grossProfitRatio": 0.2076009501,
    "researchAndDevelopmentExpenses": 0,
    "generalAndAdministrativeExpenses": 0,
    "sellingAndMarketingExpenses": 0,
    "sellingGeneralAndAdministrativeExpenses": 695000000,
    "otherExpenses": 102000000,
    "operatingExpenses": 797000000,
    "costAndExpenses": 5801000000,
    "interestIncome": 0,
    "interestExpense": 58000000,
    "depreciationAndAmortization": 276000000,
    "ebitda": 948000000,
    "ebitdaratio": 0.1501187648,
    "operatingIncome": 514000000,
    "operatingIncomeRatio": 0.0813935075,
    "totalOtherIncomeExpensesNet": 100000000,
    "incomeBeforeTax": 614000000,
    "incomeBeforeTaxRatio": 0.0972288203,
    "incomeTaxExpense": 200000000,
    "netIncome": 410000000,
    "netIncomeRatio": 0.0649247823,
    "eps": 0.41,
    "epsdiluted": 0.4,
    "weightedAverageShsOut": 1010000000,
    "weightedAverageShsOutDil": 1015000000,
    "link": "https://www.sec.gov/Archives/edgar/data/1701605/000170160523000063/0001701605-23-000063-index.htm",
    "finalLink": "https://www.sec.gov/Archives/edgar/data/1701605/000170160523000063/bkr-20230630.htm"
  },
  {
    "date": "2023-03-31",
    "symbol": "BKR",
    "reportedCurrency": "USD",
    "cik": "0001701605",
    "fillingDate": "2023-04-19",
    "acceptedDate": "2023-04-19 16:28:48",
    "calendarYear": "2023",
    "period": "Q1",
    "revenue": 5716000000,
    "costOfRevenue": 4567000000,
    "grossProfit": 1149000000,
    "grossProfitRatio": 0.2010146956,
    "researchAndDevelopmentExpenses": 0,
    "generalAndAdministrativeExpenses": 0,
    "sellingAndMarketingExpenses": 0,
    "sellingGeneralAndAdministrativeExpenses": 655000000,
    "otherExpenses": 56000000,
    "operatingExpenses": 711000000,
    "costAndExpenses": 5278000000,
    "interestIncome": 0,
    "interestExpense": 64000000,
    "depreciationAndAmortization": 269000000,
    "ebitda": 1093000000,
    "ebitdaratio": 0.1912176347,
    "operatingIncome": 438000000,
    "operatingIncomeRatio": 0.0766270119,
    "totalOtherIncomeExpensesNet": 322000000,
    "incomeBeforeTax": 760000000,
    "incomeBeforeTaxRatio": 0.132960112,
    "incomeTaxExpense": 179000000,
    "netIncome": 576000000,
    "netIncomeRatio": 0.1007697691,
    "eps": 0.57,
    "epsdiluted": 0.57,
    "weightedAverageShsOut": 1010000000,
    "weightedAverageShsOutDil": 1018000000,
    "link": "https://www.sec.gov/Archives/edgar/data/1701605/000170160523000049/0001701605-23-000049-index.htm",
    "finalLink": "https://www.sec.gov/Archives/edgar/data/1701605/000170160523000049/bkr-20230331.htm"
  },
  {
    "date": "2022-12-31",
    "symbol": "BKR",
    "reportedCurrency": "USD",
    "cik": "0001701605",
    "fillingDate": "2023-02-14",
    "acceptedDate": "2023-02-14 16:16:46",
    "calendarYear": "2022",
    "period": "Q4",
    "revenue": 5905000000,
    "costOfRevenue": 4568000000,
    "grossProfit": 1337000000,
    "grossProfitRatio": 0.2264182896,
    "researchAndDevelopmentExpenses": 556000000,
    "generalAndAdministrativeExpenses": 0,
    "sellingAndMarketingExpenses": 0,
    "sellingGeneralAndAdministrativeExpenses": 645000000,
    "otherExpenses": -527000000,
    "operatingExpenses": 674000000,
    "costAndExpenses": 5242000000,
    "interestIncome": 0,
    "interestExpense": 64000000,
    "depreciationAndAmortization": 255000000,
    "ebitda": 664000000,
    "ebitdaratio": 0.1124470787,
    "operatingIncome": 663000000,
    "operatingIncomeRatio": 0.1122777307,
    "totalOtherIncomeExpensesNet": -318000000,
    "incomeBeforeTax": 345000000,
    "incomeBeforeTaxRatio": 0.0584250635,
    "incomeTaxExpense": 157000000,
    "netIncome": 182000000,
    "netIncomeRatio": 0.0308213378,
    "eps": 0.18,
    "epsdiluted": 0.18,
    "weightedAverageShsOut": 1000000000,
    "weightedAverageShsOutDil": 1009000000,
    "link": "https://www.sec.gov/Archives/edgar/data/1701605/000170160523000044/0001701605-23-000044-index.htm",
    "finalLink": "https://www.sec.gov/Archives/edgar/data/1701605/000170160523000044/bkr-20221231.htm"
  },
  {
    "date": "2022-09-30",
    "symbol": "BKR",
    "reportedCurrency": "USD",
    "cik": "0001701605",
    "fillingDate": "2022-10-20",
    "acceptedDate": "2022-10-20 16:04:48",
    "calendarYear": "2022",
    "period": "Q3",
    "revenue": 5369000000,
    "costOfRevenue": 4245000000,
    "grossProfit": 1124000000,
    "grossProfitRatio": 0.2093499721,
    "researchAndDevelopmentExpenses": 0,
    "generalAndAdministrativeExpenses": 0,
    "sellingAndMarketingExpenses": 0,
    "sellingGeneralAndAdministrativeExpenses": 620000000,
    "otherExpenses": 235000000,
    "operatingExpenses": 855000000,
    "costAndExpenses": 5100000000,
    "interestIncome": 0,
    "interestExpense": 65000000,
    "depreciationAndAmortization": 255000000,
    "ebitda": 464000000,
    "ebitdaratio": 0.0864220525,
    "operatingIncome": 269000000,
    "operatingIncomeRatio": 0.0501024399,
    "totalOtherIncomeExpensesNet": -125000000,
    "incomeBeforeTax": 144000000,
    "incomeBeforeTaxRatio": 0.026820637,
    "incomeTaxExpense": 153000000,
    "netIncome": -17000000,
    "netIncomeRatio": -0.0031663252,
    "eps": -0.0169,
    "epsdiluted": -0.0169,
    "weightedAverageShsOut": 1008000000,
    "weightedAverageShsOutDil": 1008000000,
    "link": "https://www.sec.gov/Archives/edgar/data/1701605/000170160522000151/0001701605-22-000151-index.htm",
    "finalLink": "https://www.sec.gov/Archives/edgar/data/1701605/000170160522000151/bkr-20220930.htm"
  },
  {
    "date": "2022-06-30",
    "symbol": "BKR",
    "reportedCurrency": "USD",
    "cik": "0001701605",
    "fillingDate": "2022-07-21",
    "acceptedDate": "2022-07-21 16:13:43",
    "calendarYear": "2022",
    "period": "Q2",
    "revenue": 5047000000,
    "costOfRevenue": 4077000000,
    "grossProfit": 970000000,
    "grossProfitRatio": 0.1921933822,
    "researchAndDevelopmentExpenses": 0,
    "generalAndAdministrativeExpenses": 0,
    "sellingAndMarketingExpenses": 0,
    "sellingGeneralAndAdministrativeExpenses": 624000000,
    "otherExpenses": 371000000,
    "operatingExpenses": 995000000,
    "costAndExpenses": 5072000000,
    "interestIncome": 0,
    "interestExpense": 60000000,
    "depreciationAndAmortization": 274000000,
    "ebitda": -321000000,
    "ebitdaratio": -0.0636021399,
    "operatingIncome": -25000000,
    "operatingIncomeRatio": -0.0049534377,
    "totalOtherIncomeExpensesNet": -630000000,
    "incomeBeforeTax": -655000000,
    "incomeBeforeTaxRatio": -0.1297800674,
    "incomeTaxExpense": 182000000,
    "netIncome": -837000000,
    "netIncomeRatio": -0.1658410937,
    "eps": -0.84,
    "epsdiluted": -0.84,
    "weightedAverageShsOut": 998809524,
    "weightedAverageShsOutDil": 1001000000,
    "link": "https://www.sec.gov/Archives/edgar/data/1701605/000170160522000113/0001701605-22-000113-index.htm",
    "finalLink": "https://www.sec.gov/Archives/edgar/data/1701605/000170160522000113/bkr-20220630.htm"
  },
  {
    "date": "2022-03-31",
    "symbol": "BKR",
    "reportedCurrency": "USD",
    "cik": "0001701605",
    "fillingDate": "2022-04-20",
    "acceptedDate": "2022-04-20 16:26:54",
    "calendarYear": "2022",
    "period": "Q1",
    "revenue": 4835000000,
    "costOfRevenue": 3865000000,
    "grossProfit": 970000000,
    "grossProfitRatio": 0.2006204757,
    "researchAndDevelopmentExpenses": 0,
    "generalAndAdministrativeExpenses": 0,
    "sellingAndMarketingExpenses": 0,
    "sellingGeneralAndAdministrativeExpenses": 621000000,
    "otherExpenses": 70000000,
    "operatingExpenses": 691000000,
    "costAndExpenses": 4556000000,
    "interestIncome": 0,
    "interestExpense": 64000000,
    "depreciationAndAmortization": 277000000,
    "ebitda": 528000000,
    "ebitdaratio": 0.1092037229,
    "operatingIncome": 279000000,
    "operatingIncomeRatio": 0.0577042399,
    "totalOtherIncomeExpensesNet": -92000000,
    "incomeBeforeTax": 187000000,
    "incomeBeforeTaxRatio": 0.0386763185,
    "incomeTaxExpense": 107000000,
    "netIncome": 72000000,
    "netIncomeRatio": 0.0148914168,
    "eps": 0.0768,
    "epsdiluted": 0.0759,
    "weightedAverageShsOut": 938000000,
    "weightedAverageShsOutDil": 948000000,
    "link": "https://www.sec.gov/Archives/edgar/data/1701605/000170160522000079/0001701605-22-000079-index.htm",
    "finalLink": "https://www.sec.gov/Archives/edgar/data/1701605/000170160522000079/bkr-20220331.htm"
  },
  {
    "date": "2021-12-31",
    "symbol": "BKR",
    "reportedCurrency": "USD",
    "cik": "0001701605",
    "fillingDate": "2022-02-11",
    "acceptedDate": "2022-02-11 16:42:53",
    "calendarYear": "2021",
    "period": "Q4",
    "revenue": 5485000000,
    "costOfRevenue": 4280000000,
    "grossProfit": 1205000000,
    "grossProfitRatio": 0.2196900638,
    "researchAndDevelopmentExpenses": 492000000,
    "generalAndAdministrativeExpenses": 0,
    "sellingAndMarketingExpenses": 0,
    "sellingGeneralAndAdministrativeExpenses": 633000000,
    "otherExpenses": -492000000,
    "operatingExpenses": 633000000,
    "costAndExpenses": 4911000000,
    "interestIncome": 0,
    "interestExpense": 94000000,
    "depreciationAndAmortization": 273000000,
    "ebitda": 1055000000,
    "ebitdaratio": 0.192342753,
    "operatingIncome": 574000000,
    "operatingIncomeRatio": 0.1046490428,
    "totalOtherIncomeExpensesNet": 114000000,
    "incomeBeforeTax": 688000000,
    "incomeBeforeTaxRatio": 0.1254329991,
    "incomeTaxExpense": 352000000,
    "netIncome": 293000000,
    "netIncomeRatio": 0.0534184139,
    "eps": 0.33,
    "epsdiluted": 0.32,
    "weightedAverageShsOut": 896000000,
    "weightedAverageShsOutDil": 906000000,
    "link": "https://www.sec.gov/Archives/edgar/data/1701605/000170160522000050/0001701605-22-000050-index.htm",
    "finalLink": "https://www.sec.gov/Archives/edgar/data/1701605/000170160522000050/bkr-20211231.htm"
  },
  {
    "date": "2021-09-30",
    "symbol": "BKR",
    "reportedCurrency": "USD",
    "cik": "0001701605",
    "fillingDate": "2021-10-22",
    "acceptedDate": "2021-10-22 07:57:00",
    "calendarYear": "2021",
    "period": "Q3",
    "revenue": 5093000000,
    "costOfRevenue": 4083000000,
    "grossProfit": 1010000000,
    "grossProfitRatio": 0.1983114078,
    "researchAndDevelopmentExpenses": 0,
    "generalAndAdministrativeExpenses": 0,
    "sellingAndMarketingExpenses": 0,
    "sellingGeneralAndAdministrativeExpenses": 607000000,
    "otherExpenses": 25000000,
    "operatingExpenses": 632000000,
    "costAndExpenses": 4715000000,
    "interestIncome": 0,
    "interestExpense": 67000000,
    "depreciationAndAmortization": 262000000,
    "ebitda": 538000000,
    "ebitdaratio": 0.1056351855,
    "operatingIncome": 378000000,
    "operatingIncomeRatio": 0.074219517,
    "totalOtherIncomeExpensesNet": -169000000,
    "incomeBeforeTax": 209000000,
    "incomeBeforeTaxRatio": 0.0410367171,
    "incomeTaxExpense": 193000000,
    "netIncome": 8000000,
    "netIncomeRatio": 0.0015707834,
    "eps": 0.0094,
    "epsdiluted": 0.0093,
    "weightedAverageShsOut": 851000000,
    "weightedAverageShsOutDil": 857000000,
    "link": "https://www.sec.gov/Archives/edgar/data/1701605/000170160521000113/0001701605-21-000113-index.htm",
    "finalLink": "https://www.sec.gov/Archives/edgar/data/1701605/000170160521000113/bkr-20210930.htm"
  },
  {
    "date": "2021-06-30",
    "symbol": "BKR",
    "reportedCurrency": "USD",
    "cik": "0001701605",
    "fillingDate": "2021-07-23",
    "acceptedDate": "2021-07-23 07:54:30",
    "calendarYear": "2021",
    "period": "Q2",
    "revenue": 5142000000,
    "costOfRevenue": 4166000000,
    "grossProfit": 976000000,
    "grossProfitRatio": 0.1898094127,
    "researchAndDevelopmentExpenses": 0,
    "generalAndAdministrativeExpenses": 0,
    "sellingAndMarketingExpenses": 0,
    "sellingGeneralAndAdministrativeExpenses": 642000000,
    "otherExpenses": 140000000,
    "operatingExpenses": 782000000,
    "costAndExpenses": 4948000000,
    "interestIncome": 0,
    "interestExpense": 65000000,
    "depreciationAndAmortization": 278000000,
    "ebitda": 409000000,
    "ebitdaratio": 0.0795410346,
    "operatingIncome": 194000000,
    "operatingIncomeRatio": 0.0377285103,
    "totalOtherIncomeExpensesNet": -128000000,
    "incomeBeforeTax": 66000000,
    "incomeBeforeTaxRatio": 0.0128354726,
    "incomeTaxExpense": 143000000,
    "netIncome": -68000000,
    "netIncomeRatio": -0.0132244263,
    "eps": -0.0844,
    "epsdiluted": -0.0844,
    "weightedAverageShsOut": 806000000,
    "weightedAverageShsOutDil": 806000000,
    "link": "https://www.sec.gov/Archives/edgar/data/1701605/000170160521000087/0001701605-21-000087-index.htm",
    "finalLink": "https://www.sec.gov/Archives/edgar/data/1701605/000170160521000087/bkr-20210630.htm"
  },
  {
    "date": "2021-03-31",
    "symbol": "BKR",
    "reportedCurrency": "USD",
    "cik": "0001701605",
    "fillingDate": "2021-04-23",
    "acceptedDate": "2021-04-23 07:50:52",
    "calendarYear": "2021",
    "period": "Q1",
    "revenue": 4782000000,
    "costOfRevenue": 3924000000,
    "grossProfit": 858000000,
    "grossProfitRatio": 0.1794228356,
    "researchAndDevelopmentExpenses": 0,
    "generalAndAdministrativeExpenses": 0,
    "sellingAndMarketingExpenses": 0,
    "sellingGeneralAndAdministrativeExpenses": 587000000,
    "otherExpenses": 107000000,
    "operatingExpenses": 694000000,
    "costAndExpenses": 4618000000,
    "interestIncome": 0,
    "interestExpense": 74000000,
    "depreciationAndAmortization": 292000000,
    "ebitda": -170000000,
    "ebitdaratio": -0.0355499791,
    "operatingIncome": 164000000,
    "operatingIncomeRatio": 0.0342952739,
    "totalOtherIncomeExpensesNet": -700000000,
    "incomeBeforeTax": -536000000,
    "incomeBeforeTaxRatio": -0.1120869929,
    "incomeTaxExpense": 69000000,
    "netIncome": -452000000,
    "netIncomeRatio": -0.0945211209,
    "eps": -0.61,
    "epsdiluted": -0.61,
    "weightedAverageShsOut": 740000000,
    "weightedAverageShsOutDil": 740000000,
    "link": "https://www.sec.gov/Archives/edgar/data/1701605/000170160521000048/0001701605-21-000048-index.htm",
    "finalLink": "https://www.sec.gov/Archives/edgar/data/1701605/000170160521000048/bkr-20210331.htm"
  },
  {
    "date": "2020-12-31",
    "symbol": "BKR",
    "reportedCurrency": "USD",
    "cik": "0001701605",
    "fillingDate": "2021-02-25",
    "acceptedDate": "2021-02-25 16:07:29",
    "calendarYear": "2020",
    "period": "Q4",
    "revenue": 5495000000,
    "costOfRevenue": 4486000000,
    "grossProfit": 1009000000,
    "grossProfitRatio": 0.1836214741,
    "researchAndDevelopmentExpenses": 0,
    "generalAndAdministrativeExpenses": 0,
    "sellingAndMarketingExpenses": 0,
    "sellingGeneralAndAdministrativeExpenses": 574000000,
    "otherExpenses": 253000000,
    "operatingExpenses": 827000000,
    "costAndExpenses": 5313000000,
    "interestIncome": 0,
    "interestExpense": 69000000,
    "depreciationAndAmortization": 307000000,
    "ebitda": 1896000000,
    "ebitdaratio": 0.3450409463,
    "operatingIncome": 182000000,
    "operatingIncomeRatio": 0.0331210191,
    "totalOtherIncomeExpensesNet": 1338000000,
    "incomeBeforeTax": 1520000000,
    "incomeBeforeTaxRatio": 0.2766151046,
    "incomeTaxExpense": 568000000,
    "netIncome": 653000000,
    "netIncomeRatio": 0.1188353048,
    "eps": 0.92,
    "epsdiluted": 0.91,
    "weightedAverageShsOut": 713000000,
    "weightedAverageShsOutDil": 717000000,
    "link": "https://www.sec.gov/Archives/edgar/data/1701605/000170160521000026/0001701605-21-000026-index.htm",
    "finalLink": "https://www.sec.gov/Archives/edgar/data/1701605/000170160521000026/bkr-20201231.htm"
  },
  {
    "date": "2020-09-30",
    "symbol": "BKR",
    "reportedCurrency": "USD",
    "cik": "0001701605",
    "fillingDate": "2020-10-23",
    "acceptedDate": "2020-10-23 07:40:55",
    "calendarYear": "2020",
    "period": "Q3",
    "revenue": 5049000000,
    "costOfRevenue": 4292000000,
    "grossProfit": 757000000,
    "grossProfitRatio": 0.1499306793,
    "researchAndDevelopmentExpenses": 0,
    "generalAndAdministrativeExpenses": 0,
    "sellingAndMarketingExpenses": 0,
    "sellingGeneralAndAdministrativeExpenses": 565000000,
    "otherExpenses": 241000000,
    "operatingExpenses": 806000000,
    "costAndExpenses": 5098000000,
    "interestIncome": 0,
    "interestExpense": 66000000,
    "depreciationAndAmortization": 316000000,
    "ebitda": 118000000,
    "ebitdaratio": 0.0233709645,
    "operatingIncome": -49000000,
    "operatingIncomeRatio": -0.0097048921,
    "totalOtherIncomeExpensesNet": -215000000,
    "incomeBeforeTax": -264000000,
    "incomeBeforeTaxRatio": -0.0522875817,
    "incomeTaxExpense": 6000000,
    "netIncome": -170000000,
    "netIncomeRatio": -0.0336700337,
    "eps": -0.25,
    "epsdiluted": -0.25,
    "weightedAverageShsOut": 676000000,
    "weightedAverageShsOutDil": 676000000,
    "link": "https://www.sec.gov/Archives/edgar/data/1701605/000170160520000086/0001701605-20-000086-index.htm",
    "finalLink": "https://www.sec.gov/Archives/edgar/data/1701605/000170160520000086/bkr-20200930.htm"
  },
  {
    "date": "2020-06-30",
    "symbol": "BKR",
    "reportedCurrency": "USD",
    "cik": "0001701605",
    "fillingDate": "2020-07-24",
    "acceptedDate": "2020-07-24 07:39:43",
    "calendarYear": "2020",
    "period": "Q2",
    "revenue": 4736000000,
    "costOfRevenue": 4058000000,
    "grossProfit": 678000000,
    "grossProfitRatio": 0.1431587838,
    "researchAndDevelopmentExpenses": 0,
    "generalAndAdministrativeExpenses": 0,
    "sellingAndMarketingExpenses": 0,
    "sellingGeneralAndAdministrativeExpenses": 590000000,
    "otherExpenses": 140000000,
    "operatingExpenses": 730000000,
    "costAndExpenses": 4788000000,
    "interestIncome": 0,
    "interestExpense": 69000000,
    "depreciationAndAmortization": 340000000,
    "ebitda": 44000000,
    "ebitdaratio": 0.0092905405,
    "operatingIncome": -52000000,
    "operatingIncomeRatio": -0.0109797297,
    "totalOtherIncomeExpensesNet": -324000000,
    "incomeBeforeTax": -376000000,
    "incomeBeforeTaxRatio": -0.0793918919,
    "incomeTaxExpense": -21000000,
    "netIncome": -201000000,
    "netIncomeRatio": -0.0424408784,
    "eps": -0.31,
    "epsdiluted": -0.31,
    "weightedAverageShsOut": 655000000,
    "weightedAverageShsOutDil": 655000000,
    "link": "https://www.sec.gov/Archives/edgar/data/1701605/000170160520000068/0001701605-20-000068-index.htm",
    "finalLink": "https://www.sec.gov/Archives/edgar/data/1701605/000170160520000068/bkr-20200630.htm"
  },
  {
    "date": "2020-03-31",
    "symbol": "BKR",
    "reportedCurrency": "USD",
    "cik": "0001701605",
    "fillingDate": "2020-04-24",
    "acceptedDate": "2020-04-24 07:42:22",
    "calendarYear": "2020",
    "period": "Q1",
    "revenue": 5425000000,
    "costOfRevenue": 4670000000,
    "grossProfit": 755000000,
    "grossProfitRatio": 0.1391705069,
    "researchAndDevelopmentExpenses": 0,
    "generalAndAdministrativeExpenses": 0,
    "sellingAndMarketingExpenses": 0,
    "sellingGeneralAndAdministrativeExpenses": 675000000,
    "otherExpenses": 16139000000,
    "operatingExpenses": 16814000000,
    "costAndExpenses": 21484000000,
    "interestIncome": 0,
    "interestExpense": 59000000,
    "depreciationAndAmortization": 355000000,
    "ebitda": -15679000000,
    "ebitdaratio": -2.8901382488,
    "operatingIncome": -16059000000,
    "operatingIncomeRatio": -2.9601843318,
    "totalOtherIncomeExpensesNet": -34000000,
    "incomeBeforeTax": -16093000000,
    "incomeBeforeTaxRatio": -2.9664516129,
    "incomeTaxExpense": 5000000,
    "netIncome": -10210000000,
    "netIncomeRatio": -1.8820276498,
    "eps": -15.64,
    "epsdiluted": -15.64,
    "weightedAverageShsOut": 653000000,
    "weightedAverageShsOutDil": 653000000,
    "link": "https://www.sec.gov/Archives/edgar/data/1701605/000170160520000039/0001701605-20-000039-index.htm",
    "finalLink": "https://www.sec.gov/Archives/edgar/data/1701605/000170160520000039/bkr-20200331.htm"
  },
  {
    "date": "2019-12-31",
    "symbol": "BKR",
    "reportedCurrency": "USD",
    "cik": "0001701605",
    "fillingDate": "2020-02-13",
    "acceptedDate": "2020-02-13 16:18:34",
    "calendarYear": "2019",
    "period": "Q4",
    "revenue": 6347000000,
    "costOfRevenue": 5052000000,
    "grossProfit": 1295000000,
    "grossProfitRatio": 0.2040334016,
    "researchAndDevelopmentExpenses": 687000000,
    "generalAndAdministrativeExpenses": 0,
    "sellingAndMarketingExpenses": 0,
    "sellingGeneralAndAdministrativeExpenses": 748000000,
    "otherExpenses": -471000000,
    "operatingExpenses": 964000000,
    "costAndExpenses": 6018000000,
    "interestIncome": 0,
    "interestExpense": 63000000,
    "depreciationAndAmortization": 353000000,
    "ebitda": 724000000,
    "ebitdaratio": 0.1140696392,
    "operatingIncome": 330000000,
    "operatingIncomeRatio": 0.0519930676,
    "totalOtherIncomeExpensesNet": -23000000,
    "incomeBeforeTax": 307000000,
    "incomeBeforeTaxRatio": 0.0483693083,
    "incomeTaxExpense": 212000000,
    "netIncome": 48000000,
    "netIncomeRatio": 0.007562628,
    "eps": 0.0738,
    "epsdiluted": 0.0735,
    "weightedAverageShsOut": 650000000,
    "weightedAverageShsOutDil": 653000000,
    "link": "https://www.sec.gov/Archives/edgar/data/1701605/000170160520000019/0001701605-20-000019-index.htm",
    "finalLink": "https://www.sec.gov/Archives/edgar/data/1701605/000170160520000019/fiscalyear2019form10-k.htm"
  },
  {
    "date": "2019-09-30",
    "symbol": "BKR",
    "reportedCurrency": "USD",
    "cik": "0001701605",
    "fillingDate": "2019-10-30",
    "acceptedDate": "2019-10-30 16:29:16",
    "calendarYear": "2019",
    "period": "Q3",
    "revenue": 5882000000,
    "costOfRevenue": 4781000000,
    "grossProfit": 1101000000,
    "grossProfitRatio": 0.1871812309,
    "researchAndDevelopmentExpenses": 0,
    "generalAndAdministrativeExpenses": 0,
    "sellingAndMarketingExpenses": 0,
    "sellingGeneralAndAdministrativeExpenses": 679000000,
    "otherExpenses": 125000000,
    "operatingExpenses": 804000000,
    "costAndExpenses": 5585000000,
    "interestIncome": 0,
    "interestExpense": 59000000,
    "depreciationAndAmortization": 356000000,
    "ebitda": 639000000,
    "ebitdaratio": 0.1086365182,
    "operatingIncome": 297000000,
    "operatingIncomeRatio": 0.0504930296,
    "totalOtherIncomeExpensesNet": -73000000,
    "incomeBeforeTax": 224000000,
    "incomeBeforeTaxRatio": 0.0380822849,
    "incomeTaxExpense": 107000000,
    "netIncome": 57000000,
    "netIncomeRatio": 0.0096905814,
    "eps": 0.11,
    "epsdiluted": 0.11,
    "weightedAverageShsOut": 538000000,
    "weightedAverageShsOutDil": 541000000,
    "link": "https://www.sec.gov/Archives/edgar/data/1701605/000170160519000089/0001701605-19-000089-index.htm",
    "finalLink": "https://www.sec.gov/Archives/edgar/data/1701605/000170160519000089/bkr-2019093010xq.htm"
  },
  {
    "date": "2019-06-30",
    "symbol": "BKR",
    "reportedCurrency": "USD",
    "cik": "0001701605",
    "fillingDate": "2019-08-01",
    "acceptedDate": "2019-08-01 07:26:44",
    "calendarYear": "2019",
    "period": "Q2",
    "revenue": 5994000000,
    "costOfRevenue": 4932000000,
    "grossProfit": 1062000000,
    "grossProfitRatio": 0.1771771772,
    "researchAndDevelopmentExpenses": 0,
    "generalAndAdministrativeExpenses": 0,
    "sellingAndMarketingExpenses": 0,
    "sellingGeneralAndAdministrativeExpenses": 701000000,
    "otherExpenses": 90000000,
    "operatingExpenses": 791000000,
    "costAndExpenses": 5723000000,
    "interestIncome": 0,
    "interestExpense": 56000000,
    "depreciationAndAmortization": 359000000,
    "ebitda": 499000000,
    "ebitdaratio": 0.0832499166,
    "operatingIncome": 271000000,
    "operatingIncomeRatio": 0.0452118785,
    "totalOtherIncomeExpensesNet": -187000000,
    "incomeBeforeTax": 84000000,
    "incomeBeforeTaxRatio": 0.014014014,
    "incomeTaxExpense": 95000000,
    "netIncome": -9000000,
    "netIncomeRatio": -0.0015015015,
    "eps": -0.0175,
    "epsdiluted": -0.0175,
    "weightedAverageShsOut": 515000000,
    "weightedAverageShsOutDil": 515000000,
    "link": "https://www.sec.gov/Archives/edgar/data/1701605/000170160519000058/0001701605-19-000058-index.htm",
    "finalLink": "https://www.sec.gov/Archives/edgar/data/1701605/000170160519000058/bhge-2019063010xq.htm"
  },
  {
    "date": "2019-03-31",
    "symbol": "BKR",
    "reportedCurrency": "USD",
    "cik": "0001701605",
    "fillingDate": "2019-04-30",
    "acceptedDate": "2019-04-30 16:20:23",
    "calendarYear": "2019",
    "period": "Q1",
    "revenue": 5615000000,
    "costOfRevenue": 4639000000,
    "grossProfit": 976000000,
    "grossProfitRatio": 0.1738201247,
    "researchAndDevelopmentExpenses": 0,
    "generalAndAdministrativeExpenses": 0,
    "sellingAndMarketingExpenses": 0,
    "sellingGeneralAndAdministrativeExpenses": 704000000,
    "otherExpenses": 96000000,
    "operatingExpenses": 800000000,
    "costAndExpenses": 5439000000,
    "interestIncome": 0,
    "interestExpense": 59000000,
    "depreciationAndAmortization": 350000000,
    "ebitda": 547000000,
    "ebitdaratio": 0.0974176313,
    "operatingIncome": 176000000,
    "operatingIncomeRatio": 0.0313446126,
    "totalOtherIncomeExpensesNet": -38000000,
    "incomeBeforeTax": 138000000,
    "incomeBeforeTaxRatio": 0.0245770258,
    "incomeTaxExpense": 67000000,
    "netIncome": 32000000,
    "netIncomeRatio": 0.0056990205,
    "eps": 0.06,
    "epsdiluted": 0.06,
    "weightedAverageShsOut": 533333333,
    "weightedAverageShsOutDil": 533333333,
    "link": "https://www.sec.gov/Archives/edgar/data/1701605/000170160519000038/0001701605-19-000038-index.htm",
    "finalLink": "https://www.sec.gov/Archives/edgar/data/1701605/000170160519000038/bhge-2019033110xq.htm"
  },
  {
    "date": "2018-12-31",
    "symbol": "BKR",
    "reportedCurrency": "USD",
    "cik": "0001701605",
    "fillingDate": "2019-02-19",
    "acceptedDate": "2019-02-19 16:55:51",
    "calendarYear": "2018",
    "period": "Q4",
    "revenue": 6264000000,
    "costOfRevenue": 5028000000,
    "grossProfit": 1236000000,
    "grossProfitRatio": 0.1973180077,
    "researchAndDevelopmentExpenses": 700000000,
    "generalAndAdministrativeExpenses": 0,
    "sellingAndMarketingExpenses": 0,
    "sellingGeneralAndAdministrativeExpenses": 754000000,
    "otherExpenses": -600000000,
    "operatingExpenses": 854000000,
    "costAndExpenses": 5883000000,
    "interestIncome": 0,
    "interestExpense": 59000000,
    "depreciationAndAmortization": 353000000,
    "ebitda": 887000000,
    "ebitdaratio": 0.1416028097,
    "operatingIncome": 382000000,
    "operatingIncomeRatio": 0.0609833972,
    "totalOtherIncomeExpensesNet": 92000000,
    "incomeBeforeTax": 475000000,
    "incomeBeforeTaxRatio": 0.0758301405,
    "incomeTaxExpense": 173000000,
    "netIncome": 131000000,
    "netIncomeRatio": 0.0209131545,
    "eps": 0.28,
    "epsdiluted": 0.28,
    "weightedAverageShsOut": 467857143,
    "weightedAverageShsOutDil": 467857143,
    "link": "https://www.sec.gov/Archives/edgar/data/1701605/000170160519000021/0001701605-19-000021-index.htm",
    "finalLink": "https://www.sec.gov/Archives/edgar/data/1701605/000170160519000021/fiscalyear2018form10-k.htm"
  },
  {
    "date": "2018-09-30",
    "symbol": "BKR",
    "reportedCurrency": "USD",
    "cik": "0001701605",
    "fillingDate": "2018-10-30",
    "acceptedDate": "2018-10-30 16:24:26",
    "calendarYear": "2018",
    "period": "Q3",
    "revenue": 5665000000,
    "costOfRevenue": 4692000000,
    "grossProfit": 973000000,
    "grossProfitRatio": 0.1717563989,
    "researchAndDevelopmentExpenses": 0,
    "generalAndAdministrativeExpenses": 0,
    "sellingAndMarketingExpenses": 0,
    "sellingGeneralAndAdministrativeExpenses": 608000000,
    "otherExpenses": 83000000,
    "operatingExpenses": 691000000,
    "costAndExpenses": 5383000000,
    "interestIncome": 0,
    "interestExpense": 55000000,
    "depreciationAndAmortization": 353000000,
    "ebitda": 556000000,
    "ebitdaratio": 0.0981465137,
    "operatingIncome": 282000000,
    "operatingIncomeRatio": 0.0497793469,
    "totalOtherIncomeExpensesNet": -134000000,
    "incomeBeforeTax": 148000000,
    "incomeBeforeTaxRatio": 0.026125331,
    "incomeTaxExpense": 110000000,
    "netIncome": 13000000,
    "netIncomeRatio": 0.0022947926,
    "eps": 0.0316,
    "epsdiluted": 0.0314,
    "weightedAverageShsOut": 412000000,
    "weightedAverageShsOutDil": 414000000,
    "link": "https://www.sec.gov/Archives/edgar/data/1701605/000170160518000103/0001701605-18-000103-index.htm",
    "finalLink": "https://www.sec.gov/Archives/edgar/data/1701605/000170160518000103/bhge-2018093010xq.htm"
  },
  {
    "date": "2018-06-30",
    "symbol": "BKR",
    "reportedCurrency": "USD",
    "cik": "0001701605",
    "fillingDate": "2018-07-30",
    "acceptedDate": "2018-07-30 15:16:00",
    "calendarYear": "2018",
    "period": "Q2",
    "revenue": 5548000000,
    "costOfRevenue": 4612000000,
    "grossProfit": 936000000,
    "grossProfitRatio": 0.1687094448,
    "researchAndDevelopmentExpenses": 0,
    "generalAndAdministrativeExpenses": 0,
    "sellingAndMarketingExpenses": 0,
    "sellingGeneralAndAdministrativeExpenses": 662000000,
    "otherExpenses": 196000000,
    "operatingExpenses": 858000000,
    "costAndExpenses": 5470000000,
    "interestIncome": 0,
    "interestExpense": 63000000,
    "depreciationAndAmortization": 392000000,
    "ebitda": 479000000,
    "ebitdaratio": 0.0863374189,
    "operatingIncome": 78000000,
    "operatingIncomeRatio": 0.0140591204,
    "totalOtherIncomeExpensesNet": -54000000,
    "incomeBeforeTax": 24000000,
    "incomeBeforeTaxRatio": 0.0043258832,
    "incomeTaxExpense": 62000000,
    "netIncome": -19000000,
    "netIncomeRatio": -0.0034246575,
    "eps": -0.0459,
    "epsdiluted": -0.0459,
    "weightedAverageShsOut": 414000000,
    "weightedAverageShsOutDil": 414000000,
    "link": "https://www.sec.gov/Archives/edgar/data/1701605/000170160518000082/0001701605-18-000082-index.htm",
    "finalLink": "https://www.sec.gov/Archives/edgar/data/1701605/000170160518000082/bhge-2018063010xq.htm"
  },
  {
    "date": "2018-03-31",
    "symbol": "BKR",
    "reportedCurrency": "USD",
    "cik": "0001701605",
    "fillingDate": "2018-04-27",
    "acceptedDate": "2018-04-27 16:12:11",
    "calendarYear": "2018",
    "period": "Q1",
    "revenue": 5399000000,
    "costOfRevenue": 4558000000,
    "grossProfit": 841000000,
    "grossProfitRatio": 0.155769587,
    "researchAndDevelopmentExpenses": 0,
    "generalAndAdministrativeExpenses": 0,
    "sellingAndMarketingExpenses": 0,
    "sellingGeneralAndAdministrativeExpenses": 674000000,
    "otherExpenses": 208000000,
    "operatingExpenses": 882000000,
    "costAndExpenses": 5440000000,
    "interestIncome": 0,
    "interestExpense": 46000000,
    "depreciationAndAmortization": 388000000,
    "ebitda": 329000000,
    "ebitdaratio": 0.0609372106,
    "operatingIncome": -41000000,
    "operatingIncomeRatio": -0.0075939989,
    "totalOtherIncomeExpensesNet": -64000000,
    "incomeBeforeTax": -105000000,
    "incomeBeforeTaxRatio": -0.0194480459,
    "incomeTaxExpense": -86000000,
    "netIncome": 70000000,
    "netIncomeRatio": 0.012965364,
    "eps": 0.17,
    "epsdiluted": 0.17,
    "weightedAverageShsOut": 421000000,
    "weightedAverageShsOutDil": 422000000,
    "link": "https://www.sec.gov/Archives/edgar/data/1701605/000170160518000052/0001701605-18-000052-index.html",
    "finalLink": "https://www.sec.gov/Archives/edgar/data/1701605/000170160518000052/bhge-2018033110xq.htm"
  },
  {
    "date": "2017-12-31",
    "symbol": "BKR",
    "reportedCurrency": "USD",
    "cik": "0001701605",
    "fillingDate": "2018-02-23",
    "acceptedDate": "2018-02-23 17:17:47",
    "calendarYear": "2017",
    "period": "Q4",
    "revenue": 5763000000,
    "costOfRevenue": 4887000000,
    "grossProfit": 876000000,
    "grossProfitRatio": 0.1520041645,
    "researchAndDevelopmentExpenses": 501000000,
    "generalAndAdministrativeExpenses": 0,
    "sellingAndMarketingExpenses": 0,
    "sellingGeneralAndAdministrativeExpenses": 786000000,
    "otherExpenses": -319000000,
    "operatingExpenses": 968000000,
    "costAndExpenses": 5855000000,
    "interestIncome": 0,
    "interestExpense": 56000000,
    "depreciationAndAmortization": 387000000,
    "ebitda": 348000000,
    "ebitdaratio": 0.060385216,
    "operatingIncome": -92000000,
    "operatingIncomeRatio": -0.0159639077,
    "totalOtherIncomeExpensesNet": -41000000,
    "incomeBeforeTax": -133000000,
    "incomeBeforeTaxRatio": -0.0230782579,
    "incomeTaxExpense": -51000000,
    "netIncome": 31000000,
    "netIncomeRatio": 0.0053791428,
    "eps": 0.0726,
    "epsdiluted": 0.0707,
    "weightedAverageShsOut": 427000000,
    "weightedAverageShsOutDil": 427000000,
    "link": "https://www.sec.gov/Archives/edgar/data/1701605/000170160518000029/0001701605-18-000029-index.htm",
    "finalLink": "https://www.sec.gov/Archives/edgar/data/1701605/000170160518000029/fiscalyear2017form10-k.htm"
  },
  {
    "date": "2017-09-30",
    "symbol": "BKR",
    "reportedCurrency": "USD",
    "cik": "0001701605",
    "fillingDate": "2017-10-31",
    "acceptedDate": "2017-10-30 18:21:10",
    "calendarYear": "2017",
    "period": "Q3",
    "revenue": 5301000000,
    "costOfRevenue": 4349000000,
    "grossProfit": 952000000,
    "grossProfitRatio": 0.1795887568,
    "researchAndDevelopmentExpenses": 0,
    "generalAndAdministrativeExpenses": 0,
    "sellingAndMarketingExpenses": 0,
    "sellingGeneralAndAdministrativeExpenses": 792000000,
    "otherExpenses": 353000000,
    "operatingExpenses": 1145000000,
    "costAndExpenses": 5494000000,
    "interestIncome": 0,
    "interestExpense": 41000000,
    "depreciationAndAmortization": 426000000,
    "ebitda": 224000000,
    "ebitdaratio": 0.0422561781,
    "operatingIncome": -193000000,
    "operatingIncomeRatio": -0.0364082249,
    "totalOtherIncomeExpensesNet": -50000000,
    "incomeBeforeTax": -243000000,
    "incomeBeforeTaxRatio": -0.0458404075,
    "incomeTaxExpense": 114000000,
    "netIncome": -134000000,
    "netIncomeRatio": -0.0252782494,
    "eps": -0.31,
    "epsdiluted": -0.31,
    "weightedAverageShsOut": 428000000,
    "weightedAverageShsOutDil": 428000000,
    "link": "https://www.sec.gov/Archives/edgar/data/1701605/000170160517000100/0001701605-17-000100-index.htm",
    "finalLink": "https://www.sec.gov/Archives/edgar/data/1701605/000170160517000100/bhge-2017093010xq.htm"
  },
  {
    "date": "2017-06-30",
    "symbol": "BKR",
    "reportedCurrency": "USD",
    "cik": "0001701605",
    "fillingDate": "2017-07-28",
    "acceptedDate": "2017-07-28 08:52:45",
    "calendarYear": "2017",
    "period": "Q2",
    "revenue": 3015000000,
    "costOfRevenue": 2476000000,
    "grossProfit": 539000000,
    "grossProfitRatio": 0.1787728027,
    "researchAndDevelopmentExpenses": 102000000,
    "generalAndAdministrativeExpenses": 0,
    "sellingAndMarketingExpenses": 0,
    "sellingGeneralAndAdministrativeExpenses": 461000000,
    "otherExpenses": 42000000,
    "operatingExpenses": 605000000,
    "costAndExpenses": 3081000000,
    "interestIncome": 0,
    "interestExpense": 14000000,
    "depreciationAndAmortization": 158000000,
    "ebitda": 142000000,
    "ebitdaratio": 0.0470978441,
    "operatingIncome": -66000000,
    "operatingIncomeRatio": -0.0218905473,
    "totalOtherIncomeExpensesNet": 36000000,
    "incomeBeforeTax": -30000000,
    "incomeBeforeTaxRatio": -0.0099502488,
    "incomeTaxExpense": -10000000,
    "netIncome": -26000000,
    "netIncomeRatio": -0.0086235489,
    "eps": -0.42,
    "epsdiluted": -0.42,
    "weightedAverageShsOut": 425483244,
    "weightedAverageShsOutDil": 425483244,
    "link": "https://www.sec.gov/Archives/edgar/data/1701605/000170160517000066/0001701605-17-000066-index.htm",
    "finalLink": "https://www.sec.gov/Archives/edgar/data/1701605/000170160517000066/bakerhughesagecompany10q2q17.htm"
  },
  {
    "date": "2017-03-31",
    "symbol": "BKR",
    "reportedCurrency": "USD",
    "cik": "0001701605",
    "fillingDate": "2018-04-27",
    "acceptedDate": "2018-04-27 16:12:11",
    "calendarYear": "2017",
    "period": "Q1",
    "revenue": 3064000000,
    "costOfRevenue": 2378000000,
    "grossProfit": 686000000,
    "grossProfitRatio": 0.2238903394,
    "researchAndDevelopmentExpenses": 99000000,
    "generalAndAdministrativeExpenses": 0,
    "sellingAndMarketingExpenses": 0,
    "sellingGeneralAndAdministrativeExpenses": 492000000,
    "otherExpenses": 9000000,
    "operatingExpenses": 600000000,
    "costAndExpenses": 2978000000,
    "interestIncome": 0,
    "interestExpense": 20000000,
    "depreciationAndAmortization": 132000000,
    "ebitda": 226000000,
    "ebitdaratio": 0.0737597911,
    "operatingIncome": 86000000,
    "operatingIncomeRatio": 0.0280678851,
    "totalOtherIncomeExpensesNet": -12000000,
    "incomeBeforeTax": 74000000,
    "incomeBeforeTaxRatio": 0.024151436,
    "incomeTaxExpense": 8000000,
    "netIncome": 68000000,
    "netIncomeRatio": 0.0221932115,
    "eps": 0.17,
    "epsdiluted": 0.17,
    "weightedAverageShsOut": 425483244,
    "weightedAverageShsOutDil": 425483244,
    "link": "https://www.sec.gov/Archives/edgar/data/1701605/000170160518000052/0001701605-18-000052-index.htm",
    "finalLink": "https://www.sec.gov/Archives/edgar/data/1701605/000170160518000052/bhge-2018033110xq.htm"
  },
  {
    "date": "2016-12-31",
    "symbol": "BKR",
    "reportedCurrency": "USD",
    "cik": "0001701605",
    "fillingDate": "2016-12-31",
    "acceptedDate": "2016-12-30 19:00:00",
    "calendarYear": "2016",
    "period": "Q4",
    "revenue": 3516000000,
    "costOfRevenue": 2545000000,
    "grossProfit": 971000000,
    "grossProfitRatio": 0.2761660978,
    "researchAndDevelopmentExpenses": 99000000,
    "generalAndAdministrativeExpenses": 0,
    "sellingAndMarketingExpenses": 0,
    "sellingGeneralAndAdministrativeExpenses": 462000000,
    "otherExpenses": 126000000,
    "operatingExpenses": 687000000,
    "costAndExpenses": 3232000000,
    "interestIncome": 0,
    "interestExpense": 0,
    "depreciationAndAmortization": 111000000,
    "ebitda": -159000000,
    "ebitdaratio": -0.045221843,
    "operatingIncome": 284000000,
    "operatingIncomeRatio": 0.0807736064,
    "totalOtherIncomeExpensesNet": 0,
    "incomeBeforeTax": 117000000,
    "incomeBeforeTaxRatio": 0.0332764505,
    "incomeTaxExpense": 118000000,
    "netIncome": -417000000,
    "netIncomeRatio": -0.1186006826,
    "eps": -0.98,
    "epsdiluted": -0.98,
    "weightedAverageShsOut": 429000000,
    "weightedAverageShsOutDil": 430000000,
    "link": null,
    "finalLink": null
  },
  {
    "date": "2016-09-30",
    "symbol": "BKR",
    "reportedCurrency": "USD",
    "cik": "0001701605",
    "fillingDate": "2016-09-30",
    "acceptedDate": "2016-09-29 20:00:00",
    "calendarYear": "2016",
    "period": "Q3",
    "revenue": 3024000000,
    "costOfRevenue": 2294000000,
    "grossProfit": 730000000,
    "grossProfitRatio": 0.2414021164,
    "researchAndDevelopmentExpenses": 87000000,
    "generalAndAdministrativeExpenses": 0,
    "sellingAndMarketingExpenses": 0,
    "sellingGeneralAndAdministrativeExpenses": 475000000,
    "otherExpenses": 1000000,
    "operatingExpenses": 563000000,
    "costAndExpenses": 2848000000,
    "interestIncome": 0,
    "interestExpense": 0,
    "depreciationAndAmortization": 277000000,
    "ebitda": 529000000,
    "ebitdaratio": 0.1749338624,
    "operatingIncome": 252000000,
    "operatingIncomeRatio": 0.0833333333,
    "totalOtherIncomeExpensesNet": -187000000,
    "incomeBeforeTax": 65000000,
    "incomeBeforeTaxRatio": 0.021494709,
    "incomeTaxExpense": 70000000,
    "netIncome": -429000000,
    "netIncomeRatio": -0.1418650794,
    "eps": -1,
    "epsdiluted": -1,
    "weightedAverageShsOut": 429000000,
    "weightedAverageShsOutDil": 430000000,
    "link": "",
    "finalLink": ""
  },
  {
    "date": "2016-06-30",
    "symbol": "BKR",
    "reportedCurrency": "USD",
    "cik": "0001701605",
    "fillingDate": "2016-06-30",
    "acceptedDate": "2016-06-29 20:00:00",
    "calendarYear": "2016",
    "period": "Q2",
    "revenue": 3322000000,
    "costOfRevenue": 2448000000,
    "grossProfit": 874000000,
    "grossProfitRatio": 0.2630945214,
    "researchAndDevelopmentExpenses": 166000000,
    "generalAndAdministrativeExpenses": 0,
    "sellingAndMarketingExpenses": 0,
    "sellingGeneralAndAdministrativeExpenses": 476000000,
    "otherExpenses": 33000000,
    "operatingExpenses": 675000000,
    "costAndExpenses": 3123000000,
    "interestIncome": 14000000,
    "interestExpense": 0,
    "depreciationAndAmortization": 80000000,
    "ebitda": 408000000,
    "ebitdaratio": 0.1228175798,
    "operatingIncome": 328000000,
    "operatingIncomeRatio": 0.0987357014,
    "totalOtherIncomeExpensesNet": -449000000,
    "incomeBeforeTax": -121000000,
    "incomeBeforeTaxRatio": -0.0364238411,
    "incomeTaxExpense": 20000000,
    "netIncome": -141000000,
    "netIncomeRatio": -0.0424443107,
    "eps": 0.62,
    "epsdiluted": 0.62,
    "weightedAverageShsOut": 429000000,
    "weightedAverageShsOutDil": 430000000,
    "link": null,
    "finalLink": null
  },
  {
    "date": "2016-03-31",
    "symbol": "BKR",
    "reportedCurrency": "USD",
    "cik": "0001701605",
    "fillingDate": "2016-03-31",
    "acceptedDate": "2016-03-30 20:00:00",
    "calendarYear": "2016",
    "period": "Q1",
    "revenue": 3407000000,
    "costOfRevenue": 2698000000,
    "grossProfit": 709000000,
    "grossProfitRatio": 0.2081009686,
    "researchAndDevelopmentExpenses": 0,
    "generalAndAdministrativeExpenses": 0,
    "sellingAndMarketingExpenses": 0,
    "sellingGeneralAndAdministrativeExpenses": 525000000,
    "otherExpenses": 25000000,
    "operatingExpenses": 550000000,
    "costAndExpenses": 3248000000,
    "interestIncome": 39000000,
    "interestExpense": 0,
    "depreciationAndAmortization": 82000000,
    "ebitda": 266000000,
    "ebitdaratio": 0.0780745524,
    "operatingIncome": 184000000,
    "operatingIncomeRatio": 0.0540064573,
    "totalOtherIncomeExpensesNet": -64000000,
    "incomeBeforeTax": 120000000,
    "incomeBeforeTaxRatio": 0.0352216026,
    "incomeTaxExpense": 42000000,
    "netIncome": 141000000,
    "netIncomeRatio": 0.041385383,
    "eps": 1.28,
    "epsdiluted": 1.28,
    "weightedAverageShsOut": 429000000,
    "weightedAverageShsOutDil": 430000000,
    "link": null,
    "finalLink": null
  }
]