[
  {
    "date": "2024-12-31",
    "symbol": "BKR",
    "reportedCurrency": "USD",
    "cik": "0001701605",
    "fillingDate": "2025-02-04",
    "acceptedDate": "2025-02-04 07:05:30",
    "calendarYear": "2024",
    "period": "FY",
    "revenue": 27829000000,
    "costOfRevenue": 21916000000,
    "grossProfit": 5840000000,
    "grossProfitRatio": 0.209853031,
    "researchAndDevelopmentExpenses": 643000000,
    "generalAndAdministrativeExpenses": 0,
    "sellingAndMarketingExpenses": 0,
    "sellingGeneralAndAdministrativeExpenses": 2458000000,
    "otherExpenses": -342000000,
    "operatingExpenses": 2759000000,
    "costAndExpenses": 24748000000,
    "interestIncome": 0,
    "interestExpense": 198000000,
    "depreciationAndAmortization": 1136000000,
    "ebitda": 4599000000,
    "ebitdaratio": 0.1652592619,
    "operatingIncome": 3081000000,
    "operatingIncomeRatio": 0.1107118474,
    "totalOtherIncomeExpensesNet": 184000000,
    "incomeBeforeTax": 3265000000,
    "incomeBeforeTaxRatio": 0.1173236552,
    "incomeTaxExpense": 257000000,
    "netIncome": 2979000000,
    "netIncomeRatio": 0.1070466061,
    "eps": 3,
    "epsdiluted": 2.98,
    "weightedAverageShsOut": 999664429,
    "weightedAverageShsOutDil": 1001000000,
    "link": "https://www.sec.gov/Archives/edgar/data/1701605/000170160525000035/0001701605-25-000035-index.htm",
    "finalLink": "https://www.sec.gov/Archives/edgar/data/1701605/000170160525000035/bkr-20241231.htm"
  },
  {
    "date": "2023-12-31",
    "symbol": "BKR",
    "reportedCurrency": "USD",
    "cik": "0001701605",
    "fillingDate": "2024-02-05",
    "acceptedDate": "2024-02-05 07:52:57",
    "calendarYear": "2023",
    "period": "FY",
    "revenue": 25506000000,
    "costOfRevenue": 20255000000,
    "grossProfit": 5251000000,
    "grossProfitRatio": 0.2058731279,
    "researchAndDevelopmentExpenses": 0,
    "generalAndAdministrativeExpenses": 0,
    "sellingAndMarketingExpenses": 0,
    "sellingGeneralAndAdministrativeExpenses": 2611000000,
    "otherExpenses": 323000000,
    "operatingExpenses": 2934000000,
    "costAndExpenses": 23189000000,
    "interestIncome": 0,
    "interestExpense": 216000000,
    "depreciationAndAmortization": 1087000000,
    "ebitda": 3958000000,
    "ebitdaratio": 0.1551791735,
    "operatingIncome": 2317000000,
    "operatingIncomeRatio": 0.0908413707,
    "totalOtherIncomeExpensesNet": 338000000,
    "incomeBeforeTax": 2655000000,
    "incomeBeforeTaxRatio": 0.1040931546,
    "incomeTaxExpense": 685000000,
    "netIncome": 1943000000,
    "netIncomeRatio": 0.0761781542,
    "eps": 1.93,
    "epsdiluted": 1.91,
    "weightedAverageShsOut": 1008000000,
    "weightedAverageShsOutDil": 1015000000,
    "link": "https://www.sec.gov/Archives/edgar/data/1701605/000170160524000033/0001701605-24-000033-index.htm",
    "finalLink": "https://www.sec.gov/Archives/edgar/data/1701605/000170160524000033/bkr-20231231.htm"
  },
  {
    "date": "2022-12-31",
    "symbol": "BKR",
    "reportedCurrency": "USD",
    "cik": "0001701605",
    "fillingDate": "2023-02-14",
    "acceptedDate": "2023-02-14 16:16:46",
    "calendarYear": "2022",
    "period": "FY",
    "revenue": 21156000000,
    "costOfRevenue": 16756000000,
    "grossProfit": 4400000000,
    "grossProfitRatio": 0.207978824,
    "researchAndDevelopmentExpenses": 0,
    "generalAndAdministrativeExpenses": 0,
    "sellingAndMarketingExpenses": 0,
    "sellingGeneralAndAdministrativeExpenses": 2510000000,
    "otherExpenses": 705000000,
    "operatingExpenses": 3215000000,
    "costAndExpenses": 19971000000,
    "interestIncome": 0,
    "interestExpense": 252000000,
    "depreciationAndAmortization": 1061000000,
    "ebitda": 1335000000,
    "ebitdaratio": 0.0631026659,
    "operatingIncome": 1185000000,
    "operatingIncomeRatio": 0.0560124787,
    "totalOtherIncomeExpensesNet": -1163000000,
    "incomeBeforeTax": 22000000,
    "incomeBeforeTaxRatio": 0.0010398941,
    "incomeTaxExpense": 600000000,
    "netIncome": -601000000,
    "netIncomeRatio": -0.0284080166,
    "eps": -0.61,
    "epsdiluted": -0.61,
    "weightedAverageShsOut": 987000000,
    "weightedAverageShsOutDil": 987000000,
    "link": "https://www.sec.gov/Archives/edgar/data/1701605/000170160523000044/0001701605-23-000044-index.htm",
    "finalLink": "https://www.sec.gov/Archives/edgar/data/1701605/000170160523000044/bkr-20221231.htm"
  },
  {
    "date": "2021-12-31",
    "symbol": "BKR",
    "reportedCurrency": "USD",
    "cik": "0001701605",
    "fillingDate": "2022-02-11",
    "acceptedDate": "2022-02-11 16:42:53",
    "calendarYear": "2021",
    "period": "FY",
    "revenue": 20502000000,
    "costOfRevenue": 16453000000,
    "grossProfit": 4049000000,
    "grossProfitRatio": 0.1974929275,
    "researchAndDevelopmentExpenses": 492000000,
    "generalAndAdministrativeExpenses": 0,
    "sellingAndMarketingExpenses": 0,
    "sellingGeneralAndAdministrativeExpenses": 2470000000,
    "otherExpenses": -223000000,
    "operatingExpenses": 2739000000,
    "costAndExpenses": 19192000000,
    "interestIncome": 0,
    "interestExpense": 299000000,
    "depreciationAndAmortization": 1105000000,
    "ebitda": 1832000000,
    "ebitdaratio": 0.0893571359,
    "operatingIncome": 1310000000,
    "operatingIncomeRatio": 0.0638962052,
    "totalOtherIncomeExpensesNet": -882000000,
    "incomeBeforeTax": 428000000,
    "incomeBeforeTaxRatio": 0.0208760121,
    "incomeTaxExpense": 758000000,
    "netIncome": -219000000,
    "netIncomeRatio": -0.0106818847,
    "eps": -0.27,
    "epsdiluted": -0.27,
    "weightedAverageShsOut": 824000000,
    "weightedAverageShsOutDil": 824000000,
    "link": "https://www.sec.gov/Archives/edgar/data/1701605/000170160522000050/0001701605-22-000050-index.htm",
    "finalLink": "https://www.sec.gov/Archives/edgar/data/1701605/000170160522000050/bkr-20211231.htm"
  },
  {
    "date": "2020-12-31",
    "symbol": "BKR",
    "reportedCurrency": "USD",
    "cik": "0001701605",
    "fillingDate": "2021-02-25",
    "acceptedDate": "2021-02-25 16:07:29",
    "calendarYear": "2020",
    "period": "FY",
    "revenue": 20705000000,
    "costOfRevenue": 17506000000,
    "grossProfit": 3199000000,
    "grossProfitRatio": 0.1545037431,
    "researchAndDevelopmentExpenses": 0,
    "generalAndAdministrativeExpenses": 0,
    "sellingAndMarketingExpenses": 0,
    "sellingGeneralAndAdministrativeExpenses": 2404000000,
    "otherExpenses": 16773000000,
    "operatingExpenses": 19177000000,
    "costAndExpenses": 36683000000,
    "interestIncome": 0,
    "interestExpense": 264000000,
    "depreciationAndAmortization": 1317000000,
    "ebitda": -13621000000,
    "ebitdaratio": -0.6578604202,
    "operatingIncome": -15978000000,
    "operatingIncomeRatio": -0.7716976576,
    "totalOtherIncomeExpensesNet": 776000000,
    "incomeBeforeTax": -15202000000,
    "incomeBeforeTaxRatio": -0.7342187877,
    "incomeTaxExpense": 559000000,
    "netIncome": -9940000000,
    "netIncomeRatio": -0.480077276,
    "eps": -14.73,
    "epsdiluted": -14.73,
    "weightedAverageShsOut": 675000000,
    "weightedAverageShsOutDil": 675000000,
    "link": "https://www.sec.gov/Archives/edgar/data/1701605/000170160521000026/0001701605-21-000026-index.htm",
    "finalLink": "https://www.sec.gov/Archives/edgar/data/1701605/000170160521000026/bkr-20201231.htm"
  },
  {
    "date": "2019-12-31",
    "symbol": "BKR",
    "reportedCurrency": "USD",
    "cik": "0001701605",
    "fillingDate": "2020-02-13",
    "acceptedDate": "2020-02-13 16:18:34",
    "calendarYear": "2019",
    "period": "FY",
    "revenue": 23838000000,
    "costOfRevenue": 19406000000,
    "grossProfit": 4432000000,
    "grossProfitRatio": 0.1859216377,
    "researchAndDevelopmentExpenses": 687000000,
    "generalAndAdministrativeExpenses": 0,
    "sellingAndMarketingExpenses": 0,
    "sellingGeneralAndAdministrativeExpenses": 2832000000,
    "otherExpenses": -161000000,
    "operatingExpenses": 3358000000,
    "costAndExpenses": 22764000000,
    "interestIncome": 0,
    "interestExpense": 237000000,
    "depreciationAndAmortization": 1418000000,
    "ebitda": 2408000000,
    "ebitdaratio": 0.1010151858,
    "operatingIncome": 1074000000,
    "operatingIncomeRatio": 0.0450541153,
    "totalOtherIncomeExpensesNet": -321000000,
    "incomeBeforeTax": 753000000,
    "incomeBeforeTaxRatio": 0.0315882205,
    "incomeTaxExpense": 482000000,
    "netIncome": 128000000,
    "netIncomeRatio": 0.005369578,
    "eps": 0.23,
    "epsdiluted": 0.23,
    "weightedAverageShsOut": 555000000,
    "weightedAverageShsOutDil": 557000000,
    "link": "https://www.sec.gov/Archives/edgar/data/1701605/000170160520000019/0001701605-20-000019-index.htm",
    "finalLink": "https://www.sec.gov/Archives/edgar/data/1701605/000170160520000019/fiscalyear2019form10-k.htm"
  },
  {
    "date": "2018-12-31",
    "symbol": "BKR",
    "reportedCurrency": "USD",
    "cik": "0001701605",
    "fillingDate": "2019-02-19",
    "acceptedDate": "2019-02-19 16:55:51",
    "calendarYear": "2018",
    "period": "FY",
    "revenue": 22877000000,
    "costOfRevenue": 18891000000,
    "grossProfit": 3986000000,
    "grossProfitRatio": 0.1742361324,
    "researchAndDevelopmentExpenses": 700000000,
    "generalAndAdministrativeExpenses": 0,
    "sellingAndMarketingExpenses": 0,
    "sellingGeneralAndAdministrativeExpenses": 2699000000,
    "otherExpenses": -114000000,
    "operatingExpenses": 3285000000,
    "costAndExpenses": 22176000000,
    "interestIncome": 0,
    "interestExpense": 223000000,
    "depreciationAndAmortization": 1486000000,
    "ebitda": 2250000000,
    "ebitdaratio": 0.0983520567,
    "operatingIncome": 701000000,
    "operatingIncomeRatio": 0.0306421296,
    "totalOtherIncomeExpensesNet": -160000000,
    "incomeBeforeTax": 541000000,
    "incomeBeforeTaxRatio": 0.0236482056,
    "incomeTaxExpense": 258000000,
    "netIncome": 195000000,
    "netIncomeRatio": 0.0085238449,
    "eps": 0.46,
    "epsdiluted": 0.45,
    "weightedAverageShsOut": 423913043,
    "weightedAverageShsOutDil": 433333333,
    "link": "https://www.sec.gov/Archives/edgar/data/1701605/000170160519000021/0001701605-19-000021-index.htm",
    "finalLink": "https://www.sec.gov/Archives/edgar/data/1701605/000170160519000021/fiscalyear2018form10-k.htm"
  },
  {
    "date": "2017-12-31",
    "symbol": "BKR",
    "reportedCurrency": "USD",
    "cik": "0001701605",
    "fillingDate": "2018-02-23",
    "acceptedDate": "2018-02-23 17:17:47",
    "calendarYear": "2017",
    "period": "FY",
    "revenue": 17179000000,
    "costOfRevenue": 14143000000,
    "grossProfit": 3036000000,
    "grossProfitRatio": 0.1767273997,
    "researchAndDevelopmentExpenses": 501000000,
    "generalAndAdministrativeExpenses": 0,
    "sellingAndMarketingExpenses": 0,
    "sellingGeneralAndAdministrativeExpenses": 2535000000,
    "otherExpenses": 284000000,
    "operatingExpenses": 3320000000,
    "costAndExpenses": 17463000000,
    "interestIncome": 0,
    "interestExpense": 131000000,
    "depreciationAndAmortization": 1103000000,
    "ebitda": 888000000,
    "ebitdaratio": 0.0516910181,
    "operatingIncome": -284000000,
    "operatingIncomeRatio": -0.0165318121,
    "totalOtherIncomeExpensesNet": -62000000,
    "incomeBeforeTax": -346000000,
    "incomeBeforeTaxRatio": -0.0201408697,
    "incomeTaxExpense": 45000000,
    "netIncome": -61000000,
    "netIncomeRatio": -0.003550847,
    "eps": -0.24,
    "epsdiluted": -0.24,
    "weightedAverageShsOut": 427000000,
    "weightedAverageShsOutDil": 427000000,
    "link": "https://www.sec.gov/Archives/edgar/data/1701605/000170160518000029/0001701605-18-000029-index.htm",
    "finalLink": "https://www.sec.gov/Archives/edgar/data/1701605/000170160518000029/fiscalyear2017form10-k.htm"
  },
  {
    "date": "2016-12-31",
    "symbol": "BKR",
    "reportedCurrency": "USD",
    "cik": "0001701605",
    "fillingDate": "2016-12-31",
    "acceptedDate": "2016-12-31 00:00:00",
    "calendarYear": "2016",
    "period": "FY",
    "revenue": 13269000000,
    "costOfRevenue": 10123000000,
    "grossProfit": 3146000000,
    "grossProfitRatio": 0.2370939784,
    "researchAndDevelopmentExpenses": 352000000,
    "generalAndAdministrativeExpenses": 0,
    "sellingAndMarketingExpenses": 0,
    "sellingGeneralAndAdministrativeExpenses": 1938000000,
    "otherExpenses": 185000000,
    "operatingExpenses": 2475000000,
    "costAndExpenses": 12625000000,
    "interestIncome": 0,
    "interestExpense": 102000000,
    "depreciationAndAmortization": 550000000,
    "ebitda": 1236000000,
    "ebitdaratio": 0.0931494461,
    "operatingIncome": 457000000,
    "operatingIncomeRatio": 0.0344411787,
    "totalOtherIncomeExpensesNet": -99000000,
    "incomeBeforeTax": 358000000,
    "incomeBeforeTaxRatio": 0.0269801794,
    "incomeTaxExpense": 173000000,
    "netIncome": 254000000,
    "netIncomeRatio": 0.0191423619,
    "eps": 0.94,
    "epsdiluted": 0.94,
    "weightedAverageShsOut": 429000000,
    "weightedAverageShsOutDil": 430000000,
    "link": null,
    "finalLink": null
  },
  {
    "date": "2015-12-31",
    "symbol": "BKR",
    "reportedCurrency": "USD",
    "cik": "0001701605",
    "fillingDate": "2015-12-31",
    "acceptedDate": "2015-12-31 00:00:00",
    "calendarYear": "2015",
    "period": "FY",
    "revenue": 16688000000,
    "costOfRevenue": 12193000000,
    "grossProfit": 4495000000,
    "grossProfitRatio": 0.2693552253,
    "researchAndDevelopmentExpenses": 408000000,
    "generalAndAdministrativeExpenses": 0,
    "sellingAndMarketingExpenses": 0,
    "sellingGeneralAndAdministrativeExpenses": 2115000000,
    "otherExpenses": 2110000000,
    "operatingExpenses": 4633000000,
    "costAndExpenses": 16826000000,
    "interestIncome": 0,
    "interestExpense": 120000000,
    "depreciationAndAmortization": 530000000,
    "ebitda": 492000000,
    "ebitdaratio": 0.0294822627,
    "operatingIncome": -138000000,
    "operatingIncomeRatio": -0.0082694151,
    "totalOtherIncomeExpensesNet": -20000000,
    "incomeBeforeTax": -158000000,
    "incomeBeforeTaxRatio": -0.0094678811,
    "incomeTaxExpense": 473000000,
    "netIncome": -606000000,
    "netIncomeRatio": -0.0363135187,
    "eps": -1.41,
    "epsdiluted": -1.41,
    "weightedAverageShsOut": 429000000,
    "weightedAverageShsOutDil": 430000000,
    "link": null,
    "finalLink": null
  },
  {
    "date": "2014-12-31",
    "symbol": "BKR",
    "reportedCurrency": "USD",
    "cik": "0001701605",
    "fillingDate": "2014-12-31",
    "acceptedDate": "2014-12-30 19:00:00",
    "calendarYear": "2014",
    "period": "FY",
    "revenue": 19191000000,
    "costOfRevenue": 14280000000,
    "grossProfit": 4911000000,
    "grossProfitRatio": 0.2559012037,
    "researchAndDevelopmentExpenses": 420000000,
    "generalAndAdministrativeExpenses": 0,
    "sellingAndMarketingExpenses": 0,
    "sellingGeneralAndAdministrativeExpenses": 2402000000,
    "otherExpenses": -433000000,
    "operatingExpenses": 2389000000,
    "costAndExpenses": 16669000000,
    "interestIncome": 0,
    "interestExpense": 232000000,
    "depreciationAndAmortization": 586000000,
    "ebitda": 3095000000,
    "ebitdaratio": 0.1612735136,
    "operatingIncome": 2509000000,
    "operatingIncomeRatio": 0.1307383669,
    "totalOtherIncomeExpensesNet": -173000000,
    "incomeBeforeTax": 2336000000,
    "incomeBeforeTaxRatio": 0.1217237247,
    "incomeTaxExpense": 484000000,
    "netIncome": 1840000000,
    "netIncomeRatio": 0.0958782763,
    "eps": 4.29,
    "epsdiluted": 4.28,
    "weightedAverageShsOut": 429000000,
    "weightedAverageShsOutDil": 430000000,
    "link": null,
    "finalLink": null
  }
]