[
  {
    "date": "2025-06-30",
    "symbol": "BLDR",
    "reportedCurrency": "USD",
    "cik": "0001316835",
    "fillingDate": "2025-07-31",
    "acceptedDate": "2025-07-31 12:09:49",
    "calendarYear": "2025",
    "period": "Q2",
    "revenue": 4234064000,
    "costOfRevenue": 2935023000,
    "grossProfit": 1299041000,
    "grossProfitRatio": 0.3068071243,
    "researchAndDevelopmentExpenses": 0,
    "generalAndAdministrativeExpenses": 0,
    "sellingAndMarketingExpenses": 0,
    "sellingGeneralAndAdministrativeExpenses": 987754000,
    "otherExpenses": 0,
    "operatingExpenses": 987754000,
    "costAndExpenses": 3922777000,
    "interestIncome": 0,
    "interestExpense": 71988000,
    "depreciationAndAmortization": 147524000,
    "ebitda": 458811000,
    "ebitdaratio": 0.1083618481,
    "operatingIncome": 311287000,
    "operatingIncomeRatio": 0.0735196728,
    "totalOtherIncomeExpensesNet": -71988000,
    "incomeBeforeTax": 239299000,
    "incomeBeforeTaxRatio": 0.056517568,
    "incomeTaxExpense": 54268000,
    "netIncome": 185031000,
    "netIncomeRatio": 0.0437005676,
    "eps": 1.6681,
    "epsdiluted": 1.664,
    "weightedAverageShsOut": 110922000,
    "weightedAverageShsOutDil": 111196000,
    "link": "https://www.sec.gov/Archives/edgar/data/1316835/000095017025100705/0000950170-25-100705-index.htm",
    "finalLink": "https://www.sec.gov/Archives/edgar/data/1316835/000095017025100705/bldr-20250630.htm"
  },
  {
    "date": "2025-03-31",
    "symbol": "BLDR",
    "reportedCurrency": "USD",
    "cik": "0001316835",
    "fillingDate": "2025-05-01",
    "acceptedDate": "2025-05-01 14:29:11",
    "calendarYear": "2025",
    "period": "Q1",
    "revenue": 3657496000,
    "costOfRevenue": 2542255000,
    "grossProfit": 1115241000,
    "grossProfitRatio": 0.3049192672,
    "researchAndDevelopmentExpenses": 0,
    "generalAndAdministrativeExpenses": 0,
    "sellingAndMarketingExpenses": 0,
    "sellingGeneralAndAdministrativeExpenses": 930800000,
    "otherExpenses": 0,
    "operatingExpenses": 930800000,
    "costAndExpenses": 3473055000,
    "interestIncome": 0,
    "interestExpense": 64892000,
    "depreciationAndAmortization": 145031000,
    "ebitda": 329472000,
    "ebitdaratio": 0.0900813015,
    "operatingIncome": 184441000,
    "operatingIncomeRatio": 0.0504282165,
    "totalOtherIncomeExpensesNet": -64892000,
    "incomeBeforeTax": 119549000,
    "incomeBeforeTaxRatio": 0.0326860234,
    "incomeTaxExpense": 23245000,
    "netIncome": 96304000,
    "netIncomeRatio": 0.0263305825,
    "eps": 0.85,
    "epsdiluted": 0.84,
    "weightedAverageShsOut": 113675000,
    "weightedAverageShsOutDil": 114339000,
    "link": "https://www.sec.gov/Archives/edgar/data/1316835/000095017025061689/0000950170-25-061689-index.htm",
    "finalLink": "https://www.sec.gov/Archives/edgar/data/1316835/000095017025061689/bldr-20250331.htm"
  },
  {
    "date": "2024-12-31",
    "symbol": "BLDR",
    "reportedCurrency": "USD",
    "cik": "0001316835",
    "fillingDate": "2025-02-20",
    "acceptedDate": "2025-02-20 13:46:21",
    "calendarYear": "2024",
    "period": "Q4",
    "revenue": 3820300000,
    "costOfRevenue": 2586200000,
    "grossProfit": 1234100000,
    "grossProfitRatio": 0.3230374578,
    "researchAndDevelopmentExpenses": 0,
    "generalAndAdministrativeExpenses": 0,
    "sellingAndMarketingExpenses": 0,
    "sellingGeneralAndAdministrativeExpenses": 930000000,
    "otherExpenses": 0,
    "operatingExpenses": 930000000,
    "costAndExpenses": 3516160000,
    "interestIncome": 0,
    "interestExpense": 53109000,
    "depreciationAndAmortization": 136488000,
    "ebitda": 440634000,
    "ebitdaratio": 0.1153401565,
    "operatingIncome": 304146000,
    "operatingIncomeRatio": 0.0796131194,
    "totalOtherIncomeExpensesNet": -53146000,
    "incomeBeforeTax": 251000000,
    "incomeBeforeTaxRatio": 0.0657016465,
    "incomeTaxExpense": 60800000,
    "netIncome": 190200000,
    "netIncomeRatio": 0.049786666,
    "eps": 1.66,
    "epsdiluted": 1.65,
    "weightedAverageShsOut": 114814000,
    "weightedAverageShsOutDil": 115598000,
    "link": "https://www.sec.gov/Archives/edgar/data/1316835/000095017025023953/0000950170-25-023953-index.htm",
    "finalLink": "https://www.sec.gov/Archives/edgar/data/1316835/000095017025023953/bldr-20241231.htm"
  },
  {
    "date": "2024-09-30",
    "symbol": "BLDR",
    "reportedCurrency": "USD",
    "cik": "0001316835",
    "fillingDate": "2024-11-05",
    "acceptedDate": "2024-11-05 16:02:16",
    "calendarYear": "2024",
    "period": "Q3",
    "revenue": 4232494000,
    "costOfRevenue": 2846161000,
    "grossProfit": 1386333000,
    "grossProfitRatio": 0.3275451779,
    "researchAndDevelopmentExpenses": 0,
    "generalAndAdministrativeExpenses": 0,
    "sellingAndMarketingExpenses": 0,
    "sellingGeneralAndAdministrativeExpenses": 958310000,
    "otherExpenses": 0,
    "operatingExpenses": 958310000,
    "costAndExpenses": 3804471000,
    "interestIncome": 0,
    "interestExpense": 54263000,
    "depreciationAndAmortization": 141705000,
    "ebitda": 569728000,
    "ebitdaratio": 0.1346081058,
    "operatingIncome": 428023000,
    "operatingIncomeRatio": 0.1011278457,
    "totalOtherIncomeExpensesNet": -54263000,
    "incomeBeforeTax": 373760000,
    "incomeBeforeTaxRatio": 0.0883072723,
    "incomeTaxExpense": 88977000,
    "netIncome": 284783000,
    "netIncomeRatio": 0.0672849152,
    "eps": 2.45,
    "epsdiluted": 2.44,
    "weightedAverageShsOut": 116176000,
    "weightedAverageShsOutDil": 116940000,
    "link": "https://www.sec.gov/Archives/edgar/data/1316835/000095017024121436/0000950170-24-121436-index.htm",
    "finalLink": "https://www.sec.gov/Archives/edgar/data/1316835/000095017024121436/bldr-20240930.htm"
  },
  {
    "date": "2024-06-30",
    "symbol": "BLDR",
    "reportedCurrency": "USD",
    "cik": "0001316835",
    "fillingDate": "2024-08-06",
    "acceptedDate": "2024-08-06 16:08:52",
    "calendarYear": "2024",
    "period": "Q2",
    "revenue": 4456340000,
    "costOfRevenue": 2993656000,
    "grossProfit": 1462684000,
    "grossProfitRatio": 0.3282254047,
    "researchAndDevelopmentExpenses": 0,
    "generalAndAdministrativeExpenses": 0,
    "sellingAndMarketingExpenses": 0,
    "sellingGeneralAndAdministrativeExpenses": 973201000,
    "otherExpenses": 0,
    "operatingExpenses": 973201000,
    "costAndExpenses": 3966857000,
    "interestIncome": 0,
    "interestExpense": 52016000,
    "depreciationAndAmortization": 143355000,
    "ebitda": 632838000,
    "ebitdaratio": 0.1420084643,
    "operatingIncome": 489483000,
    "operatingIncomeRatio": 0.1098396891,
    "totalOtherIncomeExpensesNet": -52016000,
    "incomeBeforeTax": 437467000,
    "incomeBeforeTaxRatio": 0.0981673301,
    "incomeTaxExpense": 93377000,
    "netIncome": 344090000,
    "netIncomeRatio": 0.0772135878,
    "eps": 2.89,
    "epsdiluted": 2.87,
    "weightedAverageShsOut": 119244000,
    "weightedAverageShsOutDil": 120072000,
    "link": "https://www.sec.gov/Archives/edgar/data/1316835/000095017024091788/0000950170-24-091788-index.htm",
    "finalLink": "https://www.sec.gov/Archives/edgar/data/1316835/000095017024091788/bldr-20240630.htm"
  },
  {
    "date": "2024-03-31",
    "symbol": "BLDR",
    "reportedCurrency": "USD",
    "cik": "0001316835",
    "fillingDate": "2024-05-07",
    "acceptedDate": "2024-05-07 13:27:26",
    "calendarYear": "2024",
    "period": "Q1",
    "revenue": 3891352000,
    "costOfRevenue": 2591498000,
    "grossProfit": 1299854000,
    "grossProfitRatio": 0.3340366022,
    "researchAndDevelopmentExpenses": 0,
    "generalAndAdministrativeExpenses": 0,
    "sellingAndMarketingExpenses": 0,
    "sellingGeneralAndAdministrativeExpenses": 926257000,
    "otherExpenses": 0,
    "operatingExpenses": 926257000,
    "costAndExpenses": 3517755000,
    "interestIncome": 0,
    "interestExpense": 48336000,
    "depreciationAndAmortization": 140381000,
    "ebitda": 513978000,
    "ebitdaratio": 0.1320821144,
    "operatingIncome": 373597000,
    "operatingIncomeRatio": 0.0960069919,
    "totalOtherIncomeExpensesNet": -48336000,
    "incomeBeforeTax": 325261000,
    "incomeBeforeTaxRatio": 0.0835856021,
    "incomeTaxExpense": 66480000,
    "netIncome": 258781000,
    "netIncomeRatio": 0.0665015655,
    "eps": 2.12,
    "epsdiluted": 2.1,
    "weightedAverageShsOut": 121972000,
    "weightedAverageShsOutDil": 123371000,
    "link": "https://www.sec.gov/Archives/edgar/data/1316835/000095017024054249/0000950170-24-054249-index.htm",
    "finalLink": "https://www.sec.gov/Archives/edgar/data/1316835/000095017024054249/bldr-20240331.htm"
  },
  {
    "date": "2023-12-31",
    "symbol": "BLDR",
    "reportedCurrency": "USD",
    "cik": "0001316835",
    "fillingDate": "2024-02-22",
    "acceptedDate": "2024-02-22 13:08:58",
    "calendarYear": "2023",
    "period": "Q4",
    "revenue": 4150862000,
    "costOfRevenue": 2685976000,
    "grossProfit": 1464886000,
    "grossProfitRatio": 0.3529112748,
    "researchAndDevelopmentExpenses": 0,
    "generalAndAdministrativeExpenses": 318450000,
    "sellingAndMarketingExpenses": 656000000,
    "sellingGeneralAndAdministrativeExpenses": 974450000,
    "otherExpenses": 0,
    "operatingExpenses": 974450000,
    "costAndExpenses": 3660426000,
    "interestIncome": 0,
    "interestExpense": 46798000,
    "depreciationAndAmortization": 142149000,
    "ebitda": 632585000,
    "ebitdaratio": 0.1523984657,
    "operatingIncome": 490436000,
    "operatingIncomeRatio": 0.1181528078,
    "totalOtherIncomeExpensesNet": -46798000,
    "incomeBeforeTax": 443638000,
    "incomeBeforeTaxRatio": 0.1068785231,
    "incomeTaxExpense": 92945000,
    "netIncome": 350693000,
    "netIncomeRatio": 0.0844867885,
    "eps": 2.8605,
    "epsdiluted": 2.8327,
    "weightedAverageShsOut": 122600000,
    "weightedAverageShsOutDil": 123800000,
    "link": "https://www.sec.gov/Archives/edgar/data/1316835/000095017024018584/0000950170-24-018584-index.htm",
    "finalLink": "https://www.sec.gov/Archives/edgar/data/1316835/000095017024018584/bldr-20231231.htm"
  },
  {
    "date": "2023-09-30",
    "symbol": "BLDR",
    "reportedCurrency": "USD",
    "cik": "0001316835",
    "fillingDate": "2023-11-01",
    "acceptedDate": "2023-11-01 12:45:29",
    "calendarYear": "2023",
    "period": "Q3",
    "revenue": 4534264000,
    "costOfRevenue": 2953162000,
    "grossProfit": 1581102000,
    "grossProfitRatio": 0.3487009138,
    "researchAndDevelopmentExpenses": 0,
    "generalAndAdministrativeExpenses": 0,
    "sellingAndMarketingExpenses": 0,
    "sellingGeneralAndAdministrativeExpenses": 939474000,
    "otherExpenses": 0,
    "operatingExpenses": 939474000,
    "costAndExpenses": 3892636000,
    "interestIncome": 0,
    "interestExpense": 50193000,
    "depreciationAndAmortization": 140611000,
    "ebitda": 782239000,
    "ebitdaratio": 0.1725173038,
    "operatingIncome": 641628000,
    "operatingIncomeRatio": 0.1415065378,
    "totalOtherIncomeExpensesNet": -50193000,
    "incomeBeforeTax": 591435000,
    "incomeBeforeTaxRatio": 0.130436825,
    "incomeTaxExpense": 139978000,
    "netIncome": 451457000,
    "netIncomeRatio": 0.0995656627,
    "eps": 3.62,
    "epsdiluted": 3.59,
    "weightedAverageShsOut": 124577000,
    "weightedAverageShsOutDil": 125792000,
    "link": "https://www.sec.gov/Archives/edgar/data/1316835/000095017023057261/0000950170-23-057261-index.htm",
    "finalLink": "https://www.sec.gov/Archives/edgar/data/1316835/000095017023057261/bldr-20230930.htm"
  },
  {
    "date": "2023-06-30",
    "symbol": "BLDR",
    "reportedCurrency": "USD",
    "cik": "0001316835",
    "fillingDate": "2023-08-02",
    "acceptedDate": "2023-08-02 12:08:38",
    "calendarYear": "2023",
    "period": "Q2",
    "revenue": 4528890000,
    "costOfRevenue": 2933944000,
    "grossProfit": 1594946000,
    "grossProfitRatio": 0.3521715034,
    "researchAndDevelopmentExpenses": 0,
    "generalAndAdministrativeExpenses": 0,
    "sellingAndMarketingExpenses": 0,
    "sellingGeneralAndAdministrativeExpenses": 1017874000,
    "otherExpenses": 0,
    "operatingExpenses": 1017874000,
    "costAndExpenses": 3951818000,
    "interestIncome": 0,
    "interestExpense": 53016000,
    "depreciationAndAmortization": 138966000,
    "ebitda": 716038000,
    "ebitdaratio": 0.1581045245,
    "operatingIncome": 577072000,
    "operatingIncomeRatio": 0.1274201846,
    "totalOtherIncomeExpensesNet": -53016000,
    "incomeBeforeTax": 524056000,
    "incomeBeforeTaxRatio": 0.115714005,
    "incomeTaxExpense": 119437000,
    "netIncome": 404619000,
    "netIncomeRatio": 0.0893417592,
    "eps": 3.19,
    "epsdiluted": 3.16,
    "weightedAverageShsOut": 126977000,
    "weightedAverageShsOutDil": 128066000,
    "link": "https://www.sec.gov/Archives/edgar/data/1316835/000095017023036892/0000950170-23-036892-index.htm",
    "finalLink": "https://www.sec.gov/Archives/edgar/data/1316835/000095017023036892/bldr-20230630.htm"
  },
  {
    "date": "2023-03-31",
    "symbol": "BLDR",
    "reportedCurrency": "USD",
    "cik": "0001316835",
    "fillingDate": "2023-05-03",
    "acceptedDate": "2023-05-03 12:26:48",
    "calendarYear": "2023",
    "period": "Q1",
    "revenue": 3883314000,
    "costOfRevenue": 2511914000,
    "grossProfit": 1371400000,
    "grossProfitRatio": 0.3531519728,
    "researchAndDevelopmentExpenses": 0,
    "generalAndAdministrativeExpenses": 0,
    "sellingAndMarketingExpenses": 0,
    "sellingGeneralAndAdministrativeExpenses": 904217000,
    "otherExpenses": 0,
    "operatingExpenses": 904217000,
    "costAndExpenses": 3416131000,
    "interestIncome": 0,
    "interestExpense": 42108000,
    "depreciationAndAmortization": 136549000,
    "ebitda": 603732000,
    "ebitdaratio": 0.1554682418,
    "operatingIncome": 467183000,
    "operatingIncomeRatio": 0.1203052341,
    "totalOtherIncomeExpensesNet": -42108000,
    "incomeBeforeTax": 425075000,
    "incomeBeforeTaxRatio": 0.1094619184,
    "incomeTaxExpense": 91289000,
    "netIncome": 333786000,
    "netIncomeRatio": 0.0859539043,
    "eps": 2.44,
    "epsdiluted": 2.41,
    "weightedAverageShsOut": 137074000,
    "weightedAverageShsOutDil": 138412000,
    "link": "https://www.sec.gov/Archives/edgar/data/1316835/000095017023016998/0000950170-23-016998-index.htm",
    "finalLink": "https://www.sec.gov/Archives/edgar/data/1316835/000095017023016998/bldr-20230331.htm"
  },
  {
    "date": "2022-12-31",
    "symbol": "BLDR",
    "reportedCurrency": "USD",
    "cik": "0001316835",
    "fillingDate": "2023-02-28",
    "acceptedDate": "2023-02-28 12:24:11",
    "calendarYear": "2022",
    "period": "Q4",
    "revenue": 4357565000,
    "costOfRevenue": 2872438000,
    "grossProfit": 1485127000,
    "grossProfitRatio": 0.3408157996,
    "researchAndDevelopmentExpenses": 0,
    "generalAndAdministrativeExpenses": 317322000,
    "sellingAndMarketingExpenses": 641800000,
    "sellingGeneralAndAdministrativeExpenses": 959122000,
    "otherExpenses": 0,
    "operatingExpenses": 959122000,
    "costAndExpenses": 3831560000,
    "interestIncome": 0,
    "interestExpense": 42233000,
    "depreciationAndAmortization": 141668000,
    "ebitda": 667673000,
    "ebitdaratio": 0.1532215813,
    "operatingIncome": 526005000,
    "operatingIncomeRatio": 0.1207107639,
    "totalOtherIncomeExpensesNet": -42233000,
    "incomeBeforeTax": 483772000,
    "incomeBeforeTaxRatio": 0.1110188833,
    "incomeTaxExpense": 99259000,
    "netIncome": 384513000,
    "netIncomeRatio": 0.0882403361,
    "eps": 2.57,
    "epsdiluted": 2.55,
    "weightedAverageShsOut": 145500000,
    "weightedAverageShsOutDil": 146800000,
    "link": "https://www.sec.gov/Archives/edgar/data/1316835/000095017023004939/0000950170-23-004939-index.htm",
    "finalLink": "https://www.sec.gov/Archives/edgar/data/1316835/000095017023004939/bldr-20221231.htm"
  },
  {
    "date": "2022-09-30",
    "symbol": "BLDR",
    "reportedCurrency": "USD",
    "cik": "0001316835",
    "fillingDate": "2022-11-08",
    "acceptedDate": "2022-11-08 12:57:27",
    "calendarYear": "2022",
    "period": "Q3",
    "revenue": 5761463000,
    "costOfRevenue": 3746731000,
    "grossProfit": 2014732000,
    "grossProfitRatio": 0.349691042,
    "researchAndDevelopmentExpenses": 0,
    "generalAndAdministrativeExpenses": 0,
    "sellingAndMarketingExpenses": 0,
    "sellingGeneralAndAdministrativeExpenses": 1000204000,
    "otherExpenses": 0,
    "operatingExpenses": 1000204000,
    "costAndExpenses": 4746935000,
    "interestIncome": 0,
    "interestExpense": 44111000,
    "depreciationAndAmortization": 125667000,
    "ebitda": 1140195000,
    "ebitdaratio": 0.1979002555,
    "operatingIncome": 1014528000,
    "operatingIncomeRatio": 0.176088608,
    "totalOtherIncomeExpensesNet": -44111000,
    "incomeBeforeTax": 970417000,
    "incomeBeforeTaxRatio": 0.168432393,
    "incomeTaxExpense": 232410000,
    "netIncome": 738007000,
    "netIncomeRatio": 0.1280936804,
    "eps": 4.75,
    "epsdiluted": 4.72,
    "weightedAverageShsOut": 155309000,
    "weightedAverageShsOutDil": 156493000,
    "link": "https://www.sec.gov/Archives/edgar/data/1316835/000095017022023056/0000950170-22-023056-index.htm",
    "finalLink": "https://www.sec.gov/Archives/edgar/data/1316835/000095017022023056/bldr-20220930.htm"
  },
  {
    "date": "2022-06-30",
    "symbol": "BLDR",
    "reportedCurrency": "USD",
    "cik": "0001316835",
    "fillingDate": "2022-08-01",
    "acceptedDate": "2022-08-01 13:21:00",
    "calendarYear": "2022",
    "period": "Q2",
    "revenue": 6926259000,
    "costOfRevenue": 4514112000,
    "grossProfit": 2412147000,
    "grossProfitRatio": 0.3482611609,
    "researchAndDevelopmentExpenses": 0,
    "generalAndAdministrativeExpenses": 0,
    "sellingAndMarketingExpenses": 0,
    "sellingGeneralAndAdministrativeExpenses": 1046279000,
    "otherExpenses": 0,
    "operatingExpenses": 1046279000,
    "costAndExpenses": 5560391000,
    "interestIncome": 0,
    "interestExpense": 70715000,
    "depreciationAndAmortization": 117859000,
    "ebitda": 1483727000,
    "ebitdaratio": 0.2142176606,
    "operatingIncome": 1365868000,
    "operatingIncomeRatio": 0.1972014041,
    "totalOtherIncomeExpensesNet": -70715000,
    "incomeBeforeTax": 1295153000,
    "incomeBeforeTaxRatio": 0.1869917079,
    "incomeTaxExpense": 307944000,
    "netIncome": 987209000,
    "netIncomeRatio": 0.1425313434,
    "eps": 5.79,
    "epsdiluted": 5.75,
    "weightedAverageShsOut": 170378000,
    "weightedAverageShsOutDil": 171549000,
    "link": "https://www.sec.gov/Archives/edgar/data/1316835/000095017022013626/0000950170-22-013626-index.htm",
    "finalLink": "https://www.sec.gov/Archives/edgar/data/1316835/000095017022013626/bldr-20220630.htm"
  },
  {
    "date": "2022-03-31",
    "symbol": "BLDR",
    "reportedCurrency": "USD",
    "cik": "0001316835",
    "fillingDate": "2022-05-10",
    "acceptedDate": "2022-05-10 12:16:15",
    "calendarYear": "2022",
    "period": "Q1",
    "revenue": 5681131000,
    "costOfRevenue": 3848758000,
    "grossProfit": 1832373000,
    "grossProfitRatio": 0.3225366569,
    "researchAndDevelopmentExpenses": 0,
    "generalAndAdministrativeExpenses": 0,
    "sellingAndMarketingExpenses": 0,
    "sellingGeneralAndAdministrativeExpenses": 968568000,
    "otherExpenses": 0,
    "operatingExpenses": 968568000,
    "costAndExpenses": 4817326000,
    "interestIncome": 0,
    "interestExpense": 41314000,
    "depreciationAndAmortization": 111946000,
    "ebitda": 975751000,
    "ebitdaratio": 0.1717529485,
    "operatingIncome": 863805000,
    "operatingIncomeRatio": 0.1520480693,
    "totalOtherIncomeExpensesNet": -41314000,
    "incomeBeforeTax": 822491000,
    "incomeBeforeTaxRatio": 0.1447759258,
    "incomeTaxExpense": 182851000,
    "netIncome": 639640000,
    "netIncomeRatio": 0.1125902571,
    "eps": 3.61,
    "epsdiluted": 3.56,
    "weightedAverageShsOut": 177120000,
    "weightedAverageShsOutDil": 179546000,
    "link": "https://www.sec.gov/Archives/edgar/data/1316835/000156459022019150/0001564590-22-019150-index.htm",
    "finalLink": "https://www.sec.gov/Archives/edgar/data/1316835/000156459022019150/bldr-10q_20220331.htm"
  },
  {
    "date": "2021-12-31",
    "symbol": "BLDR",
    "reportedCurrency": "USD",
    "cik": "0001316835",
    "fillingDate": "2022-03-01",
    "acceptedDate": "2022-03-01 14:52:03",
    "calendarYear": "2021",
    "period": "Q4",
    "revenue": 4634809000,
    "costOfRevenue": 3149009000,
    "grossProfit": 1485800000,
    "grossProfitRatio": 0.3205741596,
    "researchAndDevelopmentExpenses": 0,
    "generalAndAdministrativeExpenses": 351210000,
    "sellingAndMarketingExpenses": 512800000,
    "sellingGeneralAndAdministrativeExpenses": 864010000,
    "otherExpenses": 0,
    "operatingExpenses": 864010000,
    "costAndExpenses": 4013019000,
    "interestIncome": 0,
    "interestExpense": 40284000,
    "depreciationAndAmortization": 145852000,
    "ebitda": 767642000,
    "ebitdaratio": 0.1656253796,
    "operatingIncome": 621790000,
    "operatingIncomeRatio": 0.1341565532,
    "totalOtherIncomeExpensesNet": -40284000,
    "incomeBeforeTax": 581506000,
    "incomeBeforeTaxRatio": 0.1254649329,
    "incomeTaxExpense": 139050000,
    "netIncome": 442456000,
    "netIncomeRatio": 0.0954636966,
    "eps": 2.33,
    "epsdiluted": 2.31,
    "weightedAverageShsOut": 189563000,
    "weightedAverageShsOutDil": 191474000,
    "link": "https://www.sec.gov/Archives/edgar/data/1316835/000156459022007980/0001564590-22-007980-index.htm",
    "finalLink": "https://www.sec.gov/Archives/edgar/data/1316835/000156459022007980/bldr-10k_20211231.htm"
  },
  {
    "date": "2021-09-30",
    "symbol": "BLDR",
    "reportedCurrency": "USD",
    "cik": "0001316835",
    "fillingDate": "2021-11-04",
    "acceptedDate": "2021-11-04 15:14:19",
    "calendarYear": "2021",
    "period": "Q3",
    "revenue": 5508590000,
    "costOfRevenue": 3796138000,
    "grossProfit": 1712452000,
    "grossProfitRatio": 0.3108693876,
    "researchAndDevelopmentExpenses": 0,
    "generalAndAdministrativeExpenses": 0,
    "sellingAndMarketingExpenses": 0,
    "sellingGeneralAndAdministrativeExpenses": 875012000,
    "otherExpenses": 0,
    "operatingExpenses": 875012000,
    "costAndExpenses": 4671150000,
    "interestIncome": 0,
    "interestExpense": 35954000,
    "depreciationAndAmortization": 140000000,
    "ebitda": 977387000,
    "ebitdaratio": 0.1774296145,
    "operatingIncome": 837440000,
    "operatingIncomeRatio": 0.1520243837,
    "totalOtherIncomeExpensesNet": -35954000,
    "incomeBeforeTax": 801486000,
    "incomeBeforeTaxRatio": 0.1454974867,
    "incomeTaxExpense": 188341000,
    "netIncome": 613145000,
    "netIncomeRatio": 0.1113070677,
    "eps": 3,
    "epsdiluted": 2.98,
    "weightedAverageShsOut": 204268000,
    "weightedAverageShsOutDil": 205630000,
    "link": "https://www.sec.gov/Archives/edgar/data/1316835/000156459021054434/0001564590-21-054434-index.htm",
    "finalLink": "https://www.sec.gov/Archives/edgar/data/1316835/000156459021054434/bldr-10q_20210930.htm"
  },
  {
    "date": "2021-06-30",
    "symbol": "BLDR",
    "reportedCurrency": "USD",
    "cik": "0001316835",
    "fillingDate": "2021-08-05",
    "acceptedDate": "2021-08-05 15:50:33",
    "calendarYear": "2021",
    "period": "Q2",
    "revenue": 5576682000,
    "costOfRevenue": 3993531000,
    "grossProfit": 1583151000,
    "grossProfitRatio": 0.2838876235,
    "researchAndDevelopmentExpenses": 0,
    "generalAndAdministrativeExpenses": 0,
    "sellingAndMarketingExpenses": 0,
    "sellingGeneralAndAdministrativeExpenses": 902913000,
    "otherExpenses": 0,
    "operatingExpenses": 902913000,
    "costAndExpenses": 4896444000,
    "interestIncome": 0,
    "interestExpense": 27795000,
    "depreciationAndAmortization": 127222000,
    "ebitda": 807460000,
    "ebitdaratio": 0.1447921901,
    "operatingIncome": 680238000,
    "operatingIncomeRatio": 0.1219789832,
    "totalOtherIncomeExpensesNet": -27795000,
    "incomeBeforeTax": 652443000,
    "incomeBeforeTaxRatio": 0.1169948367,
    "incomeTaxExpense": 155208000,
    "netIncome": 497235000,
    "netIncomeRatio": 0.0891632336,
    "eps": 2.4,
    "epsdiluted": 2.39,
    "weightedAverageShsOut": 207114000,
    "weightedAverageShsOutDil": 208318000,
    "link": "https://www.sec.gov/Archives/edgar/data/1316835/000156459021041550/0001564590-21-041550-index.htm",
    "finalLink": "https://www.sec.gov/Archives/edgar/data/1316835/000156459021041550/bldr-10q_20210630.htm"
  },
  {
    "date": "2021-03-31",
    "symbol": "BLDR",
    "reportedCurrency": "USD",
    "cik": "0001316835",
    "fillingDate": "2021-05-06",
    "acceptedDate": "2021-05-06 15:27:22",
    "calendarYear": "2021",
    "period": "Q1",
    "revenue": 4173775000,
    "costOfRevenue": 3104221000,
    "grossProfit": 1069554000,
    "grossProfitRatio": 0.2562557876,
    "researchAndDevelopmentExpenses": 0,
    "generalAndAdministrativeExpenses": 0,
    "sellingAndMarketingExpenses": 0,
    "sellingGeneralAndAdministrativeExpenses": 821598000,
    "otherExpenses": 0,
    "operatingExpenses": 821598000,
    "costAndExpenses": 3925819000,
    "interestIncome": 0,
    "interestExpense": 31844000,
    "depreciationAndAmortization": 134331000,
    "ebitda": 382287000,
    "ebitdaratio": 0.091592623,
    "operatingIncome": 247956000,
    "operatingIncomeRatio": 0.0594080898,
    "totalOtherIncomeExpensesNet": -31844000,
    "incomeBeforeTax": 216112000,
    "incomeBeforeTaxRatio": 0.0517785458,
    "incomeTaxExpense": 43532000,
    "netIncome": 172580000,
    "netIncomeRatio": 0.0413486592,
    "eps": 0.84,
    "epsdiluted": 0.83,
    "weightedAverageShsOut": 206571000,
    "weightedAverageShsOutDil": 208624000,
    "link": "https://www.sec.gov/Archives/edgar/data/1316835/000156459021024887/0001564590-21-024887-index.htm",
    "finalLink": "https://www.sec.gov/Archives/edgar/data/1316835/000156459021024887/bldr-10q_20210331.htm"
  },
  {
    "date": "2020-12-31",
    "symbol": "BLDR",
    "reportedCurrency": "USD",
    "cik": "0001316835",
    "fillingDate": "2021-02-26",
    "acceptedDate": "2021-02-26 13:14:08",
    "calendarYear": "2020",
    "period": "Q4",
    "revenue": 2530760000,
    "costOfRevenue": 1861572000,
    "grossProfit": 669188000,
    "grossProfitRatio": 0.2644217547,
    "researchAndDevelopmentExpenses": 0,
    "generalAndAdministrativeExpenses": 85094000,
    "sellingAndMarketingExpenses": 347700000,
    "sellingGeneralAndAdministrativeExpenses": 432794000,
    "otherExpenses": 22500000,
    "operatingExpenses": 455294000,
    "costAndExpenses": 2316866000,
    "interestIncome": 0,
    "interestExpense": 28902000,
    "depreciationAndAmortization": 29268000,
    "ebitda": 243162000,
    "ebitdaratio": 0.0960825997,
    "operatingIncome": 213894000,
    "operatingIncomeRatio": 0.0845176943,
    "totalOtherIncomeExpensesNet": -28902000,
    "incomeBeforeTax": 184992000,
    "incomeBeforeTaxRatio": 0.0730974095,
    "incomeTaxExpense": 45078000,
    "netIncome": 139914000,
    "netIncomeRatio": 0.0552853688,
    "eps": 1.1977,
    "epsdiluted": 1.1798,
    "weightedAverageShsOut": 116819000,
    "weightedAverageShsOutDil": 118591000,
    "link": "https://www.sec.gov/Archives/edgar/data/1316835/000156459021009308/0001564590-21-009308-index.htm",
    "finalLink": "https://www.sec.gov/Archives/edgar/data/1316835/000156459021009308/bldr-10k_20201231.htm"
  },
  {
    "date": "2020-09-30",
    "symbol": "BLDR",
    "reportedCurrency": "USD",
    "cik": "0001316835",
    "fillingDate": "2020-10-30",
    "acceptedDate": "2020-10-30 15:25:30",
    "calendarYear": "2020",
    "period": "Q3",
    "revenue": 2295450000,
    "costOfRevenue": 1724799000,
    "grossProfit": 570651000,
    "grossProfitRatio": 0.2486009279,
    "researchAndDevelopmentExpenses": 0,
    "generalAndAdministrativeExpenses": 430893000,
    "sellingAndMarketingExpenses": 0,
    "sellingGeneralAndAdministrativeExpenses": 430893000,
    "otherExpenses": 0,
    "operatingExpenses": 430893000,
    "costAndExpenses": 2155692000,
    "interestIncome": 0,
    "interestExpense": 28043000,
    "depreciationAndAmortization": 29423000,
    "ebitda": 169181000,
    "ebitdaratio": 0.0737027598,
    "operatingIncome": 139758000,
    "operatingIncomeRatio": 0.0608847938,
    "totalOtherIncomeExpensesNet": -28043000,
    "incomeBeforeTax": 111715000,
    "incomeBeforeTaxRatio": 0.0486680172,
    "incomeTaxExpense": 25783000,
    "netIncome": 85932000,
    "netIncomeRatio": 0.0374357969,
    "eps": 0.74,
    "epsdiluted": 0.73,
    "weightedAverageShsOut": 116731000,
    "weightedAverageShsOutDil": 118026000,
    "link": "https://www.sec.gov/Archives/edgar/data/1316835/000156459020049281/0001564590-20-049281-index.htm",
    "finalLink": "https://www.sec.gov/Archives/edgar/data/1316835/000156459020049281/bldr-10q_20200930.htm"
  },
  {
    "date": "2020-06-30",
    "symbol": "BLDR",
    "reportedCurrency": "USD",
    "cik": "0001316835",
    "fillingDate": "2020-07-31",
    "acceptedDate": "2020-07-31 15:16:14",
    "calendarYear": "2020",
    "period": "Q2",
    "revenue": 1945643000,
    "costOfRevenue": 1428311000,
    "grossProfit": 517332000,
    "grossProfitRatio": 0.265892561,
    "researchAndDevelopmentExpenses": 0,
    "generalAndAdministrativeExpenses": 388077000,
    "sellingAndMarketingExpenses": 0,
    "sellingGeneralAndAdministrativeExpenses": 388077000,
    "otherExpenses": 0,
    "operatingExpenses": 388077000,
    "costAndExpenses": 1816388000,
    "interestIncome": 0,
    "interestExpense": 26812000,
    "depreciationAndAmortization": 28475000,
    "ebitda": 157730000,
    "ebitdaratio": 0.0810683152,
    "operatingIncome": 129255000,
    "operatingIncomeRatio": 0.0664330507,
    "totalOtherIncomeExpensesNet": -26812000,
    "incomeBeforeTax": 102443000,
    "incomeBeforeTaxRatio": 0.0526525164,
    "incomeTaxExpense": 23519000,
    "netIncome": 78924000,
    "netIncomeRatio": 0.0405644818,
    "eps": 0.68,
    "epsdiluted": 0.67,
    "weightedAverageShsOut": 116634000,
    "weightedAverageShsOutDil": 117547000,
    "link": "https://www.sec.gov/Archives/edgar/data/1316835/000156459020035155/0001564590-20-035155-index.htm",
    "finalLink": "https://www.sec.gov/Archives/edgar/data/1316835/000156459020035155/bldr-10q_20200630.htm"
  },
  {
    "date": "2020-03-31",
    "symbol": "BLDR",
    "reportedCurrency": "USD",
    "cik": "0001316835",
    "fillingDate": "2020-05-01",
    "acceptedDate": "2020-05-01 13:58:01",
    "calendarYear": "2020",
    "period": "Q1",
    "revenue": 1787021000,
    "costOfRevenue": 1321608000,
    "grossProfit": 465413000,
    "grossProfitRatio": 0.2604406999,
    "researchAndDevelopmentExpenses": 0,
    "generalAndAdministrativeExpenses": 404466000,
    "sellingAndMarketingExpenses": 0,
    "sellingGeneralAndAdministrativeExpenses": 404466000,
    "otherExpenses": 0,
    "operatingExpenses": 404466000,
    "costAndExpenses": 1726074000,
    "interestIncome": 0,
    "interestExpense": 51931000,
    "depreciationAndAmortization": 29400000,
    "ebitda": 90347000,
    "ebitdaratio": 0.0505573242,
    "operatingIncome": 60947000,
    "operatingIncomeRatio": 0.0341053631,
    "totalOtherIncomeExpensesNet": -51931000,
    "incomeBeforeTax": 9016000,
    "incomeBeforeTaxRatio": 0.0050452681,
    "incomeTaxExpense": 249000,
    "netIncome": 8767000,
    "netIncomeRatio": 0.00490593,
    "eps": 0.0754,
    "epsdiluted": 0.0746,
    "weightedAverageShsOut": 116258000,
    "weightedAverageShsOutDil": 117494000,
    "link": "https://www.sec.gov/Archives/edgar/data/1316835/000156459020020447/0001564590-20-020447-index.htm",
    "finalLink": "https://www.sec.gov/Archives/edgar/data/1316835/000156459020020447/bldr-10q_20200331.htm"
  },
  {
    "date": "2019-12-31",
    "symbol": "BLDR",
    "reportedCurrency": "USD",
    "cik": "0001316835",
    "fillingDate": "2020-02-21",
    "acceptedDate": "2020-02-21 14:54:11",
    "calendarYear": "2019",
    "period": "Q4",
    "revenue": 1763573000,
    "costOfRevenue": 1287017000,
    "grossProfit": 476556000,
    "grossProfitRatio": 0.2702218734,
    "researchAndDevelopmentExpenses": 0,
    "generalAndAdministrativeExpenses": 68918000,
    "sellingAndMarketingExpenses": 332500000,
    "sellingGeneralAndAdministrativeExpenses": 401418000,
    "otherExpenses": 0,
    "operatingExpenses": 401418000,
    "costAndExpenses": 1688435000,
    "interestIncome": 0,
    "interestExpense": 27480000,
    "depreciationAndAmortization": 28267000,
    "ebitda": 103405000,
    "ebitdaratio": 0.0586338076,
    "operatingIncome": 75138000,
    "operatingIncomeRatio": 0.0426055513,
    "totalOtherIncomeExpensesNet": -27480000,
    "incomeBeforeTax": 47658000,
    "incomeBeforeTaxRatio": 0.0270235482,
    "incomeTaxExpense": 6291000,
    "netIncome": 41367000,
    "netIncomeRatio": 0.0234563582,
    "eps": 0.36,
    "epsdiluted": 0.35,
    "weightedAverageShsOut": 115932000,
    "weightedAverageShsOutDil": 117483000,
    "link": "https://www.sec.gov/Archives/edgar/data/1316835/000156459020005717/0001564590-20-005717-index.htm",
    "finalLink": "https://www.sec.gov/Archives/edgar/data/1316835/000156459020005717/bldr-10k_20191231.htm"
  },
  {
    "date": "2019-09-30",
    "symbol": "BLDR",
    "reportedCurrency": "USD",
    "cik": "0001316835",
    "fillingDate": "2019-11-01",
    "acceptedDate": "2019-11-01 15:59:40",
    "calendarYear": "2019",
    "period": "Q3",
    "revenue": 1981035000,
    "costOfRevenue": 1439893000,
    "grossProfit": 541142000,
    "grossProfitRatio": 0.2731612516,
    "researchAndDevelopmentExpenses": 0,
    "generalAndAdministrativeExpenses": 411510000,
    "sellingAndMarketingExpenses": 0,
    "sellingGeneralAndAdministrativeExpenses": 411510000,
    "otherExpenses": 0,
    "operatingExpenses": 411510000,
    "costAndExpenses": 1851403000,
    "interestIncome": 0,
    "interestExpense": 27788000,
    "depreciationAndAmortization": 24381000,
    "ebitda": 154013000,
    "ebitdaratio": 0.0777437047,
    "operatingIncome": 129632000,
    "operatingIncomeRatio": 0.0654365016,
    "totalOtherIncomeExpensesNet": -27788000,
    "incomeBeforeTax": 101844000,
    "incomeBeforeTaxRatio": 0.0514094905,
    "incomeTaxExpense": 23714000,
    "netIncome": 78130000,
    "netIncomeRatio": 0.0394389801,
    "eps": 0.68,
    "epsdiluted": 0.67,
    "weightedAverageShsOut": 115732000,
    "weightedAverageShsOutDil": 117154000,
    "link": "https://www.sec.gov/Archives/edgar/data/1316835/000156459019039409/0001564590-19-039409-index.htm",
    "finalLink": "https://www.sec.gov/Archives/edgar/data/1316835/000156459019039409/bldr-10q_20190930.htm"
  },
  {
    "date": "2019-06-30",
    "symbol": "BLDR",
    "reportedCurrency": "USD",
    "cik": "0001316835",
    "fillingDate": "2019-08-02",
    "acceptedDate": "2019-08-02 13:54:16",
    "calendarYear": "2019",
    "period": "Q2",
    "revenue": 1904523000,
    "costOfRevenue": 1387367000,
    "grossProfit": 517156000,
    "grossProfitRatio": 0.271540958,
    "researchAndDevelopmentExpenses": 0,
    "generalAndAdministrativeExpenses": 401511000,
    "sellingAndMarketingExpenses": 0,
    "sellingGeneralAndAdministrativeExpenses": 401511000,
    "otherExpenses": 0,
    "operatingExpenses": 401511000,
    "costAndExpenses": 1788878000,
    "interestIncome": 0,
    "interestExpense": 29382000,
    "depreciationAndAmortization": 23814000,
    "ebitda": 139459000,
    "ebitdaratio": 0.0732251593,
    "operatingIncome": 115645000,
    "operatingIncomeRatio": 0.060721241,
    "totalOtherIncomeExpensesNet": -29382000,
    "incomeBeforeTax": 86263000,
    "incomeBeforeTaxRatio": 0.045293756,
    "incomeTaxExpense": 19659000,
    "netIncome": 66604000,
    "netIncomeRatio": 0.0349714863,
    "eps": 0.58,
    "epsdiluted": 0.57,
    "weightedAverageShsOut": 115757000,
    "weightedAverageShsOutDil": 116919000,
    "link": "https://www.sec.gov/Archives/edgar/data/1316835/000156459019028274/0001564590-19-028274-index.htm",
    "finalLink": "https://www.sec.gov/Archives/edgar/data/1316835/000156459019028274/bldr-10q_20190630.htm"
  },
  {
    "date": "2019-03-31",
    "symbol": "BLDR",
    "reportedCurrency": "USD",
    "cik": "0001316835",
    "fillingDate": "2019-05-03",
    "acceptedDate": "2019-05-03 12:27:08",
    "calendarYear": "2019",
    "period": "Q1",
    "revenue": 1631300000,
    "costOfRevenue": 1189325000,
    "grossProfit": 441975000,
    "grossProfitRatio": 0.2709342242,
    "researchAndDevelopmentExpenses": 0,
    "generalAndAdministrativeExpenses": 370084000,
    "sellingAndMarketingExpenses": 0,
    "sellingGeneralAndAdministrativeExpenses": 370084000,
    "otherExpenses": 0,
    "operatingExpenses": 370084000,
    "costAndExpenses": 1559409000,
    "interestIncome": 0,
    "interestExpense": 24901000,
    "depreciationAndAmortization": 23576000,
    "ebitda": 95467000,
    "ebitdaratio": 0.0585220376,
    "operatingIncome": 71891000,
    "operatingIncomeRatio": 0.0440697603,
    "totalOtherIncomeExpensesNet": -24901000,
    "incomeBeforeTax": 46990000,
    "incomeBeforeTaxRatio": 0.0288052473,
    "incomeTaxExpense": 11282000,
    "netIncome": 35708000,
    "netIncomeRatio": 0.0218892907,
    "eps": 0.31,
    "epsdiluted": 0.31,
    "weightedAverageShsOut": 115425000,
    "weightedAverageShsOutDil": 116531000,
    "link": "https://www.sec.gov/Archives/edgar/data/1316835/000156459019015572/0001564590-19-015572-index.htm",
    "finalLink": "https://www.sec.gov/Archives/edgar/data/1316835/000156459019015572/bldr-10q_20190331.htm"
  },
  {
    "date": "2018-12-31",
    "symbol": "BLDR",
    "reportedCurrency": "USD",
    "cik": "0001316835",
    "fillingDate": "2019-03-01",
    "acceptedDate": "2019-03-01 14:40:19",
    "calendarYear": "2018",
    "period": "Q4",
    "revenue": 1815980000,
    "costOfRevenue": 1323201000,
    "grossProfit": 492779000,
    "grossProfitRatio": 0.2713570634,
    "researchAndDevelopmentExpenses": 0,
    "generalAndAdministrativeExpenses": 79402000,
    "sellingAndMarketingExpenses": 322900000,
    "sellingGeneralAndAdministrativeExpenses": 402302000,
    "otherExpenses": 0,
    "operatingExpenses": 402302000,
    "costAndExpenses": 1725503000,
    "interestIncome": 0,
    "interestExpense": 23408000,
    "depreciationAndAmortization": 25215000,
    "ebitda": 115692000,
    "ebitdaratio": 0.0637077501,
    "operatingIncome": 90477000,
    "operatingIncomeRatio": 0.0498226853,
    "totalOtherIncomeExpensesNet": -23408000,
    "incomeBeforeTax": 67069000,
    "incomeBeforeTaxRatio": 0.0369326755,
    "incomeTaxExpense": 15048000,
    "netIncome": 52021000,
    "netIncomeRatio": 0.0286462406,
    "eps": 0.45,
    "epsdiluted": 0.45,
    "weightedAverageShsOut": 114898000,
    "weightedAverageShsOutDil": 116375000,
    "link": "https://www.sec.gov/Archives/edgar/data/1316835/000156459019005770/0001564590-19-005770-index.htm",
    "finalLink": "https://www.sec.gov/Archives/edgar/data/1316835/000156459019005770/bldr-10k_20181231.htm"
  },
  {
    "date": "2018-09-30",
    "symbol": "BLDR",
    "reportedCurrency": "USD",
    "cik": "0001316835",
    "fillingDate": "2018-11-02",
    "acceptedDate": "2018-11-02 13:41:48",
    "calendarYear": "2018",
    "period": "Q3",
    "revenue": 2118467000,
    "costOfRevenue": 1595686000,
    "grossProfit": 522781000,
    "grossProfitRatio": 0.2467732563,
    "researchAndDevelopmentExpenses": 0,
    "generalAndAdministrativeExpenses": 400993000,
    "sellingAndMarketingExpenses": 0,
    "sellingGeneralAndAdministrativeExpenses": 400993000,
    "otherExpenses": 0,
    "operatingExpenses": 400993000,
    "costAndExpenses": 1996679000,
    "interestIncome": 0,
    "interestExpense": 29106000,
    "depreciationAndAmortization": 25104000,
    "ebitda": 146892000,
    "ebitdaratio": 0.0693388191,
    "operatingIncome": 121788000,
    "operatingIncomeRatio": 0.0574887407,
    "totalOtherIncomeExpensesNet": -29106000,
    "incomeBeforeTax": 92682000,
    "incomeBeforeTaxRatio": 0.0437495604,
    "incomeTaxExpense": 19354000,
    "netIncome": 73328000,
    "netIncomeRatio": 0.0346137089,
    "eps": 0.64,
    "epsdiluted": 0.63,
    "weightedAverageShsOut": 114707000,
    "weightedAverageShsOutDil": 116456000,
    "link": "https://www.sec.gov/Archives/edgar/data/1316835/000156459018026435/0001564590-18-026435-index.htm",
    "finalLink": "https://www.sec.gov/Archives/edgar/data/1316835/000156459018026435/bldr-10q_20180930.htm"
  },
  {
    "date": "2018-06-30",
    "symbol": "BLDR",
    "reportedCurrency": "USD",
    "cik": "0001316835",
    "fillingDate": "2018-08-08",
    "acceptedDate": "2018-08-08 14:03:51",
    "calendarYear": "2018",
    "period": "Q2",
    "revenue": 2089888000,
    "costOfRevenue": 1593560000,
    "grossProfit": 496328000,
    "grossProfitRatio": 0.2374902387,
    "researchAndDevelopmentExpenses": 0,
    "generalAndAdministrativeExpenses": 391769000,
    "sellingAndMarketingExpenses": 0,
    "sellingGeneralAndAdministrativeExpenses": 391769000,
    "otherExpenses": 0,
    "operatingExpenses": 391769000,
    "costAndExpenses": 1985329000,
    "interestIncome": 0,
    "interestExpense": 28957000,
    "depreciationAndAmortization": 24768000,
    "ebitda": 129327000,
    "ebitdaratio": 0.0618822635,
    "operatingIncome": 104559000,
    "operatingIncomeRatio": 0.0500309107,
    "totalOtherIncomeExpensesNet": -28957000,
    "incomeBeforeTax": 75602000,
    "incomeBeforeTaxRatio": 0.0361751443,
    "incomeTaxExpense": 18980000,
    "netIncome": 56622000,
    "netIncomeRatio": 0.0270933179,
    "eps": 0.49,
    "epsdiluted": 0.49,
    "weightedAverageShsOut": 114636000,
    "weightedAverageShsOutDil": 116693000,
    "link": "https://www.sec.gov/Archives/edgar/data/1316835/000156459018020339/0001564590-18-020339-index.htm",
    "finalLink": "https://www.sec.gov/Archives/edgar/data/1316835/000156459018020339/bldr-10q_20180630.htm"
  },
  {
    "date": "2018-03-31",
    "symbol": "BLDR",
    "reportedCurrency": "USD",
    "cik": "0001316835",
    "fillingDate": "2018-05-10",
    "acceptedDate": "2018-05-10 15:13:29",
    "calendarYear": "2018",
    "period": "Q1",
    "revenue": 1700436000,
    "costOfRevenue": 1289384000,
    "grossProfit": 411052000,
    "grossProfitRatio": 0.2417332966,
    "researchAndDevelopmentExpenses": 0,
    "generalAndAdministrativeExpenses": 358908000,
    "sellingAndMarketingExpenses": 0,
    "sellingGeneralAndAdministrativeExpenses": 358908000,
    "otherExpenses": 0,
    "operatingExpenses": 358908000,
    "costAndExpenses": 1648292000,
    "interestIncome": 0,
    "interestExpense": 26742000,
    "depreciationAndAmortization": 22819000,
    "ebitda": 74963000,
    "ebitdaratio": 0.044084576,
    "operatingIncome": 52144000,
    "operatingIncomeRatio": 0.0306650765,
    "totalOtherIncomeExpensesNet": -26742000,
    "incomeBeforeTax": 25402000,
    "incomeBeforeTaxRatio": 0.0149385216,
    "incomeTaxExpense": 2182000,
    "netIncome": 23220000,
    "netIncomeRatio": 0.0136553213,
    "eps": 0.2,
    "epsdiluted": 0.2,
    "weightedAverageShsOut": 114090000,
    "weightedAverageShsOutDil": 116696000,
    "link": "https://www.sec.gov/Archives/edgar/data/1316835/000156459018012890/0001564590-18-012890-index.htm",
    "finalLink": "https://www.sec.gov/Archives/edgar/data/1316835/000156459018012890/bldr-10q_20180331.htm"
  },
  {
    "date": "2017-12-31",
    "symbol": "BLDR",
    "reportedCurrency": "USD",
    "cik": "0001316835",
    "fillingDate": "2018-03-01",
    "acceptedDate": "2018-03-01 13:27:25",
    "calendarYear": "2017",
    "period": "Q4",
    "revenue": 1778939000,
    "costOfRevenue": 1347719000,
    "grossProfit": 431220000,
    "grossProfitRatio": 0.2424029154,
    "researchAndDevelopmentExpenses": 0,
    "generalAndAdministrativeExpenses": 70419000,
    "sellingAndMarketingExpenses": 296200000,
    "sellingGeneralAndAdministrativeExpenses": 366619000,
    "otherExpenses": 0,
    "operatingExpenses": 366419000,
    "costAndExpenses": 1714138000,
    "interestIncome": 0,
    "interestExpense": 89471000,
    "depreciationAndAmortization": 22197000,
    "ebitda": 86998000,
    "ebitdaratio": 0.0489044312,
    "operatingIncome": 64801000,
    "operatingIncomeRatio": 0.036426769,
    "totalOtherIncomeExpensesNet": -89471000,
    "incomeBeforeTax": -24670000,
    "incomeBeforeTaxRatio": -0.0138678167,
    "incomeTaxExpense": 18031000,
    "netIncome": -42701000,
    "netIncomeRatio": -0.0240036336,
    "eps": -0.38,
    "epsdiluted": -0.38,
    "weightedAverageShsOut": 113239000,
    "weightedAverageShsOutDil": 113239000,
    "link": "https://www.sec.gov/Archives/edgar/data/1316835/000156459018004035/0001564590-18-004035-index.htm",
    "finalLink": "https://www.sec.gov/Archives/edgar/data/1316835/000156459018004035/bldr-10k_20171231.htm"
  },
  {
    "date": "2017-09-30",
    "symbol": "BLDR",
    "reportedCurrency": "USD",
    "cik": "0001316835",
    "fillingDate": "2017-11-09",
    "acceptedDate": "2017-11-09 14:24:53",
    "calendarYear": "2017",
    "period": "Q3",
    "revenue": 1878909000,
    "costOfRevenue": 1419587000,
    "grossProfit": 459322000,
    "grossProfitRatio": 0.2444620788,
    "researchAndDevelopmentExpenses": 0,
    "generalAndAdministrativeExpenses": 370638000,
    "sellingAndMarketingExpenses": 0,
    "sellingGeneralAndAdministrativeExpenses": 370638000,
    "otherExpenses": 0,
    "operatingExpenses": 370638000,
    "costAndExpenses": 1790225000,
    "interestIncome": 0,
    "interestExpense": 33836000,
    "depreciationAndAmortization": 23031000,
    "ebitda": 111715000,
    "ebitdaratio": 0.0594573766,
    "operatingIncome": 88684000,
    "operatingIncomeRatio": 0.0471997313,
    "totalOtherIncomeExpensesNet": -33836000,
    "incomeBeforeTax": 54848000,
    "incomeBeforeTaxRatio": 0.0291914084,
    "incomeTaxExpense": 15098000,
    "netIncome": 39750000,
    "netIncomeRatio": 0.0211558942,
    "eps": 0.35,
    "epsdiluted": 0.34,
    "weightedAverageShsOut": 112688000,
    "weightedAverageShsOutDil": 115871000,
    "link": "https://www.sec.gov/Archives/edgar/data/1316835/000156459017023142/0001564590-17-023142-index.htm",
    "finalLink": "https://www.sec.gov/Archives/edgar/data/1316835/000156459017023142/bldr-10q_20170930.htm"
  },
  {
    "date": "2017-06-30",
    "symbol": "BLDR",
    "reportedCurrency": "USD",
    "cik": "0001316835",
    "fillingDate": "2017-08-04",
    "acceptedDate": "2017-08-04 14:24:08",
    "calendarYear": "2017",
    "period": "Q2",
    "revenue": 1843297000,
    "costOfRevenue": 1382500000,
    "grossProfit": 460797000,
    "grossProfitRatio": 0.2499852167,
    "researchAndDevelopmentExpenses": 0,
    "generalAndAdministrativeExpenses": 369456000,
    "sellingAndMarketingExpenses": 0,
    "sellingGeneralAndAdministrativeExpenses": 369456000,
    "otherExpenses": 0,
    "operatingExpenses": 369456000,
    "costAndExpenses": 1751956000,
    "interestIncome": 0,
    "interestExpense": 33710000,
    "depreciationAndAmortization": 24173000,
    "ebitda": 115514000,
    "ebitdaratio": 0.062667058,
    "operatingIncome": 91341000,
    "operatingIncomeRatio": 0.0495530563,
    "totalOtherIncomeExpensesNet": -33710000,
    "incomeBeforeTax": 57631000,
    "incomeBeforeTaxRatio": 0.0312651732,
    "incomeTaxExpense": 19721000,
    "netIncome": 37910000,
    "netIncomeRatio": 0.020566409,
    "eps": 0.34,
    "epsdiluted": 0.33,
    "weightedAverageShsOut": 112443000,
    "weightedAverageShsOutDil": 115465000,
    "link": "https://www.sec.gov/Archives/edgar/data/1316835/000156459017015617/0001564590-17-015617-index.htm",
    "finalLink": "https://www.sec.gov/Archives/edgar/data/1316835/000156459017015617/bldr-10q_20170630.htm"
  },
  {
    "date": "2017-03-31",
    "symbol": "BLDR",
    "reportedCurrency": "USD",
    "cik": "0001316835",
    "fillingDate": "2017-05-09",
    "acceptedDate": "2017-05-09 15:50:04",
    "calendarYear": "2017",
    "period": "Q1",
    "revenue": 1533064000,
    "costOfRevenue": 1157012000,
    "grossProfit": 376052000,
    "grossProfitRatio": 0.2452943908,
    "researchAndDevelopmentExpenses": 0,
    "generalAndAdministrativeExpenses": 335775000,
    "sellingAndMarketingExpenses": 0,
    "sellingGeneralAndAdministrativeExpenses": 335775000,
    "otherExpenses": 0,
    "operatingExpenses": 335775000,
    "costAndExpenses": 1492787000,
    "interestIncome": 0,
    "interestExpense": 36157000,
    "depreciationAndAmortization": 23592000,
    "ebitda": 63869000,
    "ebitdaratio": 0.0416610135,
    "operatingIncome": 40277000,
    "operatingIncomeRatio": 0.0262722235,
    "totalOtherIncomeExpensesNet": -36157000,
    "incomeBeforeTax": 4120000,
    "incomeBeforeTaxRatio": 0.0026874286,
    "incomeTaxExpense": 298000,
    "netIncome": 3822000,
    "netIncomeRatio": 0.0024930466,
    "eps": 0.03,
    "epsdiluted": 0.03,
    "weightedAverageShsOut": 111964000,
    "weightedAverageShsOutDil": 114580000,
    "link": "https://www.sec.gov/Archives/edgar/data/1316835/000156459017009810/0001564590-17-009810-index.htm",
    "finalLink": "https://www.sec.gov/Archives/edgar/data/1316835/000156459017009810/bldr-10q_20170331.htm"
  },
  {
    "date": "2016-12-31",
    "symbol": "BLDR",
    "reportedCurrency": "USD",
    "cik": "0001316835",
    "fillingDate": "2017-03-01",
    "acceptedDate": "2017-03-01 16:45:30",
    "calendarYear": "2016",
    "period": "Q4",
    "revenue": 1546912000,
    "costOfRevenue": 1155337000,
    "grossProfit": 391575000,
    "grossProfitRatio": 0.2531333392,
    "researchAndDevelopmentExpenses": 0,
    "generalAndAdministrativeExpenses": 68997000,
    "sellingAndMarketingExpenses": 269800000,
    "sellingGeneralAndAdministrativeExpenses": 338797000,
    "otherExpenses": 0,
    "operatingExpenses": 340697000,
    "costAndExpenses": 1496034000,
    "interestIncome": 0,
    "interestExpense": 44351000,
    "depreciationAndAmortization": 22892000,
    "ebitda": 73770000,
    "ebitdaratio": 0.0476885563,
    "operatingIncome": 50878000,
    "operatingIncomeRatio": 0.0328900416,
    "totalOtherIncomeExpensesNet": -44351000,
    "incomeBeforeTax": 6527000,
    "incomeBeforeTaxRatio": 0.0042193738,
    "incomeTaxExpense": 116000,
    "netIncome": 6411000,
    "netIncomeRatio": 0.0041443857,
    "eps": 0.057,
    "epsdiluted": 0.056,
    "weightedAverageShsOut": 111964000,
    "weightedAverageShsOutDil": 114580000,
    "link": "https://www.sec.gov/Archives/edgar/data/1316835/000156459017003114/0001564590-17-003114-index.htm",
    "finalLink": "https://www.sec.gov/Archives/edgar/data/1316835/000156459017003114/bldr-10k_20161231.htm"
  },
  {
    "date": "2016-09-30",
    "symbol": "BLDR",
    "reportedCurrency": "USD",
    "cik": "0001316835",
    "fillingDate": "2016-11-04",
    "acceptedDate": "2016-11-04 16:39:38",
    "calendarYear": "2016",
    "period": "Q3",
    "revenue": 1745958000,
    "costOfRevenue": 1308864000,
    "grossProfit": 437094000,
    "grossProfitRatio": 0.2503462283,
    "researchAndDevelopmentExpenses": 0,
    "generalAndAdministrativeExpenses": 350837000,
    "sellingAndMarketingExpenses": 0,
    "sellingGeneralAndAdministrativeExpenses": 350837000,
    "otherExpenses": 0,
    "operatingExpenses": 350837000,
    "costAndExpenses": 1659701000,
    "interestIncome": 0,
    "interestExpense": 92290000,
    "depreciationAndAmortization": 25552000,
    "ebitda": 111809000,
    "ebitdaratio": 0.0640387684,
    "operatingIncome": 86257000,
    "operatingIncomeRatio": 0.049403823,
    "totalOtherIncomeExpensesNet": -92290000,
    "incomeBeforeTax": -6033000,
    "incomeBeforeTaxRatio": -0.0034554096,
    "incomeTaxExpense": -131502000,
    "netIncome": 125469000,
    "netIncomeRatio": 0.0718625534,
    "eps": 1.13,
    "epsdiluted": 1.1,
    "weightedAverageShsOut": 111187000,
    "weightedAverageShsOutDil": 114273000,
    "link": "https://www.sec.gov/Archives/edgar/data/1316835/000156459016027679/0001564590-16-027679-index.htm",
    "finalLink": "https://www.sec.gov/Archives/edgar/data/1316835/000156459016027679/bldr-10q_20160930.htm"
  },
  {
    "date": "2016-06-30",
    "symbol": "BLDR",
    "reportedCurrency": "USD",
    "cik": "0001316835",
    "fillingDate": "2016-08-05",
    "acceptedDate": "2016-08-05 14:23:30",
    "calendarYear": "2016",
    "period": "Q2",
    "revenue": 1677300000,
    "costOfRevenue": 1258969000,
    "grossProfit": 418331000,
    "grossProfitRatio": 0.2494073809,
    "researchAndDevelopmentExpenses": 0,
    "generalAndAdministrativeExpenses": 341909000,
    "sellingAndMarketingExpenses": 0,
    "sellingGeneralAndAdministrativeExpenses": 341909000,
    "otherExpenses": 0,
    "operatingExpenses": 341909000,
    "costAndExpenses": 1600878000,
    "interestIncome": 0,
    "interestExpense": 42802000,
    "depreciationAndAmortization": 30558000,
    "ebitda": 106980000,
    "ebitdaratio": 0.0637810767,
    "operatingIncome": 76422000,
    "operatingIncomeRatio": 0.0455625112,
    "totalOtherIncomeExpensesNet": -42802000,
    "incomeBeforeTax": 33620000,
    "incomeBeforeTaxRatio": 0.0200441185,
    "incomeTaxExpense": 4179000,
    "netIncome": 29441000,
    "netIncomeRatio": 0.0175526143,
    "eps": 0.27,
    "epsdiluted": 0.26,
    "weightedAverageShsOut": 110339000,
    "weightedAverageShsOutDil": 113504000,
    "link": "https://www.sec.gov/Archives/edgar/data/1316835/000156459016022938/0001564590-16-022938-index.htm",
    "finalLink": "https://www.sec.gov/Archives/edgar/data/1316835/000156459016022938/bldr-10q_20160630.htm"
  },
  {
    "date": "2016-03-31",
    "symbol": "BLDR",
    "reportedCurrency": "USD",
    "cik": "0001316835",
    "fillingDate": "2016-05-06",
    "acceptedDate": "2016-05-06 14:58:34",
    "calendarYear": "2016",
    "period": "Q1",
    "revenue": 1397114000,
    "costOfRevenue": 1047366000,
    "grossProfit": 349748000,
    "grossProfitRatio": 0.2503360499,
    "researchAndDevelopmentExpenses": 0,
    "generalAndAdministrativeExpenses": 326969000,
    "sellingAndMarketingExpenses": 0,
    "sellingGeneralAndAdministrativeExpenses": 326969000,
    "otherExpenses": 0,
    "operatingExpenses": 326969000,
    "costAndExpenses": 1374335000,
    "interestIncome": 0,
    "interestExpense": 35224000,
    "depreciationAndAmortization": 30791000,
    "ebitda": 53570000,
    "ebitdaratio": 0.0383433277,
    "operatingIncome": 22779000,
    "operatingIncomeRatio": 0.0163043245,
    "totalOtherIncomeExpensesNet": -35224000,
    "incomeBeforeTax": -12445000,
    "incomeBeforeTaxRatio": -0.0089076482,
    "incomeTaxExpense": 4535000,
    "netIncome": -16980000,
    "netIncomeRatio": -0.0121536253,
    "eps": -0.15,
    "epsdiluted": -0.15,
    "weightedAverageShsOut": 109913000,
    "weightedAverageShsOutDil": 109913000,
    "link": "https://www.sec.gov/Archives/edgar/data/1316835/000156459016018235/0001564590-16-018235-index.htm",
    "finalLink": "https://www.sec.gov/Archives/edgar/data/1316835/000156459016018235/bldr-10q_20160331.htm"
  },
  {
    "date": "2015-12-31",
    "symbol": "BLDR",
    "reportedCurrency": "USD",
    "cik": "0001316835",
    "fillingDate": "2016-03-11",
    "acceptedDate": "2016-03-11 16:00:54",
    "calendarYear": "2015",
    "period": "Q4",
    "revenue": 1455855000,
    "costOfRevenue": 1073518000,
    "grossProfit": 382337000,
    "grossProfitRatio": 0.2626202472,
    "researchAndDevelopmentExpenses": 0,
    "generalAndAdministrativeExpenses": 346542000,
    "sellingAndMarketingExpenses": 0,
    "sellingGeneralAndAdministrativeExpenses": 346542000,
    "otherExpenses": 0,
    "operatingExpenses": 346542000,
    "costAndExpenses": 1420060000,
    "interestIncome": 0,
    "interestExpense": 43014000,
    "depreciationAndAmortization": 27645000,
    "ebitda": 63440000,
    "ebitdaratio": 0.0435757682,
    "operatingIncome": 35795000,
    "operatingIncomeRatio": 0.0245869266,
    "totalOtherIncomeExpensesNet": -43014000,
    "incomeBeforeTax": -7219000,
    "incomeBeforeTaxRatio": -0.0049585982,
    "incomeTaxExpense": 3397000,
    "netIncome": -10580000,
    "netIncomeRatio": -0.0072672072,
    "eps": -0.0966,
    "epsdiluted": -0.0963,
    "weightedAverageShsOut": 109472000,
    "weightedAverageShsOutDil": 109913000,
    "link": "https://www.sec.gov/Archives/edgar/data/1316835/000156459016014562/0001564590-16-014562-index.htm",
    "finalLink": "https://www.sec.gov/Archives/edgar/data/1316835/000156459016014562/bldr-10k_20151231.htm"
  },
  {
    "date": "2015-09-30",
    "symbol": "BLDR",
    "reportedCurrency": "USD",
    "cik": "0001316835",
    "fillingDate": "2015-11-09",
    "acceptedDate": "2015-11-09 16:39:44",
    "calendarYear": "2015",
    "period": "Q3",
    "revenue": 1276063000,
    "costOfRevenue": 951289000,
    "grossProfit": 324774000,
    "grossProfitRatio": 0.2545125123,
    "researchAndDevelopmentExpenses": 0,
    "generalAndAdministrativeExpenses": 286533000,
    "sellingAndMarketingExpenses": 0,
    "sellingGeneralAndAdministrativeExpenses": 286533000,
    "otherExpenses": 0,
    "operatingExpenses": 286533000,
    "costAndExpenses": 1237822000,
    "interestIncome": 0,
    "interestExpense": 46005000,
    "depreciationAndAmortization": 23853000,
    "ebitda": 62094000,
    "ebitdaratio": 0.0486606069,
    "operatingIncome": 38241000,
    "operatingIncomeRatio": 0.0299679561,
    "totalOtherIncomeExpensesNet": -46005000,
    "incomeBeforeTax": -7764000,
    "incomeBeforeTaxRatio": -0.0060843391,
    "incomeTaxExpense": 993000,
    "netIncome": -8757000,
    "netIncomeRatio": -0.0068625138,
    "eps": -0.0827,
    "epsdiluted": -0.0827,
    "weightedAverageShsOut": 105856000,
    "weightedAverageShsOutDil": 105856000,
    "link": "https://www.sec.gov/Archives/edgar/data/1316835/000156459015010186/0001564590-15-010186-index.htm",
    "finalLink": "https://www.sec.gov/Archives/edgar/data/1316835/000156459015010186/bldr-10q_20150930.htm"
  },
  {
    "date": "2015-06-30",
    "symbol": "BLDR",
    "reportedCurrency": "USD",
    "cik": "0001316835",
    "fillingDate": "2015-08-07",
    "acceptedDate": "2015-08-07 13:14:27",
    "calendarYear": "2015",
    "period": "Q2",
    "revenue": 461521000,
    "costOfRevenue": 350907000,
    "grossProfit": 110614000,
    "grossProfitRatio": 0.2396727343,
    "researchAndDevelopmentExpenses": 0,
    "generalAndAdministrativeExpenses": 94543000,
    "sellingAndMarketingExpenses": 0,
    "sellingGeneralAndAdministrativeExpenses": 94543000,
    "otherExpenses": 0,
    "operatingExpenses": 94543000,
    "costAndExpenses": 445450000,
    "interestIncome": 0,
    "interestExpense": 12573000,
    "depreciationAndAmortization": 3630000,
    "ebitda": 19580000,
    "ebitdaratio": 0.0424249384,
    "operatingIncome": 15940000,
    "operatingIncomeRatio": 0.0345379734,
    "totalOtherIncomeExpensesNet": -12573000,
    "incomeBeforeTax": 3367000,
    "incomeBeforeTaxRatio": 0.0072954427,
    "incomeTaxExpense": -199000,
    "netIncome": 3576000,
    "netIncomeRatio": 0.0077482931,
    "eps": 0.04,
    "epsdiluted": 0.03,
    "weightedAverageShsOut": 99163000,
    "weightedAverageShsOutDil": 102978000,
    "link": "https://www.sec.gov/Archives/edgar/data/1316835/000156459015006624/0001564590-15-006624-index.htm",
    "finalLink": "https://www.sec.gov/Archives/edgar/data/1316835/000156459015006624/bldr-10q_20150630.htm"
  },
  {
    "date": "2015-03-31",
    "symbol": "BLDR",
    "reportedCurrency": "USD",
    "cik": "0001316835",
    "fillingDate": "2015-05-11",
    "acceptedDate": "2015-05-11 16:27:17",
    "calendarYear": "2015",
    "period": "Q1",
    "revenue": 370986000,
    "costOfRevenue": 287253000,
    "grossProfit": 83733000,
    "grossProfitRatio": 0.2257039349,
    "researchAndDevelopmentExpenses": 0,
    "generalAndAdministrativeExpenses": 82838000,
    "sellingAndMarketingExpenses": 0,
    "sellingGeneralAndAdministrativeExpenses": 82838000,
    "otherExpenses": 0,
    "operatingExpenses": 82838000,
    "costAndExpenses": 370091000,
    "interestIncome": 0,
    "interestExpense": 7607000,
    "depreciationAndAmortization": 3152000,
    "ebitda": 3885000,
    "ebitdaratio": 0.0104720933,
    "operatingIncome": 641000,
    "operatingIncomeRatio": 0.001727828,
    "totalOtherIncomeExpensesNet": -7607000,
    "incomeBeforeTax": -6966000,
    "incomeBeforeTaxRatio": -0.0187769889,
    "incomeTaxExpense": 196000,
    "netIncome": -7070000,
    "netIncomeRatio": -0.0190573229,
    "eps": -0.072,
    "epsdiluted": -0.0717,
    "weightedAverageShsOut": 98204000,
    "weightedAverageShsOutDil": 98624000,
    "link": "https://www.sec.gov/Archives/edgar/data/1316835/000156459015003921/0001564590-15-003921-index.htm",
    "finalLink": "https://www.sec.gov/Archives/edgar/data/1316835/000156459015003921/bldr-10q_20150331.htm"
  },
  {
    "date": "2014-12-31",
    "symbol": "BLDR",
    "reportedCurrency": "USD",
    "cik": "0001316835",
    "fillingDate": "2015-03-03",
    "acceptedDate": "2015-03-03 15:24:57",
    "calendarYear": "2014",
    "period": "Q4",
    "revenue": 396737000,
    "costOfRevenue": 306101000,
    "grossProfit": 90636000,
    "grossProfitRatio": 0.2284536103,
    "researchAndDevelopmentExpenses": 0,
    "generalAndAdministrativeExpenses": 78810000,
    "sellingAndMarketingExpenses": 0,
    "sellingGeneralAndAdministrativeExpenses": 78810000,
    "otherExpenses": 0,
    "operatingExpenses": 78810000,
    "costAndExpenses": 384911000,
    "interestIncome": 0,
    "interestExpense": 8624000,
    "depreciationAndAmortization": 3106000,
    "ebitda": 14751000,
    "ebitdaratio": 0.0371808024,
    "operatingIncome": 11645000,
    "operatingIncomeRatio": 0.0293519384,
    "totalOtherIncomeExpensesNet": -8624000,
    "incomeBeforeTax": 3021000,
    "incomeBeforeTaxRatio": 0.0076146162,
    "incomeTaxExpense": 510000,
    "netIncome": 2421000,
    "netIncomeRatio": 0.0061022793,
    "eps": 0.02,
    "epsdiluted": 0.02,
    "weightedAverageShsOut": 98167000,
    "weightedAverageShsOutDil": 99805000,
    "link": "https://www.sec.gov/Archives/edgar/data/1316835/000156459015001235/0001564590-15-001235-index.htm",
    "finalLink": "https://www.sec.gov/Archives/edgar/data/1316835/000156459015001235/bldr-10k_20141231.htm"
  },
  {
    "date": "2014-09-30",
    "symbol": "BLDR",
    "reportedCurrency": "USD",
    "cik": "0001316835",
    "fillingDate": "2014-11-05",
    "acceptedDate": "2014-11-05 15:01:00",
    "calendarYear": "2014",
    "period": "Q3",
    "revenue": 434907000,
    "costOfRevenue": 337260000,
    "grossProfit": 97647000,
    "grossProfitRatio": 0.2245238637,
    "researchAndDevelopmentExpenses": 0,
    "generalAndAdministrativeExpenses": 81963000,
    "sellingAndMarketingExpenses": 0,
    "sellingGeneralAndAdministrativeExpenses": 81963000,
    "otherExpenses": 0,
    "operatingExpenses": 81963000,
    "costAndExpenses": 419223000,
    "interestIncome": 0,
    "interestExpense": 6393000,
    "depreciationAndAmortization": 2391000,
    "ebitda": 17976000,
    "ebitdaratio": 0.0413329746,
    "operatingIncome": 15585000,
    "operatingIncomeRatio": 0.0358352475,
    "totalOtherIncomeExpensesNet": -6393000,
    "incomeBeforeTax": 9192000,
    "incomeBeforeTaxRatio": 0.0211355531,
    "incomeTaxExpense": 453000,
    "netIncome": 8504000,
    "netIncomeRatio": 0.0195536057,
    "eps": 0.09,
    "epsdiluted": 0.07,
    "weightedAverageShsOut": 98104000,
    "weightedAverageShsOutDil": 100360000,
    "link": "https://www.sec.gov/Archives/edgar/data/1316835/000156459014005002/0001564590-14-005002-index.htm",
    "finalLink": "https://www.sec.gov/Archives/edgar/data/1316835/000156459014005002/bldr-10q_20140930.htm"
  },
  {
    "date": "2014-06-30",
    "symbol": "BLDR",
    "reportedCurrency": "USD",
    "cik": "0001316835",
    "fillingDate": "2014-08-01",
    "acceptedDate": "2014-08-01 14:10:35",
    "calendarYear": "2014",
    "period": "Q2",
    "revenue": 426543000,
    "costOfRevenue": 332744000,
    "grossProfit": 93799000,
    "grossProfitRatio": 0.2199051444,
    "researchAndDevelopmentExpenses": 0,
    "generalAndAdministrativeExpenses": 76417000,
    "sellingAndMarketingExpenses": 0,
    "sellingGeneralAndAdministrativeExpenses": 76417000,
    "otherExpenses": 0,
    "operatingExpenses": 76417000,
    "costAndExpenses": 409161000,
    "interestIncome": 0,
    "interestExpense": 6504000,
    "depreciationAndAmortization": 2040000,
    "ebitda": 19422000,
    "ebitdaratio": 0.0455335101,
    "operatingIncome": 17354000,
    "operatingIncomeRatio": 0.0406852299,
    "totalOtherIncomeExpensesNet": -6504000,
    "incomeBeforeTax": 10850000,
    "incomeBeforeTaxRatio": 0.0254370603,
    "incomeTaxExpense": 230000,
    "netIncome": 10609000,
    "netIncomeRatio": 0.0248720528,
    "eps": 0.11,
    "epsdiluted": 0.09,
    "weightedAverageShsOut": 98032000,
    "weightedAverageShsOutDil": 100759000,
    "link": "https://www.sec.gov/Archives/edgar/data/1316835/000156459014003053/0001564590-14-003053-index.htm",
    "finalLink": "https://www.sec.gov/Archives/edgar/data/1316835/000156459014003053/bldr-10q_20140630.htm"
  },
  {
    "date": "2014-03-31",
    "symbol": "BLDR",
    "reportedCurrency": "USD",
    "cik": "0001316835",
    "fillingDate": "2014-05-02",
    "acceptedDate": "2014-05-02 11:07:24",
    "calendarYear": "2014",
    "period": "Q1",
    "revenue": 345909000,
    "costOfRevenue": 270994000,
    "grossProfit": 74915000,
    "grossProfitRatio": 0.2165743013,
    "researchAndDevelopmentExpenses": 0,
    "generalAndAdministrativeExpenses": 69318000,
    "sellingAndMarketingExpenses": 0,
    "sellingGeneralAndAdministrativeExpenses": 69318000,
    "otherExpenses": 0,
    "operatingExpenses": 69318000,
    "costAndExpenses": 340312000,
    "interestIncome": 0,
    "interestExpense": 8828000,
    "depreciationAndAmortization": 1982000,
    "ebitda": 7579000,
    "ebitdaratio": 0.0219103868,
    "operatingIncome": 5434000,
    "operatingIncomeRatio": 0.015709334,
    "totalOtherIncomeExpensesNet": -8828000,
    "incomeBeforeTax": -3394000,
    "incomeBeforeTaxRatio": -0.0098118291,
    "incomeTaxExpense": -82000,
    "netIncome": -3384000,
    "netIncomeRatio": -0.0097829198,
    "eps": -0.0347,
    "epsdiluted": -0.0347,
    "weightedAverageShsOut": 97617000,
    "weightedAverageShsOutDil": 97617000,
    "link": "https://www.sec.gov/Archives/edgar/data/1316835/000156459014001732/0001564590-14-001732-index.htm",
    "finalLink": "https://www.sec.gov/Archives/edgar/data/1316835/000156459014001732/bldr-10q_20140331.htm"
  },
  {
    "date": "2013-12-31",
    "symbol": "BLDR",
    "reportedCurrency": "USD",
    "cik": "0001316835",
    "fillingDate": "2014-02-28",
    "acceptedDate": "2014-02-28 17:01:40",
    "calendarYear": "2013",
    "period": "Q4",
    "revenue": 369111000,
    "costOfRevenue": 286264000,
    "grossProfit": 82847000,
    "grossProfitRatio": 0.2244500977,
    "researchAndDevelopmentExpenses": 0,
    "generalAndAdministrativeExpenses": 69453000,
    "sellingAndMarketingExpenses": 0,
    "sellingGeneralAndAdministrativeExpenses": 69453000,
    "otherExpenses": 0,
    "operatingExpenses": 69453000,
    "costAndExpenses": 355717000,
    "interestIncome": 0,
    "interestExpense": 8555000,
    "depreciationAndAmortization": 1964000,
    "ebitda": 15358000,
    "ebitdaratio": 0.04160808,
    "operatingIncome": 13315000,
    "operatingIncomeRatio": 0.0360731596,
    "totalOtherIncomeExpensesNet": -8555000,
    "incomeBeforeTax": 4760000,
    "incomeBeforeTaxRatio": 0.0128958498,
    "incomeTaxExpense": 183000,
    "netIncome": 4529000,
    "netIncomeRatio": 0.0122700218,
    "eps": 0.05,
    "epsdiluted": 0.05,
    "weightedAverageShsOut": 97458000,
    "weightedAverageShsOutDil": 99468000,
    "link": "https://www.sec.gov/Archives/edgar/data/1316835/000156459014000455/0001564590-14-000455-index.htm",
    "finalLink": "https://www.sec.gov/Archives/edgar/data/1316835/000156459014000455/bldr-10k_20131231.htm"
  },
  {
    "date": "2013-09-30",
    "symbol": "BLDR",
    "reportedCurrency": "USD",
    "cik": "0001316835",
    "fillingDate": "2013-11-01",
    "acceptedDate": "2013-11-01 11:06:54",
    "calendarYear": "2013",
    "period": "Q3",
    "revenue": 402931000,
    "costOfRevenue": 310437000,
    "grossProfit": 92494000,
    "grossProfitRatio": 0.2295529508,
    "researchAndDevelopmentExpenses": 0,
    "generalAndAdministrativeExpenses": 72343000,
    "sellingAndMarketingExpenses": 0,
    "sellingGeneralAndAdministrativeExpenses": 72343000,
    "otherExpenses": 0,
    "operatingExpenses": 72343000,
    "costAndExpenses": 382780000,
    "interestIncome": 0,
    "interestExpense": 7525000,
    "depreciationAndAmortization": 2033000,
    "ebitda": 22184000,
    "ebitdaratio": 0.055056573,
    "operatingIncome": 20348000,
    "operatingIncomeRatio": 0.0504999615,
    "totalOtherIncomeExpensesNet": -7525000,
    "incomeBeforeTax": 12823000,
    "incomeBeforeTaxRatio": 0.0318243074,
    "incomeTaxExpense": -129000,
    "netIncome": 12794000,
    "netIncomeRatio": 0.0317523348,
    "eps": 0.13,
    "epsdiluted": 0.13,
    "weightedAverageShsOut": 97229000,
    "weightedAverageShsOutDil": 99765000,
    "link": "https://www.sec.gov/Archives/edgar/data/1316835/000156459013000851/0001564590-13-000851-index.htm",
    "finalLink": "https://www.sec.gov/Archives/edgar/data/1316835/000156459013000851/bldr-10q_20130930.htm"
  },
  {
    "date": "2013-06-30",
    "symbol": "BLDR",
    "reportedCurrency": "USD",
    "cik": "0001316835",
    "fillingDate": "2013-08-02",
    "acceptedDate": "2013-08-02 11:13:51",
    "calendarYear": "2013",
    "period": "Q2",
    "revenue": 398148000,
    "costOfRevenue": 315916000,
    "grossProfit": 82232000,
    "grossProfitRatio": 0.2065362629,
    "researchAndDevelopmentExpenses": 0,
    "generalAndAdministrativeExpenses": 69011000,
    "sellingAndMarketingExpenses": 0,
    "sellingGeneralAndAdministrativeExpenses": 69011000,
    "otherExpenses": 0,
    "operatingExpenses": 69011000,
    "costAndExpenses": 384927000,
    "interestIncome": 0,
    "interestExpense": 61058000,
    "depreciationAndAmortization": 2534000,
    "ebitda": 15703000,
    "ebitdaratio": 0.0394401077,
    "operatingIncome": 13169000,
    "operatingIncomeRatio": 0.0330756402,
    "totalOtherIncomeExpensesNet": -61058000,
    "incomeBeforeTax": -47889000,
    "incomeBeforeTaxRatio": -0.1202793936,
    "incomeTaxExpense": 400000,
    "netIncome": -48206000,
    "netIncomeRatio": -0.1210755799,
    "eps": -0.5,
    "epsdiluted": -0.5,
    "weightedAverageShsOut": 96349000,
    "weightedAverageShsOutDil": 96349000,
    "link": "https://www.sec.gov/Archives/edgar/data/1316835/000119312513316525/0001193125-13-316525-index.htm",
    "finalLink": "https://www.sec.gov/Archives/edgar/data/1316835/000119312513316525/d559294d10q.htm"
  },
  {
    "date": "2013-03-31",
    "symbol": "BLDR",
    "reportedCurrency": "USD",
    "cik": "0001316835",
    "fillingDate": "2013-05-03",
    "acceptedDate": "2013-05-03 16:13:12",
    "calendarYear": "2013",
    "period": "Q1",
    "revenue": 319702000,
    "costOfRevenue": 257355000,
    "grossProfit": 62347000,
    "grossProfitRatio": 0.1950159836,
    "researchAndDevelopmentExpenses": 0,
    "generalAndAdministrativeExpenses": 61078000,
    "sellingAndMarketingExpenses": 0,
    "sellingGeneralAndAdministrativeExpenses": 61078000,
    "otherExpenses": 0,
    "operatingExpenses": 61078000,
    "costAndExpenses": 318433000,
    "interestIncome": 0,
    "interestExpense": 12500000,
    "depreciationAndAmortization": 2774000,
    "ebitda": 3984000,
    "ebitdaratio": 0.0124616049,
    "operatingIncome": 1210000,
    "operatingIncomeRatio": 0.0037847746,
    "totalOtherIncomeExpensesNet": -12500000,
    "incomeBeforeTax": -11290000,
    "incomeBeforeTaxRatio": -0.0353141363,
    "incomeTaxExpense": 315000,
    "netIncome": -11808000,
    "netIncomeRatio": -0.0369343952,
    "eps": -0.12,
    "epsdiluted": -0.12,
    "weightedAverageShsOut": 95989000,
    "weightedAverageShsOutDil": 95989000,
    "link": "https://www.sec.gov/Archives/edgar/data/1316835/000119312513199140/0001193125-13-199140-index.htm",
    "finalLink": "https://www.sec.gov/Archives/edgar/data/1316835/000119312513199140/d507969d10q.htm"
  },
  {
    "date": "2012-12-31",
    "symbol": "BLDR",
    "reportedCurrency": "USD",
    "cik": "0001316835",
    "fillingDate": "2013-03-01",
    "acceptedDate": "2013-03-01 14:12:10",
    "calendarYear": "2012",
    "period": "Q4",
    "revenue": 287588000,
    "costOfRevenue": 229518000,
    "grossProfit": 58070000,
    "grossProfitRatio": 0.2019208034,
    "researchAndDevelopmentExpenses": 0,
    "generalAndAdministrativeExpenses": 56924000,
    "sellingAndMarketingExpenses": 896000,
    "sellingGeneralAndAdministrativeExpenses": 57820000,
    "otherExpenses": 0,
    "operatingExpenses": 57820000,
    "costAndExpenses": 287338000,
    "interestIncome": 0,
    "interestExpense": 10955000,
    "depreciationAndAmortization": 2867000,
    "ebitda": 3007000,
    "ebitdaratio": 0.01045593,
    "operatingIncome": 140000,
    "operatingIncomeRatio": 0.0004868075,
    "totalOtherIncomeExpensesNet": -10955000,
    "incomeBeforeTax": -10815000,
    "incomeBeforeTaxRatio": -0.0376058806,
    "incomeTaxExpense": 226000,
    "netIncome": -12048000,
    "netIncomeRatio": -0.041893264,
    "eps": -0.13,
    "epsdiluted": -0.13,
    "weightedAverageShsOut": 95645000,
    "weightedAverageShsOutDil": 95645000,
    "link": "https://www.sec.gov/Archives/edgar/data/1316835/000119312513087218/0001193125-13-087218-index.htm",
    "finalLink": "https://www.sec.gov/Archives/edgar/data/1316835/000119312513087218/d444265d10k.htm"
  },
  {
    "date": "2012-09-30",
    "symbol": "BLDR",
    "reportedCurrency": "USD",
    "cik": "0001316835",
    "fillingDate": "2012-10-31",
    "acceptedDate": "2012-10-31 14:54:00",
    "calendarYear": "2012",
    "period": "Q3",
    "revenue": 291780000,
    "costOfRevenue": 234067000,
    "grossProfit": 57713000,
    "grossProfitRatio": 0.1977962849,
    "researchAndDevelopmentExpenses": 0,
    "generalAndAdministrativeExpenses": 58650000,
    "sellingAndMarketingExpenses": 0,
    "sellingGeneralAndAdministrativeExpenses": 58650000,
    "otherExpenses": 0,
    "operatingExpenses": 58650000,
    "costAndExpenses": 292717000,
    "interestIncome": 0,
    "interestExpense": 9253000,
    "depreciationAndAmortization": 2912000,
    "ebitda": 1283000,
    "ebitdaratio": 0.0043971485,
    "operatingIncome": -1629000,
    "operatingIncomeRatio": -0.0055829735,
    "totalOtherIncomeExpensesNet": -10618000,
    "incomeBeforeTax": -12247000,
    "incomeBeforeTaxRatio": -0.0419734046,
    "incomeTaxExpense": 33000,
    "netIncome": -13565000,
    "netIncomeRatio": -0.0464905065,
    "eps": -0.14,
    "epsdiluted": -0.14,
    "weightedAverageShsOut": 94461538,
    "weightedAverageShsOutDil": 95514000,
    "link": "https://www.sec.gov/Archives/edgar/data/1316835/000119312512443498/0001193125-12-443498-index.htm",
    "finalLink": "https://www.sec.gov/Archives/edgar/data/1316835/000119312512443498/d398150d10q.htm"
  },
  {
    "date": "2012-06-30",
    "symbol": "BLDR",
    "reportedCurrency": "USD",
    "cik": "0001316835",
    "fillingDate": "2012-08-01",
    "acceptedDate": "2012-08-01 15:27:51",
    "calendarYear": "2012",
    "period": "Q2",
    "revenue": 271919000,
    "costOfRevenue": 218255000,
    "grossProfit": 53664000,
    "grossProfitRatio": 0.1973528882,
    "researchAndDevelopmentExpenses": 0,
    "generalAndAdministrativeExpenses": 55036000,
    "sellingAndMarketingExpenses": 0,
    "sellingGeneralAndAdministrativeExpenses": 55036000,
    "otherExpenses": 0,
    "operatingExpenses": 55036000,
    "costAndExpenses": 273291000,
    "interestIncome": 0,
    "interestExpense": 10461000,
    "depreciationAndAmortization": 2491000,
    "ebitda": 1119000,
    "ebitdaratio": 0.0041151961,
    "operatingIncome": -1372000,
    "operatingIncomeRatio": -0.0050456202,
    "totalOtherIncomeExpensesNet": -10461000,
    "incomeBeforeTax": -11833000,
    "incomeBeforeTaxRatio": -0.0435166355,
    "incomeTaxExpense": 144000,
    "netIncome": -12055000,
    "netIncomeRatio": -0.0443330551,
    "eps": -0.13,
    "epsdiluted": -0.13,
    "weightedAverageShsOut": 95427000,
    "weightedAverageShsOutDil": 95427000,
    "link": "https://www.sec.gov/Archives/edgar/data/1316835/000119312512328568/0001193125-12-328568-index.htm",
    "finalLink": "https://www.sec.gov/Archives/edgar/data/1316835/000119312512328568/d334259d10q.htm"
  },
  {
    "date": "2012-03-31",
    "symbol": "BLDR",
    "reportedCurrency": "USD",
    "cik": "0001316835",
    "fillingDate": "2012-05-04",
    "acceptedDate": "2012-05-04 16:59:33",
    "calendarYear": "2012",
    "period": "Q1",
    "revenue": 219389000,
    "costOfRevenue": 174270000,
    "grossProfit": 45119000,
    "grossProfitRatio": 0.2056575307,
    "researchAndDevelopmentExpenses": 0,
    "generalAndAdministrativeExpenses": 50961000,
    "sellingAndMarketingExpenses": 0,
    "sellingGeneralAndAdministrativeExpenses": 50961000,
    "otherExpenses": 0,
    "operatingExpenses": 50961000,
    "costAndExpenses": 225231000,
    "interestIncome": 0,
    "interestExpense": 13105000,
    "depreciationAndAmortization": 2850000,
    "ebitda": -2992000,
    "ebitdaratio": -0.0136378761,
    "operatingIncome": -5842000,
    "operatingIncomeRatio": -0.0266285001,
    "totalOtherIncomeExpensesNet": -13105000,
    "incomeBeforeTax": -18947000,
    "incomeBeforeTaxRatio": -0.0863625797,
    "incomeTaxExpense": 174000,
    "netIncome": -19188000,
    "netIncomeRatio": -0.0874610851,
    "eps": -0.2,
    "epsdiluted": -0.2,
    "weightedAverageShsOut": 95261000,
    "weightedAverageShsOutDil": 95261000,
    "link": "https://www.sec.gov/Archives/edgar/data/1316835/000119312512212216/0001193125-12-212216-index.htm",
    "finalLink": "https://www.sec.gov/Archives/edgar/data/1316835/000119312512212216/d335404d10q.htm"
  },
  {
    "date": "2011-12-31",
    "symbol": "BLDR",
    "reportedCurrency": "USD",
    "cik": "0001316835",
    "fillingDate": "2012-03-02",
    "acceptedDate": "2012-03-02 15:48:06",
    "calendarYear": "2011",
    "period": "Q4",
    "revenue": 192677000,
    "costOfRevenue": 153407000,
    "grossProfit": 39270000,
    "grossProfitRatio": 0.2038125983,
    "researchAndDevelopmentExpenses": 0,
    "generalAndAdministrativeExpenses": 47535000,
    "sellingAndMarketingExpenses": 0,
    "sellingGeneralAndAdministrativeExpenses": 47535000,
    "otherExpenses": 0,
    "operatingExpenses": 47535000,
    "costAndExpenses": 200942000,
    "interestIncome": 0,
    "interestExpense": 8080000,
    "depreciationAndAmortization": 3472000,
    "ebitda": -4793000,
    "ebitdaratio": -0.0248758285,
    "operatingIncome": -8265000,
    "operatingIncomeRatio": -0.0428956232,
    "totalOtherIncomeExpensesNet": -8080000,
    "incomeBeforeTax": -16345000,
    "incomeBeforeTaxRatio": -0.0848310904,
    "incomeTaxExpense": 300000,
    "netIncome": -16698000,
    "netIncomeRatio": -0.086663172,
    "eps": -0.18,
    "epsdiluted": -0.18,
    "weightedAverageShsOut": 95013000,
    "weightedAverageShsOutDil": 95261000,
    "link": "https://www.sec.gov/Archives/edgar/data/1316835/000119312512094395/0001193125-12-094395-index.htm",
    "finalLink": "https://www.sec.gov/Archives/edgar/data/1316835/000119312512094395/d278642d10k.htm"
  },
  {
    "date": "2011-09-30",
    "symbol": "BLDR",
    "reportedCurrency": "USD",
    "cik": "0001316835",
    "fillingDate": "2011-10-28",
    "acceptedDate": "2011-10-28 14:08:31",
    "calendarYear": "2011",
    "period": "Q3",
    "revenue": 217194000,
    "costOfRevenue": 172755000,
    "grossProfit": 44439000,
    "grossProfitRatio": 0.2046050996,
    "researchAndDevelopmentExpenses": 0,
    "generalAndAdministrativeExpenses": 1780000,
    "sellingAndMarketingExpenses": 48535000,
    "sellingGeneralAndAdministrativeExpenses": 50315000,
    "otherExpenses": 0,
    "operatingExpenses": 50315000,
    "costAndExpenses": 223070000,
    "interestIncome": 0,
    "interestExpense": 5319000,
    "depreciationAndAmortization": 3364000,
    "ebitda": -2512000,
    "ebitdaratio": -0.011565697,
    "operatingIncome": -5876000,
    "operatingIncomeRatio": -0.0270541544,
    "totalOtherIncomeExpensesNet": -5319000,
    "incomeBeforeTax": -11195000,
    "incomeBeforeTaxRatio": -0.0515437811,
    "incomeTaxExpense": 268000,
    "netIncome": -11564000,
    "netIncomeRatio": -0.0532427231,
    "eps": -0.12,
    "epsdiluted": -0.12,
    "weightedAverageShsOut": 94976000,
    "weightedAverageShsOutDil": 94976000,
    "link": "https://www.sec.gov/Archives/edgar/data/1316835/000095012311092904/0000950123-11-092904-index.htm",
    "finalLink": "https://www.sec.gov/Archives/edgar/data/1316835/000095012311092904/d84852e10vq.htm"
  },
  {
    "date": "2011-06-30",
    "symbol": "BLDR",
    "reportedCurrency": "USD",
    "cik": "0001316835",
    "fillingDate": "2011-07-29",
    "acceptedDate": "2011-07-29 14:18:26",
    "calendarYear": "2011",
    "period": "Q2",
    "revenue": 206393000,
    "costOfRevenue": 163590000,
    "grossProfit": 42803000,
    "grossProfitRatio": 0.2073859094,
    "researchAndDevelopmentExpenses": 0,
    "generalAndAdministrativeExpenses": 50847000,
    "sellingAndMarketingExpenses": 0,
    "sellingGeneralAndAdministrativeExpenses": 50847000,
    "otherExpenses": 0,
    "operatingExpenses": 50847000,
    "costAndExpenses": 214437000,
    "interestIncome": 0,
    "interestExpense": 5665000,
    "depreciationAndAmortization": 3520000,
    "ebitda": -4524000,
    "ebitdaratio": -0.021919348,
    "operatingIncome": -8044000,
    "operatingIncomeRatio": -0.03897419,
    "totalOtherIncomeExpensesNet": -5665000,
    "incomeBeforeTax": -13709000,
    "incomeBeforeTaxRatio": -0.0664218263,
    "incomeTaxExpense": 1666000,
    "netIncome": -15484000,
    "netIncomeRatio": -0.0750219242,
    "eps": -0.16,
    "epsdiluted": -0.16,
    "weightedAverageShsOut": 94905000,
    "weightedAverageShsOutDil": 94905000,
    "link": "https://www.sec.gov/Archives/edgar/data/1316835/000095012311070226/0000950123-11-070226-index.htm",
    "finalLink": "https://www.sec.gov/Archives/edgar/data/1316835/000095012311070226/d82645e10vq.htm"
  },
  {
    "date": "2011-03-31",
    "symbol": "BLDR",
    "reportedCurrency": "USD",
    "cik": "0001316835",
    "fillingDate": "2011-04-28",
    "acceptedDate": "2011-04-28 16:09:38",
    "calendarYear": "2011",
    "period": "Q1",
    "revenue": 162829000,
    "costOfRevenue": 131396000,
    "grossProfit": 31433000,
    "grossProfitRatio": 0.1930430083,
    "researchAndDevelopmentExpenses": 0,
    "generalAndAdministrativeExpenses": 46723000,
    "sellingAndMarketingExpenses": 0,
    "sellingGeneralAndAdministrativeExpenses": 46723000,
    "otherExpenses": 0,
    "operatingExpenses": 46723000,
    "costAndExpenses": 178119000,
    "interestIncome": 0,
    "interestExpense": 5875000,
    "depreciationAndAmortization": 3685000,
    "ebitda": -11605000,
    "ebitdaratio": -0.0712710881,
    "operatingIncome": -15290000,
    "operatingIncomeRatio": -0.0939021919,
    "totalOtherIncomeExpensesNet": -5875000,
    "incomeBeforeTax": -21165000,
    "incomeBeforeTaxRatio": -0.1299829883,
    "incomeTaxExpense": -17000,
    "netIncome": -21249000,
    "netIncomeRatio": -0.1304988669,
    "eps": -0.22,
    "epsdiluted": -0.22,
    "weightedAverageShsOut": 94904000,
    "weightedAverageShsOutDil": 94904000,
    "link": "https://www.sec.gov/Archives/edgar/data/1316835/000095012311040937/0000950123-11-040937-index.htm",
    "finalLink": "https://www.sec.gov/Archives/edgar/data/1316835/000095012311040937/d81668e10vq.htm"
  },
  {
    "date": "2010-12-31",
    "symbol": "BLDR",
    "reportedCurrency": "USD",
    "cik": "0001316835",
    "fillingDate": "2011-03-03",
    "acceptedDate": "2011-03-02 20:01:09",
    "calendarYear": "2010",
    "period": "Q4",
    "revenue": 147093000,
    "costOfRevenue": 119032000,
    "grossProfit": 28061000,
    "grossProfitRatio": 0.1907704649,
    "researchAndDevelopmentExpenses": 0,
    "generalAndAdministrativeExpenses": 45770000,
    "sellingAndMarketingExpenses": 0,
    "sellingGeneralAndAdministrativeExpenses": 45770000,
    "otherExpenses": 0,
    "operatingExpenses": 45770000,
    "costAndExpenses": 164802000,
    "interestIncome": 0,
    "interestExpense": 6906000,
    "depreciationAndAmortization": 3765000,
    "ebitda": -13944000,
    "ebitdaratio": -0.0947971691,
    "operatingIncome": -17709000,
    "operatingIncomeRatio": -0.1203932206,
    "totalOtherIncomeExpensesNet": -6906000,
    "incomeBeforeTax": -24615000,
    "incomeBeforeTaxRatio": -0.1673431095,
    "incomeTaxExpense": -117000,
    "netIncome": -24613000,
    "netIncomeRatio": -0.1673295126,
    "eps": -0.26,
    "epsdiluted": -0.26,
    "weightedAverageShsOut": 94904000,
    "weightedAverageShsOutDil": 94904000,
    "link": "https://www.sec.gov/Archives/edgar/data/1316835/000095012311021379/0000950123-11-021379-index.htm",
    "finalLink": "https://www.sec.gov/Archives/edgar/data/1316835/000095012311021379/d80042e10vk.htm"
  },
  {
    "date": "2010-09-30",
    "symbol": "BLDR",
    "reportedCurrency": "USD",
    "cik": "0001316835",
    "fillingDate": "2010-10-28",
    "acceptedDate": "2010-10-28 15:00:28",
    "calendarYear": "2010",
    "period": "Q3",
    "revenue": 180394000,
    "costOfRevenue": 144865000,
    "grossProfit": 35529000,
    "grossProfitRatio": 0.1969522268,
    "researchAndDevelopmentExpenses": 0,
    "generalAndAdministrativeExpenses": 47980000,
    "sellingAndMarketingExpenses": 0,
    "sellingGeneralAndAdministrativeExpenses": 47980000,
    "otherExpenses": 0,
    "operatingExpenses": 47980000,
    "costAndExpenses": 192845000,
    "interestIncome": 0,
    "interestExpense": 6910000,
    "depreciationAndAmortization": 3852000,
    "ebitda": -8599000,
    "ebitdaratio": -0.0476678825,
    "operatingIncome": -13290000,
    "operatingIncomeRatio": -0.0736720734,
    "totalOtherIncomeExpensesNet": -6910000,
    "incomeBeforeTax": -20200000,
    "incomeBeforeTaxRatio": -0.1119771168,
    "incomeTaxExpense": -525000,
    "netIncome": -20470000,
    "netIncomeRatio": -0.1134738406,
    "eps": -0.22,
    "epsdiluted": -0.22,
    "weightedAverageShsOut": 94895000,
    "weightedAverageShsOutDil": 94895000,
    "link": "https://www.sec.gov/Archives/edgar/data/1316835/000095012310097359/0000950123-10-097359-index.htm",
    "finalLink": "https://www.sec.gov/Archives/edgar/data/1316835/000095012310097359/d77165e10vq.htm"
  },
  {
    "date": "2010-06-30",
    "symbol": "BLDR",
    "reportedCurrency": "USD",
    "cik": "0001316835",
    "fillingDate": "2010-07-28",
    "acceptedDate": "2010-07-28 17:25:56",
    "calendarYear": "2010",
    "period": "Q2",
    "revenue": 211483000,
    "costOfRevenue": 172748000,
    "grossProfit": 38735000,
    "grossProfitRatio": 0.18315893,
    "researchAndDevelopmentExpenses": 0,
    "generalAndAdministrativeExpenses": 51450000,
    "sellingAndMarketingExpenses": 0,
    "sellingGeneralAndAdministrativeExpenses": 51450000,
    "otherExpenses": 0,
    "operatingExpenses": 51450000,
    "costAndExpenses": 224198000,
    "interestIncome": 0,
    "interestExpense": 6531000,
    "depreciationAndAmortization": 4048000,
    "ebitda": -8667000,
    "ebitdaratio": -0.0409820175,
    "operatingIncome": -12715000,
    "operatingIncomeRatio": -0.0601230359,
    "totalOtherIncomeExpensesNet": -6531000,
    "incomeBeforeTax": -19246000,
    "incomeBeforeTaxRatio": -0.0910049508,
    "incomeTaxExpense": -326000,
    "netIncome": -19039000,
    "netIncomeRatio": -0.0900261487,
    "eps": -0.2,
    "epsdiluted": -0.2,
    "weightedAverageShsOut": 94878000,
    "weightedAverageShsOutDil": 94878000,
    "link": "https://www.sec.gov/Archives/edgar/data/1316835/000095012310069151/0000950123-10-069151-index.htm",
    "finalLink": "https://www.sec.gov/Archives/edgar/data/1316835/000095012310069151/d74821e10vq.htm"
  },
  {
    "date": "2010-03-31",
    "symbol": "BLDR",
    "reportedCurrency": "USD",
    "cik": "0001316835",
    "fillingDate": "2010-04-29",
    "acceptedDate": "2010-04-29 17:28:50",
    "calendarYear": "2010",
    "period": "Q1",
    "revenue": 161373000,
    "costOfRevenue": 131942000,
    "grossProfit": 29431000,
    "grossProfitRatio": 0.1823787127,
    "researchAndDevelopmentExpenses": 0,
    "generalAndAdministrativeExpenses": 49445000,
    "sellingAndMarketingExpenses": 0,
    "sellingGeneralAndAdministrativeExpenses": 49445000,
    "otherExpenses": 0,
    "operatingExpenses": 49445000,
    "costAndExpenses": 181387000,
    "interestIncome": 0,
    "interestExpense": 11325000,
    "depreciationAndAmortization": 3768000,
    "ebitda": -16251000,
    "ebitdaratio": -0.1007045788,
    "operatingIncome": -20019000,
    "operatingIncomeRatio": -0.1240542098,
    "totalOtherIncomeExpensesNet": -11325000,
    "incomeBeforeTax": -31344000,
    "incomeBeforeTaxRatio": -0.194233236,
    "incomeTaxExpense": -144000,
    "netIncome": -31386000,
    "netIncomeRatio": -0.1944935026,
    "eps": -0.38,
    "epsdiluted": -0.38,
    "weightedAverageShsOut": 81849000,
    "weightedAverageShsOutDil": 81849000,
    "link": "https://www.sec.gov/Archives/edgar/data/1316835/000095012310040799/0000950123-10-040799-index.htm",
    "finalLink": "https://www.sec.gov/Archives/edgar/data/1316835/000095012310040799/d72599e10vq.htm"
  },
  {
    "date": "2009-12-31",
    "symbol": "BLDR",
    "reportedCurrency": "USD",
    "cik": "0001316835",
    "fillingDate": "2010-03-04",
    "acceptedDate": "2010-03-04 17:14:28",
    "calendarYear": "2009",
    "period": "Q4",
    "revenue": 153963000,
    "costOfRevenue": 123672000,
    "grossProfit": 30291000,
    "grossProfitRatio": 0.1967420744,
    "researchAndDevelopmentExpenses": 0,
    "generalAndAdministrativeExpenses": 49745000,
    "sellingAndMarketingExpenses": 0,
    "sellingGeneralAndAdministrativeExpenses": 49745000,
    "otherExpenses": 0,
    "operatingExpenses": 49745000,
    "costAndExpenses": 173417000,
    "interestIncome": 0,
    "interestExpense": 7487000,
    "depreciationAndAmortization": 4033000,
    "ebitda": -15431000,
    "ebitdaratio": -0.1002253788,
    "operatingIncome": -19464000,
    "operatingIncomeRatio": -0.126419984,
    "totalOtherIncomeExpensesNet": -7487000,
    "incomeBeforeTax": -26951000,
    "incomeBeforeTaxRatio": -0.1750485506,
    "incomeTaxExpense": -33181000,
    "netIncome": 6574000,
    "netIncomeRatio": 0.0426985704,
    "eps": 0.08,
    "epsdiluted": 0.08,
    "weightedAverageShsOut": 81849000,
    "weightedAverageShsOutDil": 81849000,
    "link": "https://www.sec.gov/Archives/edgar/data/1316835/000095012310021074/0000950123-10-021074-index.htm",
    "finalLink": "https://www.sec.gov/Archives/edgar/data/1316835/000095012310021074/d71342e10vk.htm"
  },
  {
    "date": "2009-09-30",
    "symbol": "BLDR",
    "reportedCurrency": "USD",
    "cik": "0001316835",
    "fillingDate": "2009-10-28",
    "acceptedDate": "2009-10-27 21:52:31",
    "calendarYear": "2009",
    "period": "Q3",
    "revenue": 188865000,
    "costOfRevenue": 149473000,
    "grossProfit": 39392000,
    "grossProfitRatio": 0.2085722606,
    "researchAndDevelopmentExpenses": 0,
    "generalAndAdministrativeExpenses": 49260000,
    "sellingAndMarketingExpenses": 0,
    "sellingGeneralAndAdministrativeExpenses": 49260000,
    "otherExpenses": 0,
    "operatingExpenses": 49260000,
    "costAndExpenses": 198733000,
    "interestIncome": 0,
    "interestExpense": 5930000,
    "depreciationAndAmortization": 4359000,
    "ebitda": -5550000,
    "ebitdaratio": -0.0293860694,
    "operatingIncome": -9909000,
    "operatingIncomeRatio": -0.0524660472,
    "totalOtherIncomeExpensesNet": -5930000,
    "incomeBeforeTax": -15839000,
    "incomeBeforeTaxRatio": -0.0838641358,
    "incomeTaxExpense": 110000,
    "netIncome": -15246000,
    "netIncomeRatio": -0.0807243269,
    "eps": -0.39,
    "epsdiluted": -0.39,
    "weightedAverageShsOut": 39179000,
    "weightedAverageShsOutDil": 39179000,
    "link": "https://www.sec.gov/Archives/edgar/data/1316835/000095012309053847/0000950123-09-053847-index.htm",
    "finalLink": "https://www.sec.gov/Archives/edgar/data/1316835/000095012309053847/d69779e10vq.htm"
  },
  {
    "date": "2009-06-30",
    "symbol": "BLDR",
    "reportedCurrency": "USD",
    "cik": "0001316835",
    "fillingDate": "2009-07-31",
    "acceptedDate": "2009-07-30 20:03:29",
    "calendarYear": "2009",
    "period": "Q2",
    "revenue": 175482000,
    "costOfRevenue": 136309000,
    "grossProfit": 39173000,
    "grossProfitRatio": 0.2232308727,
    "researchAndDevelopmentExpenses": 0,
    "generalAndAdministrativeExpenses": 50336000,
    "sellingAndMarketingExpenses": 0,
    "sellingGeneralAndAdministrativeExpenses": 50336000,
    "otherExpenses": 0,
    "operatingExpenses": 50336000,
    "costAndExpenses": 186645000,
    "interestIncome": 0,
    "interestExpense": 6092000,
    "depreciationAndAmortization": 4618000,
    "ebitda": -7553000,
    "ebitdaratio": -0.0430414515,
    "operatingIncome": -12328000,
    "operatingIncomeRatio": -0.0702522196,
    "totalOtherIncomeExpensesNet": -6092000,
    "incomeBeforeTax": -18420000,
    "incomeBeforeTaxRatio": -0.1049680309,
    "incomeTaxExpense": 134000,
    "netIncome": -22604000,
    "netIncomeRatio": -0.1288109322,
    "eps": -0.58,
    "epsdiluted": -0.58,
    "weightedAverageShsOut": 39135000,
    "weightedAverageShsOutDil": 39135000,
    "link": "https://www.sec.gov/Archives/edgar/data/1316835/000095012309027888/0000950123-09-027888-index.htm",
    "finalLink": "https://www.sec.gov/Archives/edgar/data/1316835/000095012309027888/d68567e10vq.htm"
  },
  {
    "date": "2009-03-31",
    "symbol": "BLDR",
    "reportedCurrency": "USD",
    "cik": "0001316835",
    "fillingDate": "2009-04-29",
    "acceptedDate": "2009-04-29 16:37:07",
    "calendarYear": "2009",
    "period": "Q1",
    "revenue": 163799000,
    "costOfRevenue": 129626000,
    "grossProfit": 34173000,
    "grossProfitRatio": 0.2086276473,
    "researchAndDevelopmentExpenses": 0,
    "generalAndAdministrativeExpenses": 54398000,
    "sellingAndMarketingExpenses": 0,
    "sellingGeneralAndAdministrativeExpenses": 54398000,
    "otherExpenses": 0,
    "operatingExpenses": 54398000,
    "costAndExpenses": 184024000,
    "interestIncome": 0,
    "interestExpense": 7541000,
    "depreciationAndAmortization": 4905000,
    "ebitda": -15320000,
    "ebitdaratio": -0.0935292645,
    "operatingIncome": -20785000,
    "operatingIncomeRatio": -0.1268933266,
    "totalOtherIncomeExpensesNet": -5717000,
    "incomeBeforeTax": -28326000,
    "incomeBeforeTaxRatio": -0.1729314587,
    "incomeTaxExpense": 2114000,
    "netIncome": -30578000,
    "netIncomeRatio": -0.1866800164,
    "eps": -0.78,
    "epsdiluted": -0.78,
    "weightedAverageShsOut": 39025000,
    "weightedAverageShsOutDil": 39025000,
    "link": "https://www.sec.gov/Archives/edgar/data/1316835/000095013409008764/0000950134-09-008764-index.htm",
    "finalLink": "https://www.sec.gov/Archives/edgar/data/1316835/000095013409008764/d67448e10vq.htm"
  },
  {
    "date": "2008-12-31",
    "symbol": "BLDR",
    "reportedCurrency": "USD",
    "cik": "0001316835",
    "fillingDate": "2009-03-02",
    "acceptedDate": "2009-02-27 19:28:55",
    "calendarYear": "2008",
    "period": "Q4",
    "revenue": 168428000,
    "costOfRevenue": 132478000,
    "grossProfit": 35950000,
    "grossProfitRatio": 0.2134443204,
    "researchAndDevelopmentExpenses": 0,
    "generalAndAdministrativeExpenses": 52171000,
    "sellingAndMarketingExpenses": 0,
    "sellingGeneralAndAdministrativeExpenses": 52171000,
    "otherExpenses": 0,
    "operatingExpenses": 42745000,
    "costAndExpenses": 175223000,
    "interestIncome": 0,
    "interestExpense": 25664000,
    "depreciationAndAmortization": 4847000,
    "ebitda": -53001000,
    "ebitdaratio": -0.3146804569,
    "operatingIncome": -57848000,
    "operatingIncomeRatio": -0.3434583323,
    "totalOtherIncomeExpensesNet": -6756000,
    "incomeBeforeTax": -64604000,
    "incomeBeforeTaxRatio": -0.3835704277,
    "incomeTaxExpense": -13429000,
    "netIncome": -58879000,
    "netIncomeRatio": -0.3495796423,
    "eps": -1.52,
    "epsdiluted": -1.51,
    "weightedAverageShsOut": 38784022,
    "weightedAverageShsOutDil": 39076343,
    "link": "https://www.sec.gov/Archives/edgar/data/1316835/000095013409004066/0000950134-09-004066-index.htm",
    "finalLink": "https://www.sec.gov/Archives/edgar/data/1316835/000095013409004066/d66600e10vk.htm"
  },
  {
    "date": "2008-09-30",
    "symbol": "BLDR",
    "reportedCurrency": "USD",
    "cik": "0001316835",
    "fillingDate": "2008-10-30",
    "acceptedDate": "2008-10-30 17:00:39",
    "calendarYear": "2008",
    "period": "Q3",
    "revenue": 288324000,
    "costOfRevenue": 227793000,
    "grossProfit": 60531000,
    "grossProfitRatio": 0.2099408998,
    "researchAndDevelopmentExpenses": 0,
    "generalAndAdministrativeExpenses": 79707000,
    "sellingAndMarketingExpenses": 0,
    "sellingGeneralAndAdministrativeExpenses": 79707000,
    "otherExpenses": 0,
    "operatingExpenses": 79707000,
    "costAndExpenses": 307500000,
    "interestIncome": 0,
    "interestExpense": 6144000,
    "depreciationAndAmortization": 3836000,
    "ebitda": -15340000,
    "ebitdaratio": -0.0532040344,
    "operatingIncome": -19176000,
    "operatingIncomeRatio": -0.0665085113,
    "totalOtherIncomeExpensesNet": -6144000,
    "incomeBeforeTax": -25320000,
    "incomeBeforeTaxRatio": -0.0878178716,
    "incomeTaxExpense": -6464000,
    "netIncome": -18856000,
    "netIncomeRatio": -0.0653986487,
    "eps": -0.48,
    "epsdiluted": -0.48,
    "weightedAverageShsOut": 38953008,
    "weightedAverageShsOutDil": 38953008,
    "link": "https://www.sec.gov/Archives/edgar/data/1316835/000095013408018800/0000950134-08-018800-index.htm",
    "finalLink": "https://www.sec.gov/Archives/edgar/data/1316835/000095013408018800/d64829e10vq.htm"
  },
  {
    "date": "2008-06-30",
    "symbol": "BLDR",
    "reportedCurrency": "USD",
    "cik": "0001316835",
    "fillingDate": "2008-07-31",
    "acceptedDate": "2008-07-31 17:15:25",
    "calendarYear": "2008",
    "period": "Q2",
    "revenue": 307261000,
    "costOfRevenue": 240991000,
    "grossProfit": 66270000,
    "grossProfitRatio": 0.2156798292,
    "researchAndDevelopmentExpenses": 0,
    "generalAndAdministrativeExpenses": 80837000,
    "sellingAndMarketingExpenses": 0,
    "sellingGeneralAndAdministrativeExpenses": 80837000,
    "otherExpenses": 0,
    "operatingExpenses": 95072000,
    "costAndExpenses": 336063000,
    "interestIncome": 0,
    "interestExpense": 6294000,
    "depreciationAndAmortization": 6258000,
    "ebitda": -22544000,
    "ebitdaratio": -0.0733708476,
    "operatingIncome": -28802000,
    "operatingIncomeRatio": -0.0937378971,
    "totalOtherIncomeExpensesNet": -6294000,
    "incomeBeforeTax": -35096000,
    "incomeBeforeTaxRatio": -0.1142221108,
    "incomeTaxExpense": 10817000,
    "netIncome": -45913000,
    "netIncomeRatio": -0.1494267089,
    "eps": -1.18,
    "epsdiluted": -1.18,
    "weightedAverageShsOut": 38927905,
    "weightedAverageShsOutDil": 38927905,
    "link": "https://www.sec.gov/Archives/edgar/data/1316835/000095013408013816/0000950134-08-013816-index.htm",
    "finalLink": "https://www.sec.gov/Archives/edgar/data/1316835/000095013408013816/d58890e10vq.htm"
  },
  {
    "date": "2008-03-31",
    "symbol": "BLDR",
    "reportedCurrency": "USD",
    "cik": "0001316835",
    "fillingDate": "2008-05-01",
    "acceptedDate": "2008-05-01 16:21:18",
    "calendarYear": "2008",
    "period": "Q1",
    "revenue": 270511000,
    "costOfRevenue": 210110000,
    "grossProfit": 60401000,
    "grossProfitRatio": 0.2232848202,
    "researchAndDevelopmentExpenses": 0,
    "generalAndAdministrativeExpenses": 79571000,
    "sellingAndMarketingExpenses": 0,
    "sellingGeneralAndAdministrativeExpenses": 79571000,
    "otherExpenses": 0,
    "operatingExpenses": 79571000,
    "costAndExpenses": 289681000,
    "interestIncome": 0,
    "interestExpense": 2400,
    "depreciationAndAmortization": 6633000,
    "ebitda": -12537000,
    "ebitdaratio": -0.04634562,
    "operatingIncome": -19170000,
    "operatingIncomeRatio": -0.0708658798,
    "totalOtherIncomeExpensesNet": -6470000,
    "incomeBeforeTax": -25640000,
    "incomeBeforeTaxRatio": -0.0947835763,
    "incomeTaxExpense": -9794000,
    "netIncome": -15846000,
    "netIncomeRatio": -0.0585780246,
    "eps": -0.41,
    "epsdiluted": -0.41,
    "weightedAverageShsOut": 38703065,
    "weightedAverageShsOutDil": 38703065,
    "link": "https://www.sec.gov/Archives/edgar/data/1316835/000095013408008182/0000950134-08-008182-index.htm",
    "finalLink": "https://www.sec.gov/Archives/edgar/data/1316835/000095013408008182/d56269e10vq.htm"
  },
  {
    "date": "2007-12-31",
    "symbol": "BLDR",
    "reportedCurrency": "USD",
    "cik": "0001316835",
    "fillingDate": "2008-03-05",
    "acceptedDate": "2008-03-05 13:00:48",
    "calendarYear": "2007",
    "period": "Q4",
    "revenue": 302262000,
    "costOfRevenue": 232763000,
    "grossProfit": 69499000,
    "grossProfitRatio": 0.2299296637,
    "researchAndDevelopmentExpenses": 0,
    "generalAndAdministrativeExpenses": 85391000,
    "sellingAndMarketingExpenses": 0,
    "sellingGeneralAndAdministrativeExpenses": 85391000,
    "otherExpenses": 0,
    "operatingExpenses": 94087000,
    "costAndExpenses": 326850000,
    "interestIncome": 0,
    "interestExpense": 27727000,
    "depreciationAndAmortization": 8997000,
    "ebitda": -15591000,
    "ebitdaratio": -0.0515810787,
    "operatingIncome": -24588000,
    "operatingIncomeRatio": -0.0813466463,
    "totalOtherIncomeExpensesNet": -7882000,
    "incomeBeforeTax": -32470000,
    "incomeBeforeTaxRatio": -0.1074233612,
    "incomeTaxExpense": -12103000,
    "netIncome": -20367000,
    "netIncomeRatio": -0.0673819402,
    "eps": -0.53,
    "epsdiluted": -0.53,
    "weightedAverageShsOut": 38269759,
    "weightedAverageShsOutDil": 38703065,
    "link": "https://www.sec.gov/Archives/edgar/data/1316835/000095013408004136/0000950134-08-004136-index.htm",
    "finalLink": "https://www.sec.gov/Archives/edgar/data/1316835/000095013408004136/d54408e10vk.htm"
  },
  {
    "date": "2007-09-30",
    "symbol": "BLDR",
    "reportedCurrency": "USD",
    "cik": "0001316835",
    "fillingDate": "2007-11-01",
    "acceptedDate": "2007-11-01 13:27:06",
    "calendarYear": "2007",
    "period": "Q3",
    "revenue": 413917000,
    "costOfRevenue": 314294000,
    "grossProfit": 99623000,
    "grossProfitRatio": 0.2406835187,
    "researchAndDevelopmentExpenses": 0,
    "generalAndAdministrativeExpenses": 93197000,
    "sellingAndMarketingExpenses": 0,
    "sellingGeneralAndAdministrativeExpenses": 93197000,
    "otherExpenses": 0,
    "operatingExpenses": 112061000,
    "costAndExpenses": 426355000,
    "interestIncome": 0,
    "interestExpense": 6550000,
    "depreciationAndAmortization": 6604000,
    "ebitda": -5834000,
    "ebitdaratio": -0.0140946132,
    "operatingIncome": -12438000,
    "operatingIncomeRatio": -0.0300495027,
    "totalOtherIncomeExpensesNet": -6550000,
    "incomeBeforeTax": -18988000,
    "incomeBeforeTaxRatio": -0.0458739312,
    "incomeTaxExpense": -6976000,
    "netIncome": -12012000,
    "netIncomeRatio": -0.0290203108,
    "eps": -0.31,
    "epsdiluted": -0.31,
    "weightedAverageShsOut": 38207543,
    "weightedAverageShsOutDil": 38207543,
    "link": "https://www.sec.gov/Archives/edgar/data/1316835/000095013407022512/0000950134-07-022512-index.htm",
    "finalLink": "https://www.sec.gov/Archives/edgar/data/1316835/000095013407022512/d50994e10vq.htm"
  },
  {
    "date": "2007-06-30",
    "symbol": "BLDR",
    "reportedCurrency": "USD",
    "cik": "0001316835",
    "fillingDate": "2007-08-02",
    "acceptedDate": "2007-08-02 16:35:33",
    "calendarYear": "2007",
    "period": "Q2",
    "revenue": 465140000,
    "costOfRevenue": 348507000,
    "grossProfit": 116633000,
    "grossProfitRatio": 0.2507481618,
    "researchAndDevelopmentExpenses": 0,
    "generalAndAdministrativeExpenses": 99563000,
    "sellingAndMarketingExpenses": 0,
    "sellingGeneralAndAdministrativeExpenses": 99563000,
    "otherExpenses": 0,
    "operatingExpenses": 99563000,
    "costAndExpenses": 448070000,
    "interestIncome": 0,
    "interestExpense": 1400,
    "depreciationAndAmortization": 6701000,
    "ebitda": 17070000,
    "ebitdaratio": 0.0366986284,
    "operatingIncome": 17070000,
    "operatingIncomeRatio": 0.0366986284,
    "totalOtherIncomeExpensesNet": -6583000,
    "incomeBeforeTax": 10487000,
    "incomeBeforeTaxRatio": 0.0225459002,
    "incomeTaxExpense": 2092000,
    "netIncome": 8395000,
    "netIncomeRatio": 0.0180483295,
    "eps": 0.22,
    "epsdiluted": 0.21,
    "weightedAverageShsOut": 38103855,
    "weightedAverageShsOutDil": 39676644,
    "link": "https://www.sec.gov/Archives/edgar/data/1316835/000095013407016617/0000950134-07-016617-index.htm",
    "finalLink": "https://www.sec.gov/Archives/edgar/data/1316835/000095013407016617/d48534e10vq.htm"
  },
  {
    "date": "2007-03-31",
    "symbol": "BLDR",
    "reportedCurrency": "USD",
    "cik": "0001316835",
    "fillingDate": "2007-05-03",
    "acceptedDate": "2007-05-03 13:59:24",
    "calendarYear": "2007",
    "period": "Q1",
    "revenue": 411143000,
    "costOfRevenue": 306592000,
    "grossProfit": 104551000,
    "grossProfitRatio": 0.2542935183,
    "researchAndDevelopmentExpenses": 0,
    "generalAndAdministrativeExpenses": 97470000,
    "sellingAndMarketingExpenses": 0,
    "sellingGeneralAndAdministrativeExpenses": 97470000,
    "otherExpenses": 0,
    "operatingExpenses": 97470000,
    "costAndExpenses": 404062000,
    "interestIncome": 0,
    "interestExpense": 0,
    "depreciationAndAmortization": 6727000,
    "ebitda": 7081000,
    "ebitdaratio": 0.0172227181,
    "operatingIncome": 7081000,
    "operatingIncomeRatio": 0.0172227181,
    "totalOtherIncomeExpensesNet": -6712000,
    "incomeBeforeTax": 369000,
    "incomeBeforeTaxRatio": 0.000897498,
    "incomeTaxExpense": 137000,
    "netIncome": 232000,
    "netIncomeRatio": 0.0005642806,
    "eps": 0.0092,
    "epsdiluted": 0.0092,
    "weightedAverageShsOut": 37800430,
    "weightedAverageShsOutDil": 39517292,
    "link": "https://www.sec.gov/Archives/edgar/data/1316835/000095013407010074/0000950134-07-010074-index.htm",
    "finalLink": "https://www.sec.gov/Archives/edgar/data/1316835/000095013407010074/d46084e10vq.htm"
  },
  {
    "date": "2006-12-31",
    "symbol": "BLDR",
    "reportedCurrency": "USD",
    "cik": "0001316835",
    "fillingDate": "2007-03-12",
    "acceptedDate": "2007-03-12 12:55:02",
    "calendarYear": "2006",
    "period": "Q4",
    "revenue": 438579000,
    "costOfRevenue": 324445000,
    "grossProfit": 114134000,
    "grossProfitRatio": 0.2602358982,
    "researchAndDevelopmentExpenses": 0,
    "generalAndAdministrativeExpenses": 99391000,
    "sellingAndMarketingExpenses": 0,
    "sellingGeneralAndAdministrativeExpenses": 99391000,
    "otherExpenses": 0,
    "operatingExpenses": 99391000,
    "costAndExpenses": 423836000,
    "interestIncome": 0,
    "interestExpense": 28718000,
    "depreciationAndAmortization": 6694000,
    "ebitda": 21437000,
    "ebitdaratio": 0.0488783093,
    "operatingIncome": 14743000,
    "operatingIncomeRatio": 0.0336153806,
    "totalOtherIncomeExpensesNet": -6925000,
    "incomeBeforeTax": 7818000,
    "incomeBeforeTaxRatio": 0.0178257509,
    "incomeTaxExpense": 3941000,
    "netIncome": 3877000,
    "netIncomeRatio": 0.0088399125,
    "eps": 0.1,
    "epsdiluted": 0.1,
    "weightedAverageShsOut": 37800430,
    "weightedAverageShsOutDil": 39517292,
    "link": "https://www.sec.gov/Archives/edgar/data/1316835/000095013407005357/0000950134-07-005357-index.htm",
    "finalLink": "https://www.sec.gov/Archives/edgar/data/1316835/000095013407005357/d43878e10vk.htm"
  },
  {
    "date": "2006-09-30",
    "symbol": "BLDR",
    "reportedCurrency": "USD",
    "cik": "0001316835",
    "fillingDate": "2006-11-02",
    "acceptedDate": "2006-11-02 17:01:59",
    "calendarYear": "2006",
    "period": "Q3",
    "revenue": 569895000,
    "costOfRevenue": 418100000,
    "grossProfit": 151795000,
    "grossProfitRatio": 0.2663560831,
    "researchAndDevelopmentExpenses": 0,
    "generalAndAdministrativeExpenses": 110562000,
    "sellingAndMarketingExpenses": 0,
    "sellingGeneralAndAdministrativeExpenses": 110562000,
    "otherExpenses": 0,
    "operatingExpenses": 117325000,
    "costAndExpenses": 535425000,
    "interestIncome": 0,
    "interestExpense": 7292000,
    "depreciationAndAmortization": 6457000,
    "ebitda": 34470000,
    "ebitdaratio": 0.0604848262,
    "operatingIncome": 34470000,
    "operatingIncomeRatio": 0.0604848262,
    "totalOtherIncomeExpensesNet": -7292000,
    "incomeBeforeTax": 27178000,
    "incomeBeforeTaxRatio": 0.0476894867,
    "incomeTaxExpense": 9862000,
    "netIncome": 17316000,
    "netIncomeRatio": 0.0303845445,
    "eps": 0.47,
    "epsdiluted": 0.44,
    "weightedAverageShsOut": 37165202,
    "weightedAverageShsOutDil": 39312098,
    "link": "https://www.sec.gov/Archives/edgar/data/1316835/000095013406020325/0000950134-06-020325-index.htm",
    "finalLink": "https://www.sec.gov/Archives/edgar/data/1316835/000095013406020325/d40752e10vq.htm"
  },
  {
    "date": "2006-06-30",
    "symbol": "BLDR",
    "reportedCurrency": "USD",
    "cik": "0001316835",
    "fillingDate": "2006-08-03",
    "acceptedDate": "2006-08-03 12:44:47",
    "calendarYear": "2006",
    "period": "Q2",
    "revenue": 642353000,
    "costOfRevenue": 472092000,
    "grossProfit": 170261000,
    "grossProfitRatio": 0.2650583091,
    "researchAndDevelopmentExpenses": 0,
    "generalAndAdministrativeExpenses": 117789000,
    "sellingAndMarketingExpenses": 0,
    "sellingGeneralAndAdministrativeExpenses": 117789000,
    "otherExpenses": 0,
    "operatingExpenses": 117789000,
    "costAndExpenses": 589881000,
    "interestIncome": 0,
    "interestExpense": 0,
    "depreciationAndAmortization": 6030000,
    "ebitda": 52472000,
    "ebitdaratio": 0.081687172,
    "operatingIncome": 52472000,
    "operatingIncomeRatio": 0.081687172,
    "totalOtherIncomeExpensesNet": -7325000,
    "incomeBeforeTax": 45147000,
    "incomeBeforeTaxRatio": 0.0702837848,
    "incomeTaxExpense": 16765000,
    "netIncome": 28382000,
    "netIncomeRatio": 0.0441844282,
    "eps": 0.77,
    "epsdiluted": 0.72,
    "weightedAverageShsOut": 36877057,
    "weightedAverageShsOutDil": 39381951,
    "link": "https://www.sec.gov/Archives/edgar/data/1316835/000095013406014671/0000950134-06-014671-index.htm",
    "finalLink": "https://www.sec.gov/Archives/edgar/data/1316835/000095013406014671/d38278e10vq.htm"
  },
  {
    "date": "2006-03-31",
    "symbol": "BLDR",
    "reportedCurrency": "USD",
    "cik": "0001316835",
    "fillingDate": "2006-05-04",
    "acceptedDate": "2006-05-04 10:01:26",
    "calendarYear": "2006",
    "period": "Q1",
    "revenue": 588627000,
    "costOfRevenue": 438262000,
    "grossProfit": 150365000,
    "grossProfitRatio": 0.2554503956,
    "researchAndDevelopmentExpenses": 0,
    "generalAndAdministrativeExpenses": 112202000,
    "sellingAndMarketingExpenses": 0,
    "sellingGeneralAndAdministrativeExpenses": 112202000,
    "otherExpenses": 0,
    "operatingExpenses": 112202000,
    "costAndExpenses": 550464000,
    "interestIncome": 0,
    "interestExpense": 0,
    "depreciationAndAmortization": 5788000,
    "ebitda": 38163000,
    "ebitdaratio": 0.0648339271,
    "operatingIncome": 38163000,
    "operatingIncomeRatio": 0.0648339271,
    "totalOtherIncomeExpensesNet": -7176000,
    "incomeBeforeTax": 30987000,
    "incomeBeforeTaxRatio": 0.0526428451,
    "incomeTaxExpense": 11669000,
    "netIncome": 19318000,
    "netIncomeRatio": 0.032818746,
    "eps": 0.53,
    "epsdiluted": 0.49,
    "weightedAverageShsOut": 36132683,
    "weightedAverageShsOutDil": 39277171,
    "link": "https://www.sec.gov/Archives/edgar/data/1316835/000095013406008719/0000950134-06-008719-index.htm",
    "finalLink": "https://www.sec.gov/Archives/edgar/data/1316835/000095013406008719/d35551e10vq.htm"
  },
  {
    "date": "2005-12-31",
    "symbol": "BLDR",
    "reportedCurrency": "USD",
    "cik": "0001316835",
    "fillingDate": "2006-03-13",
    "acceptedDate": "2006-03-13 17:22:07",
    "calendarYear": "2005",
    "period": "Q4",
    "revenue": 565851000,
    "costOfRevenue": 419707000,
    "grossProfit": 146144000,
    "grossProfitRatio": 0.2582729376,
    "researchAndDevelopmentExpenses": 0,
    "generalAndAdministrativeExpenses": 108583000,
    "sellingAndMarketingExpenses": 0,
    "sellingGeneralAndAdministrativeExpenses": 108583000,
    "otherExpenses": 0,
    "operatingExpenses": 108583000,
    "costAndExpenses": 528290000,
    "interestIncome": 0,
    "interestExpense": 47227000,
    "depreciationAndAmortization": 6072000,
    "ebitda": 43633000,
    "ebitdaratio": 0.0771104054,
    "operatingIncome": 37561000,
    "operatingIncomeRatio": 0.0663796653,
    "totalOtherIncomeExpensesNet": -7583000,
    "incomeBeforeTax": 29978000,
    "incomeBeforeTaxRatio": 0.052978611,
    "incomeTaxExpense": 10479000,
    "netIncome": 19499000,
    "netIncomeRatio": 0.0344596016,
    "eps": 0.54,
    "epsdiluted": 0.5,
    "weightedAverageShsOut": 36132683,
    "weightedAverageShsOutDil": 39277171,
    "link": "https://www.sec.gov/Archives/edgar/data/1316835/000095013406004905/0000950134-06-004905-index.htm",
    "finalLink": "https://www.sec.gov/Archives/edgar/data/1316835/000095013406004905/d33711e10vk.htm"
  },
  {
    "date": "2005-09-30",
    "symbol": "BLDR",
    "reportedCurrency": "USD",
    "cik": "0001316835",
    "fillingDate": "2005-11-02",
    "acceptedDate": "2005-11-02 14:42:19",
    "calendarYear": "2005",
    "period": "Q3",
    "revenue": 643964000,
    "costOfRevenue": 474019000,
    "grossProfit": 169945000,
    "grossProfitRatio": 0.263904504,
    "researchAndDevelopmentExpenses": 0,
    "generalAndAdministrativeExpenses": 115974000,
    "sellingAndMarketingExpenses": 0,
    "sellingGeneralAndAdministrativeExpenses": 115974000,
    "otherExpenses": 0,
    "operatingExpenses": 115974000,
    "costAndExpenses": 589993000,
    "interestIncome": 0,
    "interestExpense": 8137000,
    "depreciationAndAmortization": 5989000,
    "ebitda": 53971000,
    "ebitdaratio": 0.0838105857,
    "operatingIncome": 53971000,
    "operatingIncomeRatio": 0.0838105857,
    "totalOtherIncomeExpensesNet": -8137000,
    "incomeBeforeTax": 45834000,
    "incomeBeforeTaxRatio": 0.0711747862,
    "incomeTaxExpense": 18006000,
    "netIncome": 27828000,
    "netIncomeRatio": 0.0432135958,
    "eps": 0.78,
    "epsdiluted": 0.73,
    "weightedAverageShsOut": 35646985,
    "weightedAverageShsOutDil": 38199903,
    "link": "https://www.sec.gov/Archives/edgar/data/1316835/000095012305012962/0000950123-05-012962-index.htm",
    "finalLink": "https://www.sec.gov/Archives/edgar/data/1316835/000095012305012962/y13890e10vq.htm"
  },
  {
    "date": "2005-06-30",
    "symbol": "BLDR",
    "reportedCurrency": "USD",
    "cik": "0001316835",
    "fillingDate": "2005-08-04",
    "acceptedDate": "2005-08-04 13:18:19",
    "calendarYear": "2005",
    "period": "Q2",
    "revenue": 618600000,
    "costOfRevenue": 463097000,
    "grossProfit": 155503000,
    "grossProfitRatio": 0.2513789201,
    "researchAndDevelopmentExpenses": 0,
    "generalAndAdministrativeExpenses": 109532000,
    "sellingAndMarketingExpenses": 0,
    "sellingGeneralAndAdministrativeExpenses": 109532000,
    "otherExpenses": 0,
    "operatingExpenses": 109532000,
    "costAndExpenses": 572629000,
    "interestIncome": 0,
    "interestExpense": 12303000,
    "depreciationAndAmortization": 8561000,
    "ebitda": 45971000,
    "ebitdaratio": 0.0743145813,
    "operatingIncome": 45971000,
    "operatingIncomeRatio": 0.0743145813,
    "totalOtherIncomeExpensesNet": -12303000,
    "incomeBeforeTax": 33668000,
    "incomeBeforeTaxRatio": 0.0544261235,
    "incomeTaxExpense": 13507000,
    "netIncome": 20161000,
    "netIncomeRatio": 0.0325913353,
    "eps": 0.71,
    "epsdiluted": 0.66,
    "weightedAverageShsOut": 28258913,
    "weightedAverageShsOutDil": 30688496,
    "link": "https://www.sec.gov/Archives/edgar/data/1316835/000095012305009406/0000950123-05-009406-index.htm",
    "finalLink": "https://www.sec.gov/Archives/edgar/data/1316835/000095012305009406/y11444e10vq.htm"
  },
  {
    "date": "2005-03-31",
    "symbol": "BLDR",
    "reportedCurrency": "USD",
    "cik": "0001316835",
    "fillingDate": "2005-03-31",
    "acceptedDate": "2005-03-30 19:00:00",
    "calendarYear": "2005",
    "period": "Q1",
    "revenue": 509342000,
    "costOfRevenue": 388407000,
    "grossProfit": 120935000,
    "grossProfitRatio": 0.2374337871,
    "researchAndDevelopmentExpenses": 0,
    "generalAndAdministrativeExpenses": 133266000,
    "sellingAndMarketingExpenses": 0,
    "sellingGeneralAndAdministrativeExpenses": 133266000,
    "otherExpenses": 0,
    "operatingExpenses": 133266000,
    "costAndExpenses": 521673000,
    "interestIncome": 0,
    "interestExpense": 0,
    "depreciationAndAmortization": 15077000,
    "ebitda": 2746000,
    "ebitdaratio": 0.0053912695,
    "operatingIncome": -12331000,
    "operatingIncomeRatio": -0.0242096666,
    "totalOtherIncomeExpensesNet": -19204000,
    "incomeBeforeTax": -31535000,
    "incomeBeforeTaxRatio": -0.0619132135,
    "incomeTaxExpense": -12675000,
    "netIncome": -18860000,
    "netIncomeRatio": -0.0370281658,
    "eps": -0.69,
    "epsdiluted": -0.69,
    "weightedAverageShsOut": 27447960,
    "weightedAverageShsOutDil": 27447960,
    "link": "",
    "finalLink": ""
  }
]