[
  {
    "date": "2025-06-30",
    "symbol": "BLK",
    "reportedCurrency": "USD",
    "cik": "0002012383",
    "fillingDate": "2025-08-06",
    "acceptedDate": "2025-08-06 13:46:16",
    "calendarYear": "2025",
    "period": "Q2",
    "revenue": 5423000000,
    "costOfRevenue": 2827000000,
    "grossProfit": 2596000000,
    "grossProfitRatio": 0.4787018256,
    "researchAndDevelopmentExpenses": 0,
    "generalAndAdministrativeExpenses": 689000000,
    "sellingAndMarketingExpenses": 0,
    "sellingGeneralAndAdministrativeExpenses": 689000000,
    "otherExpenses": 176000000,
    "operatingExpenses": 865000000,
    "costAndExpenses": 3692000000,
    "interestIncome": 144000000,
    "interestExpense": 173000000,
    "depreciationAndAmortization": 0,
    "ebitda": 2425000000,
    "ebitdaratio": 0.4471694634,
    "operatingIncome": 1731000000,
    "operatingIncomeRatio": 0.319196017,
    "totalOtherIncomeExpensesNet": 521000000,
    "incomeBeforeTax": 2252000000,
    "incomeBeforeTaxRatio": 0.4152683017,
    "incomeTaxExpense": 587000000,
    "netIncome": 1593000000,
    "netIncomeRatio": 0.2937488475,
    "eps": 10.29,
    "epsdiluted": 10.19,
    "weightedAverageShsOut": 154900000,
    "weightedAverageShsOutDil": 156300000,
    "link": "https://www.sec.gov/Archives/edgar/data/2012383/000095017025103780/0000950170-25-103780-index.htm",
    "finalLink": "https://www.sec.gov/Archives/edgar/data/2012383/000095017025103780/blk-20250630.htm"
  },
  {
    "date": "2025-03-31",
    "symbol": "BLK",
    "reportedCurrency": "USD",
    "cik": "0002012383",
    "fillingDate": "2025-05-07",
    "acceptedDate": "2025-05-07 16:51:08",
    "calendarYear": "2025",
    "period": "Q1",
    "revenue": 5276000000,
    "costOfRevenue": 2750000000,
    "grossProfit": 2526000000,
    "grossProfitRatio": 0.4787717968,
    "researchAndDevelopmentExpenses": 189000000,
    "generalAndAdministrativeExpenses": 526000000,
    "sellingAndMarketingExpenses": 97000000,
    "sellingGeneralAndAdministrativeExpenses": 623000000,
    "otherExpenses": 16000000,
    "operatingExpenses": 828000000,
    "costAndExpenses": 3578000000,
    "interestIncome": 173000000,
    "interestExpense": 166000000,
    "depreciationAndAmortization": 194000000,
    "ebitda": 2027000000,
    "ebitdaratio": 0.3841925701,
    "operatingIncome": 1698000000,
    "operatingIncomeRatio": 0.3218347233,
    "totalOtherIncomeExpensesNet": 65000000,
    "incomeBeforeTax": 1763000000,
    "incomeBeforeTaxRatio": 0.3341546626,
    "incomeTaxExpense": 248000000,
    "netIncome": 1510000000,
    "netIncomeRatio": 0.2862016679,
    "eps": 9.74,
    "epsdiluted": 9.64,
    "weightedAverageShsOut": 155000000,
    "weightedAverageShsOutDil": 156600000,
    "link": "https://www.sec.gov/Archives/edgar/data/2012383/000095017025065838/0000950170-25-065838-index.htm",
    "finalLink": "https://www.sec.gov/Archives/edgar/data/2012383/000095017025065838/blk-20250331.htm"
  },
  {
    "date": "2024-12-31",
    "symbol": "BLK",
    "reportedCurrency": "USD",
    "cik": "0002012383",
    "fillingDate": "2025-02-25",
    "acceptedDate": "2025-02-25 15:59:36",
    "calendarYear": "2024",
    "period": "Q4",
    "revenue": 5677000000,
    "costOfRevenue": 2881000000,
    "grossProfit": 2796000000,
    "grossProfitRatio": 0.4925136516,
    "researchAndDevelopmentExpenses": 182000000,
    "generalAndAdministrativeExpenses": 539000000,
    "sellingAndMarketingExpenses": 92000000,
    "sellingGeneralAndAdministrativeExpenses": 631000000,
    "otherExpenses": -92000000,
    "operatingExpenses": 721000000,
    "costAndExpenses": 3602000000,
    "interestIncome": 212000000,
    "interestExpense": 166000000,
    "depreciationAndAmortization": 200000000,
    "ebitda": 2285000000,
    "ebitdaratio": 0.4025013211,
    "operatingIncome": 2075000000,
    "operatingIncomeRatio": 0.3655099524,
    "totalOtherIncomeExpensesNet": 28000000,
    "incomeBeforeTax": 2103000000,
    "incomeBeforeTaxRatio": 0.3704421349,
    "incomeTaxExpense": 442000000,
    "netIncome": 1670000000,
    "netIncomeRatio": 0.2941694557,
    "eps": 10.78,
    "epsdiluted": 10.64,
    "weightedAverageShsOut": 155000000,
    "weightedAverageShsOutDil": 157000000,
    "link": "https://www.sec.gov/Archives/edgar/data/2012383/000095017025026584/0000950170-25-026584-index.htm",
    "finalLink": "https://www.sec.gov/Archives/edgar/data/2012383/000095017025026584/blk-20241231.htm"
  },
  {
    "date": "2024-09-30",
    "symbol": "BLK",
    "reportedCurrency": "USD",
    "cik": "0002012383",
    "fillingDate": "2024-11-06",
    "acceptedDate": "2024-11-06 16:09:36",
    "calendarYear": "2024",
    "period": "Q3",
    "revenue": 5197000000,
    "costOfRevenue": 2540000000,
    "grossProfit": 2657000000,
    "grossProfitRatio": 0.5112564941,
    "researchAndDevelopmentExpenses": 175000000,
    "generalAndAdministrativeExpenses": 497000000,
    "sellingAndMarketingExpenses": 64000000,
    "sellingGeneralAndAdministrativeExpenses": 561000000,
    "otherExpenses": -85000000,
    "operatingExpenses": 651000000,
    "costAndExpenses": 3190000000,
    "interestIncome": 236000000,
    "interestExpense": 154000000,
    "depreciationAndAmortization": 110000000,
    "ebitda": 2181000000,
    "ebitdaratio": 0.4196651915,
    "operatingIncome": 2006000000,
    "operatingIncomeRatio": 0.3859919184,
    "totalOtherIncomeExpensesNet": 259000000,
    "incomeBeforeTax": 2265000000,
    "incomeBeforeTaxRatio": 0.4358283625,
    "incomeTaxExpense": 574000000,
    "netIncome": 1631000000,
    "netIncomeRatio": 0.3138349048,
    "eps": 11.02,
    "epsdiluted": 10.9,
    "weightedAverageShsOut": 148000000,
    "weightedAverageShsOutDil": 149600000,
    "link": "https://www.sec.gov/Archives/edgar/data/2012383/000095017024122256/0000950170-24-122256-index.htm",
    "finalLink": "https://www.sec.gov/Archives/edgar/data/2012383/000095017024122256/blk-20240930.htm"
  },
  {
    "date": "2024-06-30",
    "symbol": "BLK",
    "reportedCurrency": "USD",
    "cik": "0002012383",
    "fillingDate": "2024-08-06",
    "acceptedDate": "2024-08-06 15:57:51",
    "calendarYear": "2024",
    "period": "Q2",
    "revenue": 4805000000,
    "costOfRevenue": 2432000000,
    "grossProfit": 2373000000,
    "grossProfitRatio": 0.4938605619,
    "researchAndDevelopmentExpenses": 157000000,
    "generalAndAdministrativeExpenses": 455000000,
    "sellingAndMarketingExpenses": 76000000,
    "sellingGeneralAndAdministrativeExpenses": 531000000,
    "otherExpenses": -115000000,
    "operatingExpenses": 573000000,
    "costAndExpenses": 3005000000,
    "interestIncome": 178000000,
    "interestExpense": 126000000,
    "depreciationAndAmortization": 108000000,
    "ebitda": 1922000000,
    "ebitdaratio": 0.4,
    "operatingIncome": 1800000000,
    "operatingIncomeRatio": 0.3746097815,
    "totalOtherIncomeExpensesNet": 214000000,
    "incomeBeforeTax": 2014000000,
    "incomeBeforeTaxRatio": 0.4191467222,
    "incomeTaxExpense": 477000000,
    "netIncome": 1495000000,
    "netIncomeRatio": 0.3111342352,
    "eps": 10.07,
    "epsdiluted": 9.99,
    "weightedAverageShsOut": 148442950,
    "weightedAverageShsOutDil": 149657889,
    "link": "https://www.sec.gov/Archives/edgar/data/1364742/000095017024091706/0000950170-24-091706-index.htm",
    "finalLink": "https://www.sec.gov/Archives/edgar/data/1364742/000095017024091706/blk-20240630.htm"
  },
  {
    "date": "2024-03-31",
    "symbol": "BLK",
    "reportedCurrency": "USD",
    "cik": "0002012383",
    "fillingDate": "2024-05-07",
    "acceptedDate": "2024-05-07 12:07:25",
    "calendarYear": "2024",
    "period": "Q1",
    "revenue": 4728000000,
    "costOfRevenue": 2468000000,
    "grossProfit": 2260000000,
    "grossProfitRatio": 0.4780033841,
    "researchAndDevelopmentExpenses": 160000000,
    "generalAndAdministrativeExpenses": 452000000,
    "sellingAndMarketingExpenses": 82000000,
    "sellingGeneralAndAdministrativeExpenses": 534000000,
    "otherExpenses": -127000000,
    "operatingExpenses": 567000000,
    "costAndExpenses": 3040000000,
    "interestIncome": 141000000,
    "interestExpense": 92000000,
    "depreciationAndAmortization": 111000000,
    "ebitda": 1819000000,
    "ebitdaratio": 0.3847292724,
    "operatingIncome": 1693000000,
    "operatingIncomeRatio": 0.3580795262,
    "totalOtherIncomeExpensesNet": 220000000,
    "incomeBeforeTax": 1913000000,
    "incomeBeforeTaxRatio": 0.4046108291,
    "incomeTaxExpense": 290000000,
    "netIncome": 1573000000,
    "netIncomeRatio": 0.3326988156,
    "eps": 10.58,
    "epsdiluted": 10.48,
    "weightedAverageShsOut": 148689172,
    "weightedAverageShsOutDil": 150100000,
    "link": "https://www.sec.gov/Archives/edgar/data/1364742/000095017024054148/0000950170-24-054148-index.htm",
    "finalLink": "https://www.sec.gov/Archives/edgar/data/1364742/000095017024054148/blk-20240331.htm"
  },
  {
    "date": "2023-12-31",
    "symbol": "BLK",
    "reportedCurrency": "USD",
    "cik": "0002012383",
    "fillingDate": "2024-02-23",
    "acceptedDate": "2024-02-23 14:28:07",
    "calendarYear": "2023",
    "period": "Q4",
    "revenue": 4631000000,
    "costOfRevenue": 2358000000,
    "grossProfit": 2273000000,
    "grossProfitRatio": 0.4908227165,
    "researchAndDevelopmentExpenses": 186000000,
    "generalAndAdministrativeExpenses": 13067000000,
    "sellingAndMarketingExpenses": -257000000,
    "sellingGeneralAndAdministrativeExpenses": 12810000000,
    "otherExpenses": -12308000000,
    "operatingExpenses": 688000000,
    "costAndExpenses": 3046000000,
    "interestIncome": 159000000,
    "interestExpense": 82000000,
    "depreciationAndAmortization": 111000000,
    "ebitda": 1759000000,
    "ebitdaratio": 0.3798315699,
    "operatingIncome": 1585000000,
    "operatingIncomeRatio": 0.3422586914,
    "totalOtherIncomeExpensesNet": 342000000,
    "incomeBeforeTax": 1927000000,
    "incomeBeforeTaxRatio": 0.4161088318,
    "incomeTaxExpense": 438000000,
    "netIncome": 1375000000,
    "netIncomeRatio": 0.296912114,
    "eps": 9.25,
    "epsdiluted": 9.15,
    "weightedAverageShsOut": 148700000,
    "weightedAverageShsOutDil": 150200000,
    "link": "https://www.sec.gov/Archives/edgar/data/1364742/000095017024019271/0000950170-24-019271-index.htm",
    "finalLink": "https://www.sec.gov/Archives/edgar/data/1364742/000095017024019271/blk-20231231.htm"
  },
  {
    "date": "2023-09-30",
    "symbol": "BLK",
    "reportedCurrency": "USD",
    "cik": "0002012383",
    "fillingDate": "2023-11-06",
    "acceptedDate": "2023-11-06 14:24:41",
    "calendarYear": "2023",
    "period": "Q3",
    "revenue": 4522000000,
    "costOfRevenue": 2328000000,
    "grossProfit": 2194000000,
    "grossProfitRatio": 0.4851835471,
    "researchAndDevelopmentExpenses": 145000000,
    "generalAndAdministrativeExpenses": 447000000,
    "sellingAndMarketingExpenses": 74000000,
    "sellingGeneralAndAdministrativeExpenses": 521000000,
    "otherExpenses": -109000000,
    "operatingExpenses": 557000000,
    "costAndExpenses": 2885000000,
    "interestIncome": 139000000,
    "interestExpense": 82000000,
    "depreciationAndAmortization": 108000000,
    "ebitda": 1749000000,
    "ebitdaratio": 0.3867757629,
    "operatingIncome": 1637000000,
    "operatingIncomeRatio": 0.3620079611,
    "totalOtherIncomeExpensesNet": 171000000,
    "incomeBeforeTax": 1808000000,
    "incomeBeforeTaxRatio": 0.3998230871,
    "incomeTaxExpense": 213000000,
    "netIncome": 1604000000,
    "netIncomeRatio": 0.3547103052,
    "eps": 10.75,
    "epsdiluted": 10.66,
    "weightedAverageShsOut": 149200000,
    "weightedAverageShsOutDil": 150500000,
    "link": "https://www.sec.gov/Archives/edgar/data/1364742/000095017023059279/0000950170-23-059279-index.htm",
    "finalLink": "https://www.sec.gov/Archives/edgar/data/1364742/000095017023059279/blk-20230930.htm"
  },
  {
    "date": "2023-06-30",
    "symbol": "BLK",
    "reportedCurrency": "USD",
    "cik": "0002012383",
    "fillingDate": "2023-08-04",
    "acceptedDate": "2023-08-04 14:22:08",
    "calendarYear": "2023",
    "period": "Q2",
    "revenue": 4463000000,
    "costOfRevenue": 2318000000,
    "grossProfit": 2145000000,
    "grossProfitRatio": 0.4806184181,
    "researchAndDevelopmentExpenses": 141000000,
    "generalAndAdministrativeExpenses": 416000000,
    "sellingAndMarketingExpenses": 74000000,
    "sellingGeneralAndAdministrativeExpenses": 489000000,
    "otherExpenses": -100000000,
    "operatingExpenses": 530000000,
    "costAndExpenses": 2845000000,
    "interestIncome": 89000000,
    "interestExpense": 69000000,
    "depreciationAndAmortization": 102000000,
    "ebitda": 1721000000,
    "ebitdaratio": 0.3856150571,
    "operatingIncome": 1615000000,
    "operatingIncomeRatio": 0.3618642169,
    "totalOtherIncomeExpensesNet": 251000000,
    "incomeBeforeTax": 1866000000,
    "incomeBeforeTaxRatio": 0.4181044141,
    "incomeTaxExpense": 443000000,
    "netIncome": 1366000000,
    "netIncomeRatio": 0.3060721488,
    "eps": 9.13,
    "epsdiluted": 9.06,
    "weightedAverageShsOut": 149604642,
    "weightedAverageShsOutDil": 150739213,
    "link": "https://www.sec.gov/Archives/edgar/data/1364742/000095017023038497/0000950170-23-038497-index.htm",
    "finalLink": "https://www.sec.gov/Archives/edgar/data/1364742/000095017023038497/blk-20230630.htm"
  },
  {
    "date": "2023-03-31",
    "symbol": "BLK",
    "reportedCurrency": "USD",
    "cik": "0002012383",
    "fillingDate": "2023-05-05",
    "acceptedDate": "2023-05-05 13:21:58",
    "calendarYear": "2023",
    "period": "Q1",
    "revenue": 4243000000,
    "costOfRevenue": 2273000000,
    "grossProfit": 1970000000,
    "grossProfitRatio": 0.4642941315,
    "researchAndDevelopmentExpenses": 135000000,
    "generalAndAdministrativeExpenses": 422000000,
    "sellingAndMarketingExpenses": 74000000,
    "sellingGeneralAndAdministrativeExpenses": 495000000,
    "otherExpenses": -98000000,
    "operatingExpenses": 532000000,
    "costAndExpenses": 2806000000,
    "interestIncome": 86000000,
    "interestExpense": 59000000,
    "depreciationAndAmortization": 106000000,
    "ebitda": 1544000000,
    "ebitdaratio": 0.3638934716,
    "operatingIncome": 1438000000,
    "operatingIncomeRatio": 0.3389111478,
    "totalOtherIncomeExpensesNet": 116000000,
    "incomeBeforeTax": 1554000000,
    "incomeBeforeTaxRatio": 0.3662502946,
    "incomeTaxExpense": 385000000,
    "netIncome": 1157000000,
    "netIncomeRatio": 0.2726844214,
    "eps": 7.72,
    "epsdiluted": 7.64,
    "weightedAverageShsOut": 149909343,
    "weightedAverageShsOutDil": 151349829,
    "link": "https://www.sec.gov/Archives/edgar/data/1364742/000095017023018214/0000950170-23-018214-index.htm",
    "finalLink": "https://www.sec.gov/Archives/edgar/data/1364742/000095017023018214/blk-20230331.htm"
  },
  {
    "date": "2022-12-31",
    "symbol": "BLK",
    "reportedCurrency": "USD",
    "cik": "0002012383",
    "fillingDate": "2023-02-24",
    "acceptedDate": "2023-02-24 14:35:17",
    "calendarYear": "2022",
    "period": "Q4",
    "revenue": 4337000000,
    "costOfRevenue": 2202000000,
    "grossProfit": 2135000000,
    "grossProfitRatio": 0.4922757667,
    "researchAndDevelopmentExpenses": 151000000,
    "generalAndAdministrativeExpenses": 454000000,
    "sellingAndMarketingExpenses": 100000000,
    "sellingGeneralAndAdministrativeExpenses": 554000000,
    "otherExpenses": 3000000,
    "operatingExpenses": 708000000,
    "costAndExpenses": 2910000000,
    "interestIncome": 72000000,
    "interestExpense": 54000000,
    "depreciationAndAmortization": 110000000,
    "ebitda": 1629000000,
    "ebitdaratio": 0.3756052571,
    "operatingIncome": 1427000000,
    "operatingIncomeRatio": 0.3290292829,
    "totalOtherIncomeExpensesNet": 225000000,
    "incomeBeforeTax": 1652000000,
    "incomeBeforeTaxRatio": 0.3809084621,
    "incomeTaxExpense": 345000000,
    "netIncome": 1259000000,
    "netIncomeRatio": 0.2902928291,
    "eps": 8.39,
    "epsdiluted": 8.29,
    "weightedAverageShsOut": 150035914,
    "weightedAverageShsOutDil": 151839446,
    "link": "https://www.sec.gov/Archives/edgar/data/1364742/000095017023004343/0000950170-23-004343-index.htm",
    "finalLink": "https://www.sec.gov/Archives/edgar/data/1364742/000095017023004343/blk-20221231.htm"
  },
  {
    "date": "2022-09-30",
    "symbol": "BLK",
    "reportedCurrency": "USD",
    "cik": "0002012383",
    "fillingDate": "2022-11-04",
    "acceptedDate": "2022-11-04 14:30:31",
    "calendarYear": "2022",
    "period": "Q3",
    "revenue": 4311000000,
    "costOfRevenue": 2193000000,
    "grossProfit": 2118000000,
    "grossProfitRatio": 0.4913013222,
    "researchAndDevelopmentExpenses": 156000000,
    "generalAndAdministrativeExpenses": 434000000,
    "sellingAndMarketingExpenses": 95000000,
    "sellingGeneralAndAdministrativeExpenses": 529000000,
    "otherExpenses": -93000000,
    "operatingExpenses": 592000000,
    "costAndExpenses": 2785000000,
    "interestIncome": 41000000,
    "interestExpense": 50000000,
    "depreciationAndAmortization": 109000000,
    "ebitda": 1636000000,
    "ebitdaratio": 0.3794943169,
    "operatingIncome": 1526000000,
    "operatingIncomeRatio": 0.3539781953,
    "totalOtherIncomeExpensesNet": 165000000,
    "incomeBeforeTax": 1691000000,
    "incomeBeforeTaxRatio": 0.3922523776,
    "incomeTaxExpense": 330000000,
    "netIncome": 1406000000,
    "netIncomeRatio": 0.3261424264,
    "eps": 9.295868813419967,
    "epsdiluted": 9.215340981314789,
    "weightedAverageShsOut": 151249983,
    "weightedAverageShsOutDil": 152571674,
    "link": "https://www.sec.gov/Archives/edgar/data/1364742/000095017022022155/0000950170-22-022155-index.htm",
    "finalLink": "https://www.sec.gov/Archives/edgar/data/1364742/000095017022022155/blk-20220930.htm"
  },
  {
    "date": "2022-06-30",
    "symbol": "BLK",
    "reportedCurrency": "USD",
    "cik": "0002012383",
    "fillingDate": "2022-08-05",
    "acceptedDate": "2022-08-05 11:50:44",
    "calendarYear": "2022",
    "period": "Q2",
    "revenue": 4526000000,
    "costOfRevenue": 2290000000,
    "grossProfit": 2236000000,
    "grossProfitRatio": 0.4940344675,
    "researchAndDevelopmentExpenses": 148000000,
    "generalAndAdministrativeExpenses": 432000000,
    "sellingAndMarketingExpenses": 76000000,
    "sellingGeneralAndAdministrativeExpenses": 508000000,
    "otherExpenses": -88000000,
    "operatingExpenses": 568000000,
    "costAndExpenses": 2856000000,
    "interestIncome": 21000000,
    "interestExpense": 54000000,
    "depreciationAndAmortization": 99000000,
    "ebitda": 1767000000,
    "ebitdaratio": 0.3904109589,
    "operatingIncome": 1668000000,
    "operatingIncomeRatio": 0.3685373398,
    "totalOtherIncomeExpensesNet": -347000000,
    "incomeBeforeTax": 1321000000,
    "incomeBeforeTaxRatio": 0.2918692002,
    "incomeTaxExpense": 358000000,
    "netIncome": 1077000000,
    "netIncomeRatio": 0.2379584622,
    "eps": 7.12,
    "epsdiluted": 7.04,
    "weightedAverageShsOut": 151292580,
    "weightedAverageShsOutDil": 153064576,
    "link": "https://www.sec.gov/Archives/edgar/data/1364742/000156459022028139/0001564590-22-028139-index.htm",
    "finalLink": "https://www.sec.gov/Archives/edgar/data/1364742/000156459022028139/blk-10q_20220630.htm"
  },
  {
    "date": "2022-03-31",
    "symbol": "BLK",
    "reportedCurrency": "USD",
    "cik": "0002012383",
    "fillingDate": "2022-05-06",
    "acceptedDate": "2022-05-06 12:40:30",
    "calendarYear": "2022",
    "period": "Q1",
    "revenue": 4699000000,
    "costOfRevenue": 2401000000,
    "grossProfit": 2298000000,
    "grossProfitRatio": 0.4890402213,
    "researchAndDevelopmentExpenses": 145000000,
    "generalAndAdministrativeExpenses": 416000000,
    "sellingAndMarketingExpenses": 60000000,
    "sellingGeneralAndAdministrativeExpenses": 476000000,
    "otherExpenses": -87000000,
    "operatingExpenses": 534000000,
    "costAndExpenses": 2937000000,
    "interestIncome": 18000000,
    "interestExpense": 54000000,
    "depreciationAndAmortization": 100000000,
    "ebitda": 1865000000,
    "ebitdaratio": 0.3968929559,
    "operatingIncome": 1764000000,
    "operatingIncomeRatio": 0.3753990211,
    "totalOtherIncomeExpensesNet": -138000000,
    "incomeBeforeTax": 1626000000,
    "incomeBeforeTaxRatio": 0.3460310704,
    "incomeTaxExpense": 263000000,
    "netIncome": 1436000000,
    "netIncomeRatio": 0.3055969355,
    "eps": 9.46,
    "epsdiluted": 9.32,
    "weightedAverageShsOut": 151732845,
    "weightedAverageShsOutDil": 154146981,
    "link": "https://www.sec.gov/Archives/edgar/data/1364742/000156459022018505/0001564590-22-018505-index.htm",
    "finalLink": "https://www.sec.gov/Archives/edgar/data/1364742/000156459022018505/blk-10q_20220331.htm"
  },
  {
    "date": "2021-12-31",
    "symbol": "BLK",
    "reportedCurrency": "USD",
    "cik": "0002012383",
    "fillingDate": "2022-02-25",
    "acceptedDate": "2022-02-25 15:15:26",
    "calendarYear": "2021",
    "period": "Q4",
    "revenue": 5106000000,
    "costOfRevenue": 2465000000,
    "grossProfit": 2641000000,
    "grossProfitRatio": 0.5172346259,
    "researchAndDevelopmentExpenses": 135000000,
    "generalAndAdministrativeExpenses": 466000000,
    "sellingAndMarketingExpenses": 96000000,
    "sellingGeneralAndAdministrativeExpenses": 563000000,
    "otherExpenses": -96000000,
    "operatingExpenses": 602000000,
    "costAndExpenses": 3065000000,
    "interestIncome": 46000000,
    "interestExpense": 50000000,
    "depreciationAndAmortization": 110000000,
    "ebitda": 2150000000,
    "ebitdaratio": 0.4210732472,
    "operatingIncome": 2039000000,
    "operatingIncomeRatio": 0.3993341167,
    "totalOtherIncomeExpensesNet": 71000000,
    "incomeBeforeTax": 2110000000,
    "incomeBeforeTaxRatio": 0.4132393263,
    "incomeTaxExpense": 478000000,
    "netIncome": 1643000000,
    "netIncomeRatio": 0.3217783,
    "eps": 10.78,
    "epsdiluted": 10.59,
    "weightedAverageShsOut": 152431952,
    "weightedAverageShsOutDil": 155184936,
    "link": "https://www.sec.gov/Archives/edgar/data/1364742/000156459022007117/0001564590-22-007117-index.htm",
    "finalLink": "https://www.sec.gov/Archives/edgar/data/1364742/000156459022007117/blk-10k_20211231.htm"
  },
  {
    "date": "2021-09-30",
    "symbol": "BLK",
    "reportedCurrency": "USD",
    "cik": "0002012383",
    "fillingDate": "2021-11-05",
    "acceptedDate": "2021-11-05 13:55:20",
    "calendarYear": "2021",
    "period": "Q3",
    "revenue": 5050000000,
    "costOfRevenue": 2466000000,
    "grossProfit": 2584000000,
    "grossProfitRatio": 0.5116831683,
    "researchAndDevelopmentExpenses": 140000000,
    "generalAndAdministrativeExpenses": 500000000,
    "sellingAndMarketingExpenses": 54000000,
    "sellingGeneralAndAdministrativeExpenses": 554000000,
    "otherExpenses": -45000000,
    "operatingExpenses": 649000000,
    "costAndExpenses": 3115000000,
    "interestIncome": 14000000,
    "interestExpense": 48000000,
    "depreciationAndAmortization": 107000000,
    "ebitda": 2071000000,
    "ebitdaratio": 0.4100990099,
    "operatingIncome": 1935000000,
    "operatingIncomeRatio": 0.3831683168,
    "totalOtherIncomeExpensesNet": 336000000,
    "incomeBeforeTax": 2271000000,
    "incomeBeforeTaxRatio": 0.4497029703,
    "incomeTaxExpense": 518000000,
    "netIncome": 1681000000,
    "netIncomeRatio": 0.3328712871,
    "eps": 11.01,
    "epsdiluted": 10.85,
    "weightedAverageShsOut": 152710841,
    "weightedAverageShsOutDil": 154919677,
    "link": "https://www.sec.gov/Archives/edgar/data/1364742/000156459021054838/0001564590-21-054838-index.htm",
    "finalLink": "https://www.sec.gov/Archives/edgar/data/1364742/000156459021054838/blk-10q_20210930.htm"
  },
  {
    "date": "2021-06-30",
    "symbol": "BLK",
    "reportedCurrency": "USD",
    "cik": "0002012383",
    "fillingDate": "2021-08-05",
    "acceptedDate": "2021-08-05 13:36:35",
    "calendarYear": "2021",
    "period": "Q2",
    "revenue": 4820000000,
    "costOfRevenue": 2391000000,
    "grossProfit": 2429000000,
    "grossProfitRatio": 0.5039419087,
    "researchAndDevelopmentExpenses": 129000000,
    "generalAndAdministrativeExpenses": 386000000,
    "sellingAndMarketingExpenses": 53000000,
    "sellingGeneralAndAdministrativeExpenses": 439000000,
    "otherExpenses": -70000000,
    "operatingExpenses": 498000000,
    "costAndExpenses": 2890000000,
    "interestIncome": 8000000,
    "interestExpense": 52000000,
    "depreciationAndAmortization": 101000000,
    "ebitda": 2033000000,
    "ebitdaratio": 0.4217842324,
    "operatingIncome": 1931000000,
    "operatingIncomeRatio": 0.4006224066,
    "totalOtherIncomeExpensesNet": 270000000,
    "incomeBeforeTax": 2201000000,
    "incomeBeforeTaxRatio": 0.4566390041,
    "incomeTaxExpense": 654000000,
    "netIncome": 1378000000,
    "netIncomeRatio": 0.2858921162,
    "eps": 9,
    "epsdiluted": 8.88,
    "weightedAverageShsOut": 153055258,
    "weightedAverageShsOutDil": 155037730,
    "link": "https://www.sec.gov/Archives/edgar/data/1364742/000156459021041406/0001564590-21-041406-index.htm",
    "finalLink": "https://www.sec.gov/Archives/edgar/data/1364742/000156459021041406/blk-10q_20210630.htm"
  },
  {
    "date": "2021-03-31",
    "symbol": "BLK",
    "reportedCurrency": "USD",
    "cik": "0002012383",
    "fillingDate": "2021-05-06",
    "acceptedDate": "2021-05-06 12:59:42",
    "calendarYear": "2021",
    "period": "Q1",
    "revenue": 4398000000,
    "costOfRevenue": 2234000000,
    "grossProfit": 2164000000,
    "grossProfitRatio": 0.4920418372,
    "researchAndDevelopmentExpenses": 104000000,
    "generalAndAdministrativeExpenses": 521000000,
    "sellingAndMarketingExpenses": 35000000,
    "sellingGeneralAndAdministrativeExpenses": 556000000,
    "otherExpenses": -41000000,
    "operatingExpenses": 619000000,
    "costAndExpenses": 2846000000,
    "interestIncome": 19000000,
    "interestExpense": 55000000,
    "depreciationAndAmortization": 97000000,
    "ebitda": 1645000000,
    "ebitdaratio": 0.3740336517,
    "operatingIncome": 1545000000,
    "operatingIncomeRatio": 0.3512960437,
    "totalOtherIncomeExpensesNet": 46000000,
    "incomeBeforeTax": 1591000000,
    "incomeBeforeTaxRatio": 0.3617553433,
    "incomeTaxExpense": 318000000,
    "netIncome": 1199000000,
    "netIncomeRatio": 0.27262392,
    "eps": 7.83,
    "epsdiluted": 7.74,
    "weightedAverageShsOut": 153180172,
    "weightedAverageShsOutDil": 154921496,
    "link": "https://www.sec.gov/Archives/edgar/data/1364742/000156459021024726/0001564590-21-024726-index.htm",
    "finalLink": "https://www.sec.gov/Archives/edgar/data/1364742/000156459021024726/blk-10q_20210331.htm"
  },
  {
    "date": "2020-12-31",
    "symbol": "BLK",
    "reportedCurrency": "USD",
    "cik": "0002012383",
    "fillingDate": "2021-02-25",
    "acceptedDate": "2021-02-25 15:55:29",
    "calendarYear": "2020",
    "period": "Q4",
    "revenue": 4478000000,
    "costOfRevenue": 2129000000,
    "grossProfit": 2349000000,
    "grossProfitRatio": 0.5245645377,
    "researchAndDevelopmentExpenses": 124000000,
    "generalAndAdministrativeExpenses": 402000000,
    "sellingAndMarketingExpenses": 73000000,
    "sellingGeneralAndAdministrativeExpenses": 474000000,
    "otherExpenses": -97000000,
    "operatingExpenses": 501000000,
    "costAndExpenses": 2631000000,
    "interestIncome": 28000000,
    "interestExpense": 54000000,
    "depreciationAndAmortization": 103000000,
    "ebitda": 1951000000,
    "ebitdaratio": 0.4356855739,
    "operatingIncome": 1848000000,
    "operatingIncomeRatio": 0.412684234,
    "totalOtherIncomeExpensesNet": 319000000,
    "incomeBeforeTax": 2167000000,
    "incomeBeforeTaxRatio": 0.4839213935,
    "incomeTaxExpense": 427000000,
    "netIncome": 1548000000,
    "netIncomeRatio": 0.3456900402,
    "eps": 10.11,
    "epsdiluted": 9.98,
    "weightedAverageShsOut": 153127677,
    "weightedAverageShsOutDil": 155133392,
    "link": "https://www.sec.gov/Archives/edgar/data/1364742/000156459021008796/0001564590-21-008796-index.htm",
    "finalLink": "https://www.sec.gov/Archives/edgar/data/1364742/000156459021008796/blk-10k_20201231.htm"
  },
  {
    "date": "2020-09-30",
    "symbol": "BLK",
    "reportedCurrency": "USD",
    "cik": "0002012383",
    "fillingDate": "2020-11-05",
    "acceptedDate": "2020-11-05 14:59:31",
    "calendarYear": "2020",
    "period": "Q3",
    "revenue": 4369000000,
    "costOfRevenue": 2124000000,
    "grossProfit": 2245000000,
    "grossProfitRatio": 0.5138475624,
    "researchAndDevelopmentExpenses": 93000000,
    "generalAndAdministrativeExpenses": 412000000,
    "sellingAndMarketingExpenses": 48000000,
    "sellingGeneralAndAdministrativeExpenses": 461000000,
    "otherExpenses": -66000000,
    "operatingExpenses": 488000000,
    "costAndExpenses": 2611000000,
    "interestIncome": 9000000,
    "interestExpense": 54000000,
    "depreciationAndAmortization": 87000000,
    "ebitda": 1844000000,
    "ebitdaratio": 0.4220645457,
    "operatingIncome": 1757000000,
    "operatingIncomeRatio": 0.4021515221,
    "totalOtherIncomeExpensesNet": 224000000,
    "incomeBeforeTax": 1981000000,
    "incomeBeforeTaxRatio": 0.4534218357,
    "incomeTaxExpense": 464000000,
    "netIncome": 1364000000,
    "netIncomeRatio": 0.312199588,
    "eps": 8.9,
    "epsdiluted": 8.83,
    "weightedAverageShsOut": 153100473,
    "weightedAverageShsOutDil": 154359701,
    "link": "https://www.sec.gov/Archives/edgar/data/1364742/000156459020051202/0001564590-20-051202-index.htm",
    "finalLink": "https://www.sec.gov/Archives/edgar/data/1364742/000156459020051202/blk-10q_20200930.htm"
  },
  {
    "date": "2020-06-30",
    "symbol": "BLK",
    "reportedCurrency": "USD",
    "cik": "0002012383",
    "fillingDate": "2020-08-07",
    "acceptedDate": "2020-08-07 19:42:49",
    "calendarYear": "2020",
    "period": "Q2",
    "revenue": 3648000000,
    "costOfRevenue": 1827000000,
    "grossProfit": 1821000000,
    "grossProfitRatio": 0.4991776316,
    "researchAndDevelopmentExpenses": 92000000,
    "generalAndAdministrativeExpenses": 350000000,
    "sellingAndMarketingExpenses": 39000000,
    "sellingGeneralAndAdministrativeExpenses": 390000000,
    "otherExpenses": -67000000,
    "operatingExpenses": 415000000,
    "costAndExpenses": 2243000000,
    "interestIncome": 10000000,
    "interestExpense": 51000000,
    "depreciationAndAmortization": 86000000,
    "ebitda": 1490000000,
    "ebitdaratio": 0.4084429825,
    "operatingIncome": 1406000000,
    "operatingIncomeRatio": 0.3854166667,
    "totalOtherIncomeExpensesNet": 357000000,
    "incomeBeforeTax": 1763000000,
    "incomeBeforeTaxRatio": 0.4832785088,
    "incomeTaxExpense": 361000000,
    "netIncome": 1214000000,
    "netIncomeRatio": 0.3327850877,
    "eps": 7.87,
    "epsdiluted": 7.82,
    "weightedAverageShsOut": 154350277,
    "weightedAverageShsOutDil": 155333363,
    "link": "https://www.sec.gov/Archives/edgar/data/1364742/000156459020038433/0001564590-20-038433-index.htm",
    "finalLink": "https://www.sec.gov/Archives/edgar/data/1364742/000156459020038433/blk-10q_20200630.htm"
  },
  {
    "date": "2020-03-31",
    "symbol": "BLK",
    "reportedCurrency": "USD",
    "cik": "0002012383",
    "fillingDate": "2020-05-08",
    "acceptedDate": "2020-05-08 12:02:08",
    "calendarYear": "2020",
    "period": "Q1",
    "revenue": 3710000000,
    "costOfRevenue": 1859000000,
    "grossProfit": 1851000000,
    "grossProfitRatio": 0.4989218329,
    "researchAndDevelopmentExpenses": 88000000,
    "generalAndAdministrativeExpenses": 454000000,
    "sellingAndMarketingExpenses": 69000000,
    "sellingGeneralAndAdministrativeExpenses": 523000000,
    "otherExpenses": 556000000,
    "operatingExpenses": 1167000000,
    "costAndExpenses": 3026000000,
    "interestIncome": 15000000,
    "interestExpense": 46000000,
    "depreciationAndAmortization": 82000000,
    "ebitda": 791000000,
    "ebitdaratio": 0.2132075472,
    "operatingIncome": 684000000,
    "operatingIncomeRatio": 0.1843665768,
    "totalOtherIncomeExpensesNet": -71000000,
    "incomeBeforeTax": 613000000,
    "incomeBeforeTaxRatio": 0.1652291105,
    "incomeTaxExpense": -14000000,
    "netIncome": 806000000,
    "netIncomeRatio": 0.2172506739,
    "eps": 5.17,
    "epsdiluted": 5.13,
    "weightedAverageShsOut": 155866744,
    "weightedAverageShsOutDil": 157044904,
    "link": "https://www.sec.gov/Archives/edgar/data/1364742/000156459020023352/0001564590-20-023352-index.htm",
    "finalLink": "https://www.sec.gov/Archives/edgar/data/1364742/000156459020023352/blk-10q_20200331.htm"
  },
  {
    "date": "2019-12-31",
    "symbol": "BLK",
    "reportedCurrency": "USD",
    "cik": "0002012383",
    "fillingDate": "2020-02-28",
    "acceptedDate": "2020-02-28 16:30:05",
    "calendarYear": "2019",
    "period": "Q4",
    "revenue": 3977000000,
    "costOfRevenue": 1895000000,
    "grossProfit": 2082000000,
    "grossProfitRatio": 0.5235101836,
    "researchAndDevelopmentExpenses": 83000000,
    "generalAndAdministrativeExpenses": 358000000,
    "sellingAndMarketingExpenses": 109000000,
    "sellingGeneralAndAdministrativeExpenses": 467000000,
    "otherExpenses": -6000000,
    "operatingExpenses": 544000000,
    "costAndExpenses": 2439000000,
    "interestIncome": 29000000,
    "interestExpense": 51000000,
    "depreciationAndAmortization": 2000000,
    "ebitda": 1575000000,
    "ebitdaratio": 0.3960271561,
    "operatingIncome": 1538000000,
    "operatingIncomeRatio": 0.3867236611,
    "totalOtherIncomeExpensesNet": 96000000,
    "incomeBeforeTax": 1634000000,
    "incomeBeforeTaxRatio": 0.4108624591,
    "incomeTaxExpense": 300000000,
    "netIncome": 1301000000,
    "netIncomeRatio": 0.3271310033,
    "eps": 8.35,
    "epsdiluted": 8.26,
    "weightedAverageShsOut": 155819007,
    "weightedAverageShsOutDil": 157524296,
    "link": "https://www.sec.gov/Archives/edgar/data/1364742/000156459020007807/0001564590-20-007807-index.htm",
    "finalLink": "https://www.sec.gov/Archives/edgar/data/1364742/000156459020007807/blk-10k_20191231.htm"
  },
  {
    "date": "2019-09-30",
    "symbol": "BLK",
    "reportedCurrency": "USD",
    "cik": "0002012383",
    "fillingDate": "2019-11-08",
    "acceptedDate": "2019-11-08 14:07:20",
    "calendarYear": "2019",
    "period": "Q3",
    "revenue": 3692000000,
    "costOfRevenue": 1777000000,
    "grossProfit": 1915000000,
    "grossProfitRatio": 0.5186890574,
    "researchAndDevelopmentExpenses": 70000000,
    "generalAndAdministrativeExpenses": 309000000,
    "sellingAndMarketingExpenses": 79000000,
    "sellingGeneralAndAdministrativeExpenses": 388000000,
    "otherExpenses": -45000000,
    "operatingExpenses": 413000000,
    "costAndExpenses": 2190000000,
    "interestIncome": 19000000,
    "interestExpense": 54000000,
    "depreciationAndAmortization": 105000000,
    "ebitda": 1606000000,
    "ebitdaratio": 0.4349945829,
    "operatingIncome": 1502000000,
    "operatingIncomeRatio": 0.4068255688,
    "totalOtherIncomeExpensesNet": -42000000,
    "incomeBeforeTax": 1460000000,
    "incomeBeforeTaxRatio": 0.3954496208,
    "incomeTaxExpense": 341000000,
    "netIncome": 1119000000,
    "netIncomeRatio": 0.3030877573,
    "eps": 7.18,
    "epsdiluted": 7.12,
    "weightedAverageShsOut": 155904493,
    "weightedAverageShsOutDil": 157075688,
    "link": "https://www.sec.gov/Archives/edgar/data/1364742/000156459019042157/0001564590-19-042157-index.htm",
    "finalLink": "https://www.sec.gov/Archives/edgar/data/1364742/000156459019042157/blk-10q_20190930.htm"
  },
  {
    "date": "2019-06-30",
    "symbol": "BLK",
    "reportedCurrency": "USD",
    "cik": "0002012383",
    "fillingDate": "2019-08-08",
    "acceptedDate": "2019-08-08 14:46:55",
    "calendarYear": "2019",
    "period": "Q2",
    "revenue": 3524000000,
    "costOfRevenue": 1751000000,
    "grossProfit": 1773000000,
    "grossProfitRatio": 0.5031214529,
    "researchAndDevelopmentExpenses": 67000000,
    "generalAndAdministrativeExpenses": 364000000,
    "sellingAndMarketingExpenses": 81000000,
    "sellingGeneralAndAdministrativeExpenses": 445000000,
    "otherExpenses": -17000000,
    "operatingExpenses": 495000000,
    "costAndExpenses": 2246000000,
    "interestIncome": 20000000,
    "interestExpense": 52000000,
    "depreciationAndAmortization": 100000000,
    "ebitda": 1391000000,
    "ebitdaratio": 0.3947219069,
    "operatingIncome": 1278000000,
    "operatingIncomeRatio": 0.3626560726,
    "totalOtherIncomeExpensesNet": 57000000,
    "incomeBeforeTax": 1335000000,
    "incomeBeforeTaxRatio": 0.378830874,
    "incomeTaxExpense": 322000000,
    "netIncome": 1003000000,
    "netIncomeRatio": 0.2846197503,
    "eps": 6.43,
    "epsdiluted": 6.38,
    "weightedAverageShsOut": 155978464,
    "weightedAverageShsOutDil": 156988694,
    "link": "https://www.sec.gov/Archives/edgar/data/1364742/000156459019030654/0001564590-19-030654-index.htm",
    "finalLink": "https://www.sec.gov/Archives/edgar/data/1364742/000156459019030654/blk-10q_20190630.htm"
  },
  {
    "date": "2019-03-31",
    "symbol": "BLK",
    "reportedCurrency": "USD",
    "cik": "0002012383",
    "fillingDate": "2019-05-09",
    "acceptedDate": "2019-05-09 13:35:40",
    "calendarYear": "2019",
    "period": "Q1",
    "revenue": 3346000000,
    "costOfRevenue": 1710000000,
    "grossProfit": 1636000000,
    "grossProfitRatio": 0.4889420203,
    "researchAndDevelopmentExpenses": 69000000,
    "generalAndAdministrativeExpenses": 293000000,
    "sellingAndMarketingExpenses": 81000000,
    "sellingGeneralAndAdministrativeExpenses": 374000000,
    "otherExpenses": -40000000,
    "operatingExpenses": 403000000,
    "costAndExpenses": 2113000000,
    "interestIncome": 29000000,
    "interestExpense": 46000000,
    "depreciationAndAmortization": 89000000,
    "ebitda": 1328000000,
    "ebitdaratio": 0.3968918111,
    "operatingIncome": 1233000000,
    "operatingIncomeRatio": 0.3684997011,
    "totalOtherIncomeExpensesNet": 125000000,
    "incomeBeforeTax": 1358000000,
    "incomeBeforeTaxRatio": 0.4058577406,
    "incomeTaxExpense": 298000000,
    "netIncome": 1053000000,
    "netIncomeRatio": 0.3147041243,
    "eps": 6.62,
    "epsdiluted": 6.58,
    "weightedAverageShsOut": 158903647,
    "weightedAverageShsOutDil": 159988382,
    "link": "https://www.sec.gov/Archives/edgar/data/1364742/000156459019017793/0001564590-19-017793-index.htm",
    "finalLink": "https://www.sec.gov/Archives/edgar/data/1364742/000156459019017793/blk-10q_20190331.htm"
  },
  {
    "date": "2018-12-31",
    "symbol": "BLK",
    "reportedCurrency": "USD",
    "cik": "0002012383",
    "fillingDate": "2019-02-28",
    "acceptedDate": "2019-02-28 16:25:04",
    "calendarYear": "2018",
    "period": "Q4",
    "revenue": 3434000000,
    "costOfRevenue": 1664000000,
    "grossProfit": 1770000000,
    "grossProfitRatio": 0.5154338963,
    "researchAndDevelopmentExpenses": 62000000,
    "generalAndAdministrativeExpenses": 306000000,
    "sellingAndMarketingExpenses": 108000000,
    "sellingGeneralAndAdministrativeExpenses": 414000000,
    "otherExpenses": 48000000,
    "operatingExpenses": 524000000,
    "costAndExpenses": 2188000000,
    "interestIncome": 41000000,
    "interestExpense": 46000000,
    "depreciationAndAmortization": 56000000,
    "ebitda": 1393000000,
    "ebitdaratio": 0.4056493885,
    "operatingIncome": 1246000000,
    "operatingIncomeRatio": 0.3628421666,
    "totalOtherIncomeExpensesNet": -72000000,
    "incomeBeforeTax": 1174000000,
    "incomeBeforeTaxRatio": 0.341875364,
    "incomeTaxExpense": 247000000,
    "netIncome": 927000000,
    "netIncomeRatio": 0.269947583,
    "eps": 5.82,
    "epsdiluted": 5.76,
    "weightedAverageShsOut": 159497988,
    "weightedAverageShsOutDil": 161094642,
    "link": "https://www.sec.gov/Archives/edgar/data/1364742/000156459019005479/0001564590-19-005479-index.htm",
    "finalLink": "https://www.sec.gov/Archives/edgar/data/1364742/000156459019005479/blk-10k_20181231.htm"
  },
  {
    "date": "2018-09-30",
    "symbol": "BLK",
    "reportedCurrency": "USD",
    "cik": "0002012383",
    "fillingDate": "2018-11-09",
    "acceptedDate": "2018-11-09 14:42:13",
    "calendarYear": "2018",
    "period": "Q3",
    "revenue": 3576000000,
    "costOfRevenue": 1754000000,
    "grossProfit": 1822000000,
    "grossProfitRatio": 0.50950783,
    "researchAndDevelopmentExpenses": 61000000,
    "generalAndAdministrativeExpenses": 307000000,
    "sellingAndMarketingExpenses": 77000000,
    "sellingGeneralAndAdministrativeExpenses": 384000000,
    "otherExpenses": -19000000,
    "operatingExpenses": 426000000,
    "costAndExpenses": 2180000000,
    "interestIncome": 29000000,
    "interestExpense": 46000000,
    "depreciationAndAmortization": 57000000,
    "ebitda": 1482000000,
    "ebitdaratio": 0.4144295302,
    "operatingIncome": 1396000000,
    "operatingIncomeRatio": 0.3903803132,
    "totalOtherIncomeExpensesNet": 33000000,
    "incomeBeforeTax": 1429000000,
    "incomeBeforeTaxRatio": 0.3996085011,
    "incomeTaxExpense": 226000000,
    "netIncome": 1216000000,
    "netIncomeRatio": 0.3400447427,
    "eps": 7.56,
    "epsdiluted": 7.51,
    "weightedAverageShsOut": 160784642,
    "weightedAverageShsOutDil": 162026320,
    "link": "https://www.sec.gov/Archives/edgar/data/1364742/000156459018028881/0001564590-18-028881-index.htm",
    "finalLink": "https://www.sec.gov/Archives/edgar/data/1364742/000156459018028881/blk-10q_20180930.htm"
  },
  {
    "date": "2018-06-30",
    "symbol": "BLK",
    "reportedCurrency": "USD",
    "cik": "0002012383",
    "fillingDate": "2018-08-08",
    "acceptedDate": "2018-08-08 13:07:19",
    "calendarYear": "2018",
    "period": "Q2",
    "revenue": 3605000000,
    "costOfRevenue": 1761000000,
    "grossProfit": 1844000000,
    "grossProfitRatio": 0.5115117892,
    "researchAndDevelopmentExpenses": 58000000,
    "generalAndAdministrativeExpenses": 303000000,
    "sellingAndMarketingExpenses": 91000000,
    "sellingGeneralAndAdministrativeExpenses": 394000000,
    "otherExpenses": -48000000,
    "operatingExpenses": 404000000,
    "costAndExpenses": 2162000000,
    "interestIncome": 19000000,
    "interestExpense": 46000000,
    "depreciationAndAmortization": 54000000,
    "ebitda": 1493000000,
    "ebitdaratio": 0.414147018,
    "operatingIncome": 1440000000,
    "operatingIncomeRatio": 0.399445215,
    "totalOtherIncomeExpensesNet": -24000000,
    "incomeBeforeTax": 1416000000,
    "incomeBeforeTaxRatio": 0.3927877947,
    "incomeTaxExpense": 338000000,
    "netIncome": 1073000000,
    "netIncomeRatio": 0.2976421637,
    "eps": 6.64,
    "epsdiluted": 6.59,
    "weightedAverageShsOut": 161627468,
    "weightedAverageShsOutDil": 162813188,
    "link": "https://www.sec.gov/Archives/edgar/data/1364742/000156459018020313/0001564590-18-020313-index.htm",
    "finalLink": "https://www.sec.gov/Archives/edgar/data/1364742/000156459018020313/blk-10q_20180630.htm"
  },
  {
    "date": "2018-03-31",
    "symbol": "BLK",
    "reportedCurrency": "USD",
    "cik": "0002012383",
    "fillingDate": "2018-05-09",
    "acceptedDate": "2018-05-09 15:09:58",
    "calendarYear": "2018",
    "period": "Q1",
    "revenue": 3583000000,
    "costOfRevenue": 1814000000,
    "grossProfit": 1769000000,
    "grossProfitRatio": 0.4937203461,
    "researchAndDevelopmentExpenses": 53000000,
    "generalAndAdministrativeExpenses": 292000000,
    "sellingAndMarketingExpenses": 85000000,
    "sellingGeneralAndAdministrativeExpenses": 377000000,
    "otherExpenses": -36000000,
    "operatingExpenses": 394000000,
    "costAndExpenses": 2201000000,
    "interestIncome": 15000000,
    "interestExpense": 46000000,
    "depreciationAndAmortization": 53000000,
    "ebitda": 1434000000,
    "ebitdaratio": 0.4002232766,
    "operatingIncome": 1375000000,
    "operatingIncomeRatio": 0.3837566285,
    "totalOtherIncomeExpensesNet": -16000000,
    "incomeBeforeTax": 1359000000,
    "incomeBeforeTaxRatio": 0.3792910968,
    "incomeTaxExpense": 265000000,
    "netIncome": 1089000000,
    "netIncomeRatio": 0.3039352498,
    "eps": 6.72,
    "epsdiluted": 6.65,
    "weightedAverageShsOut": 161897606,
    "weightedAverageShsOutDil": 163573252,
    "link": "https://www.sec.gov/Archives/edgar/data/1364742/000156459018012320/0001564590-18-012320-index.htm",
    "finalLink": "https://www.sec.gov/Archives/edgar/data/1364742/000156459018012320/blk-10q_20180331.htm"
  },
  {
    "date": "2017-12-31",
    "symbol": "BLK",
    "reportedCurrency": "USD",
    "cik": "0002012383",
    "fillingDate": "2018-02-28",
    "acceptedDate": "2018-02-28 14:38:00",
    "calendarYear": "2017",
    "period": "Q4",
    "revenue": 3764000000,
    "costOfRevenue": 1817000000,
    "grossProfit": 1947000000,
    "grossProfitRatio": 0.5172688629,
    "researchAndDevelopmentExpenses": 58000000,
    "generalAndAdministrativeExpenses": 339000000,
    "sellingAndMarketingExpenses": 102000000,
    "sellingGeneralAndAdministrativeExpenses": 441000000,
    "otherExpenses": -37000000,
    "operatingExpenses": 462000000,
    "costAndExpenses": 2279000000,
    "interestIncome": 14000000,
    "interestExpense": 46000000,
    "depreciationAndAmortization": 50000000,
    "ebitda": 1544000000,
    "ebitdaratio": 0.4102019129,
    "operatingIncome": 1485000000,
    "operatingIncomeRatio": 0.3945270988,
    "totalOtherIncomeExpensesNet": 5000000,
    "incomeBeforeTax": 1486000000,
    "incomeBeforeTaxRatio": 0.3947927736,
    "incomeTaxExpense": -815000000,
    "netIncome": 2304000000,
    "netIncomeRatio": 0.6121147715,
    "eps": 14.17,
    "epsdiluted": 13.95,
    "weightedAverageShsOut": 161926693,
    "weightedAverageShsOutDil": 164457829,
    "link": "https://www.sec.gov/Archives/edgar/data/1364742/000156459018003744/0001564590-18-003744-index.htm",
    "finalLink": "https://www.sec.gov/Archives/edgar/data/1364742/000156459018003744/blk-10k_20171231.htm"
  },
  {
    "date": "2017-09-30",
    "symbol": "BLK",
    "reportedCurrency": "USD",
    "cik": "0002012383",
    "fillingDate": "2017-11-08",
    "acceptedDate": "2017-11-08 11:58:31",
    "calendarYear": "2017",
    "period": "Q3",
    "revenue": 3233000000,
    "costOfRevenue": 1737000000,
    "grossProfit": 1771000000,
    "grossProfitRatio": 0.5477884318,
    "researchAndDevelopmentExpenses": 51000000,
    "generalAndAdministrativeExpenses": 272000000,
    "sellingAndMarketingExpenses": 76000000,
    "sellingGeneralAndAdministrativeExpenses": 348000000,
    "otherExpenses": -17000000,
    "operatingExpenses": 382000000,
    "costAndExpenses": 1839000000,
    "interestIncome": 15000000,
    "interestExpense": 46000000,
    "depreciationAndAmortization": 65000000,
    "ebitda": 1461000000,
    "ebitdaratio": 0.451902258,
    "operatingIncome": 1394000000,
    "operatingIncomeRatio": 0.431178472,
    "totalOtherIncomeExpensesNet": 15000000,
    "incomeBeforeTax": 1404000000,
    "incomeBeforeTaxRatio": 0.4342715744,
    "incomeTaxExpense": 445000000,
    "netIncome": 944000000,
    "netIncomeRatio": 0.2919888648,
    "eps": 5.81,
    "epsdiluted": 5.74,
    "weightedAverageShsOut": 162522805,
    "weightedAverageShsOutDil": 164431269,
    "link": "https://www.sec.gov/Archives/edgar/data/1364742/000156459017022570/0001564590-17-022570-index.htm",
    "finalLink": "https://www.sec.gov/Archives/edgar/data/1364742/000156459017022570/blk-10q_20170930.htm"
  },
  {
    "date": "2017-06-30",
    "symbol": "BLK",
    "reportedCurrency": "USD",
    "cik": "0002012383",
    "fillingDate": "2017-08-08",
    "acceptedDate": "2017-08-08 13:38:45",
    "calendarYear": "2017",
    "period": "Q2",
    "revenue": 2965000000,
    "costOfRevenue": 1629000000,
    "grossProfit": 1607000000,
    "grossProfitRatio": 0.541989882,
    "researchAndDevelopmentExpenses": 51000000,
    "generalAndAdministrativeExpenses": 263000000,
    "sellingAndMarketingExpenses": 86000000,
    "sellingGeneralAndAdministrativeExpenses": 349000000,
    "otherExpenses": -30000000,
    "operatingExpenses": 370000000,
    "costAndExpenses": 1723000000,
    "interestIncome": 13000000,
    "interestExpense": 48000000,
    "depreciationAndAmortization": 62000000,
    "ebitda": 1295000000,
    "ebitdaratio": 0.436762226,
    "operatingIncome": 1242000000,
    "operatingIncomeRatio": 0.4188870152,
    "totalOtherIncomeExpensesNet": 6000000,
    "incomeBeforeTax": 1243000000,
    "incomeBeforeTaxRatio": 0.4192242833,
    "incomeTaxExpense": 376000000,
    "netIncome": 854000000,
    "netIncomeRatio": 0.2880269815,
    "eps": 5.24,
    "epsdiluted": 5.18,
    "weightedAverageShsOut": 163155083,
    "weightedAverageShsOutDil": 164809095,
    "link": "https://www.sec.gov/Archives/edgar/data/1364742/000156459017016394/0001564590-17-016394-index.htm",
    "finalLink": "https://www.sec.gov/Archives/edgar/data/1364742/000156459017016394/blk-10q_20170630.htm"
  },
  {
    "date": "2017-03-31",
    "symbol": "BLK",
    "reportedCurrency": "USD",
    "cik": "0002012383",
    "fillingDate": "2017-05-09",
    "acceptedDate": "2017-05-09 11:54:54",
    "calendarYear": "2017",
    "period": "Q1",
    "revenue": 2824000000,
    "costOfRevenue": 1608000000,
    "grossProfit": 1484000000,
    "grossProfitRatio": 0.5254957507,
    "researchAndDevelopmentExpenses": 43000000,
    "generalAndAdministrativeExpenses": 231000000,
    "sellingAndMarketingExpenses": 69000000,
    "sellingGeneralAndAdministrativeExpenses": 300000000,
    "otherExpenses": -22000000,
    "operatingExpenses": 341000000,
    "costAndExpenses": 1677000000,
    "interestIncome": 7000000,
    "interestExpense": 65000000,
    "depreciationAndAmortization": 63000000,
    "ebitda": 1222000000,
    "ebitdaratio": 0.4327195467,
    "operatingIncome": 1147000000,
    "operatingIncomeRatio": 0.4061614731,
    "totalOtherIncomeExpensesNet": -7000000,
    "incomeBeforeTax": 1140000000,
    "incomeBeforeTaxRatio": 0.4036827195,
    "incomeTaxExpense": 269000000,
    "netIncome": 859000000,
    "netIncomeRatio": 0.3041784703,
    "eps": 5.25,
    "epsdiluted": 5.19,
    "weightedAverageShsOut": 163671282,
    "weightedAverageShsOutDil": 165518254,
    "link": "https://www.sec.gov/Archives/edgar/data/1364742/000156459017009686/0001564590-17-009686-index.htm",
    "finalLink": "https://www.sec.gov/Archives/edgar/data/1364742/000156459017009686/blk-10q_20170331.htm"
  },
  {
    "date": "2016-12-31",
    "symbol": "BLK",
    "reportedCurrency": "USD",
    "cik": "0002012383",
    "fillingDate": "2017-02-28",
    "acceptedDate": "2017-02-28 15:14:26",
    "calendarYear": "2016",
    "period": "Q4",
    "revenue": 2890000000,
    "costOfRevenue": 1286000000,
    "grossProfit": 1604000000,
    "grossProfitRatio": 0.555017301,
    "researchAndDevelopmentExpenses": 46000000,
    "generalAndAdministrativeExpenses": 262000000,
    "sellingAndMarketingExpenses": 93000000,
    "sellingGeneralAndAdministrativeExpenses": 355000000,
    "otherExpenses": -22000000,
    "operatingExpenses": 379000000,
    "costAndExpenses": 1665000000,
    "interestIncome": 7000000,
    "interestExpense": 51000000,
    "depreciationAndAmortization": 65000000,
    "ebitda": 1290000000,
    "ebitdaratio": 0.446366782,
    "operatingIncome": 1225000000,
    "operatingIncomeRatio": 0.4238754325,
    "totalOtherIncomeExpensesNet": -38000000,
    "incomeBeforeTax": 1187000000,
    "incomeBeforeTaxRatio": 0.4107266436,
    "incomeTaxExpense": 336000000,
    "netIncome": 851000000,
    "netIncomeRatio": 0.2944636678,
    "eps": 5.19,
    "epsdiluted": 5.11,
    "weightedAverageShsOut": 164097942,
    "weightedAverageShsOutDil": 166520246,
    "link": "https://www.sec.gov/Archives/edgar/data/1364742/000156459017002816/0001564590-17-002816-index.htm",
    "finalLink": "https://www.sec.gov/Archives/edgar/data/1364742/000156459017002816/blk-10k_20161231.htm"
  },
  {
    "date": "2016-09-30",
    "symbol": "BLK",
    "reportedCurrency": "USD",
    "cik": "0002012383",
    "fillingDate": "2016-11-08",
    "acceptedDate": "2016-11-08 12:43:31",
    "calendarYear": "2016",
    "period": "Q3",
    "revenue": 2837000000,
    "costOfRevenue": 1291000000,
    "grossProfit": 1546000000,
    "grossProfitRatio": 0.54494184,
    "researchAndDevelopmentExpenses": 41000000,
    "generalAndAdministrativeExpenses": 240000000,
    "sellingAndMarketingExpenses": 72000000,
    "sellingGeneralAndAdministrativeExpenses": 312000000,
    "otherExpenses": -16000000,
    "operatingExpenses": 337000000,
    "costAndExpenses": 1628000000,
    "interestIncome": 22000000,
    "interestExpense": 52000000,
    "depreciationAndAmortization": 65000000,
    "ebitda": 1274000000,
    "ebitdaratio": 0.4490659147,
    "operatingIncome": 1209000000,
    "operatingIncomeRatio": 0.4261543884,
    "totalOtherIncomeExpensesNet": 1000000,
    "incomeBeforeTax": 1210000000,
    "incomeBeforeTaxRatio": 0.4265068735,
    "incomeTaxExpense": 333000000,
    "netIncome": 875000000,
    "netIncomeRatio": 0.308424392,
    "eps": 5.31,
    "epsdiluted": 5.24,
    "weightedAverageShsOut": 164788365,
    "weightedAverageShsOutDil": 166924293,
    "link": "https://www.sec.gov/Archives/edgar/data/1364742/000156459016028171/0001564590-16-028171-index.htm",
    "finalLink": "https://www.sec.gov/Archives/edgar/data/1364742/000156459016028171/blk-10q_20160930.htm"
  },
  {
    "date": "2016-06-30",
    "symbol": "BLK",
    "reportedCurrency": "USD",
    "cik": "0002012383",
    "fillingDate": "2016-08-08",
    "acceptedDate": "2016-08-08 13:33:41",
    "calendarYear": "2016",
    "period": "Q2",
    "revenue": 2804000000,
    "costOfRevenue": 1290000000,
    "grossProfit": 1514000000,
    "grossProfitRatio": 0.5399429387,
    "researchAndDevelopmentExpenses": 42000000,
    "generalAndAdministrativeExpenses": 241000000,
    "sellingAndMarketingExpenses": 75000000,
    "sellingGeneralAndAdministrativeExpenses": 316000000,
    "otherExpenses": -17000000,
    "operatingExpenses": 341000000,
    "costAndExpenses": 1631000000,
    "interestIncome": 6000000,
    "interestExpense": 51000000,
    "depreciationAndAmortization": 77000000,
    "ebitda": 1250000000,
    "ebitdaratio": 0.4457917261,
    "operatingIncome": 1173000000,
    "operatingIncomeRatio": 0.4183309558,
    "totalOtherIncomeExpensesNet": -25000000,
    "incomeBeforeTax": 1148000000,
    "incomeBeforeTaxRatio": 0.4094151213,
    "incomeTaxExpense": 353000000,
    "netIncome": 789000000,
    "netIncomeRatio": 0.2813837375,
    "eps": 4.77,
    "epsdiluted": 4.71,
    "weightedAverageShsOut": 165420291,
    "weightedAverageShsOutDil": 167308522,
    "link": "https://www.sec.gov/Archives/edgar/data/1364742/000156459016023209/0001564590-16-023209-index.htm",
    "finalLink": "https://www.sec.gov/Archives/edgar/data/1364742/000156459016023209/blk-10q_20160630.htm"
  },
  {
    "date": "2016-03-31",
    "symbol": "BLK",
    "reportedCurrency": "USD",
    "cik": "0002012383",
    "fillingDate": "2016-05-10",
    "acceptedDate": "2016-05-09 18:30:45",
    "calendarYear": "2016",
    "period": "Q1",
    "revenue": 2624000000,
    "costOfRevenue": 1242000000,
    "grossProfit": 1382000000,
    "grossProfitRatio": 0.5266768293,
    "researchAndDevelopmentExpenses": 46000000,
    "generalAndAdministrativeExpenses": 232000000,
    "sellingAndMarketingExpenses": 86000000,
    "sellingGeneralAndAdministrativeExpenses": 318000000,
    "otherExpenses": 55000000,
    "operatingExpenses": 419000000,
    "costAndExpenses": 1661000000,
    "interestIncome": 5000000,
    "interestExpense": 51000000,
    "depreciationAndAmortization": 56000000,
    "ebitda": 1095000000,
    "ebitdaratio": 0.4173018293,
    "operatingIncome": 963000000,
    "operatingIncomeRatio": 0.3669969512,
    "totalOtherIncomeExpensesNet": -48000000,
    "incomeBeforeTax": 915000000,
    "incomeBeforeTaxRatio": 0.3487042683,
    "incomeTaxExpense": 268000000,
    "netIncome": 657000000,
    "netIncomeRatio": 0.2503810976,
    "eps": 3.95,
    "epsdiluted": 3.9,
    "weightedAverageShsOut": 166052337,
    "weightedAverageShsOutDil": 168071221,
    "link": "https://www.sec.gov/Archives/edgar/data/1364742/000156459016018688/0001564590-16-018688-index.htm",
    "finalLink": "https://www.sec.gov/Archives/edgar/data/1364742/000156459016018688/blk-10q_20160331.htm"
  },
  {
    "date": "2015-12-31",
    "symbol": "BLK",
    "reportedCurrency": "USD",
    "cik": "0002012383",
    "fillingDate": "2016-02-26",
    "acceptedDate": "2016-02-26 13:40:10",
    "calendarYear": "2015",
    "period": "Q4",
    "revenue": 2863000000,
    "costOfRevenue": 1292000000,
    "grossProfit": 1571000000,
    "grossProfitRatio": 0.5487251135,
    "researchAndDevelopmentExpenses": 49000000,
    "generalAndAdministrativeExpenses": 296000000,
    "sellingAndMarketingExpenses": 114000000,
    "sellingGeneralAndAdministrativeExpenses": 410000000,
    "otherExpenses": -25000000,
    "operatingExpenses": 434000000,
    "costAndExpenses": 1726000000,
    "interestIncome": 5000000,
    "interestExpense": 51000000,
    "depreciationAndAmortization": 51000000,
    "ebitda": 1188000000,
    "ebitdaratio": 0.4149493538,
    "operatingIncome": 1137000000,
    "operatingIncomeRatio": 0.3971358715,
    "totalOtherIncomeExpensesNet": 11000000,
    "incomeBeforeTax": 1148000000,
    "incomeBeforeTaxRatio": 0.4009779951,
    "incomeTaxExpense": 279000000,
    "netIncome": 861000000,
    "netIncomeRatio": 0.3007334963,
    "eps": 5.17,
    "epsdiluted": 5.09,
    "weightedAverageShsOut": 166492777,
    "weightedAverageShsOutDil": 169309795,
    "link": "https://www.sec.gov/Archives/edgar/data/1364742/000156459016013511/0001564590-16-013511-index.htm",
    "finalLink": "https://www.sec.gov/Archives/edgar/data/1364742/000156459016013511/blk-10k_20151231.htm"
  },
  {
    "date": "2015-09-30",
    "symbol": "BLK",
    "reportedCurrency": "USD",
    "cik": "0002012383",
    "fillingDate": "2015-11-06",
    "acceptedDate": "2015-11-06 12:35:27",
    "calendarYear": "2015",
    "period": "Q3",
    "revenue": 2910000000,
    "costOfRevenue": 1335000000,
    "grossProfit": 1575000000,
    "grossProfitRatio": 0.5412371134,
    "researchAndDevelopmentExpenses": 40000000,
    "generalAndAdministrativeExpenses": 243000000,
    "sellingAndMarketingExpenses": 76000000,
    "sellingGeneralAndAdministrativeExpenses": 319000000,
    "otherExpenses": -6000000,
    "operatingExpenses": 353000000,
    "costAndExpenses": 1688000000,
    "interestIncome": 12000000,
    "interestExpense": 50000000,
    "depreciationAndAmortization": 68000000,
    "ebitda": 1290000000,
    "ebitdaratio": 0.4432989691,
    "operatingIncome": 1222000000,
    "operatingIncomeRatio": 0.4199312715,
    "totalOtherIncomeExpensesNet": -48000000,
    "incomeBeforeTax": 1174000000,
    "incomeBeforeTaxRatio": 0.4034364261,
    "incomeTaxExpense": 342000000,
    "netIncome": 843000000,
    "netIncomeRatio": 0.2896907216,
    "eps": 5.06,
    "epsdiluted": 4.98,
    "weightedAverageShsOut": 166712137,
    "weightedAverageShsOutDil": 169342672,
    "link": "https://www.sec.gov/Archives/edgar/data/1364742/000156459015009883/0001564590-15-009883-index.htm",
    "finalLink": "https://www.sec.gov/Archives/edgar/data/1364742/000156459015009883/blk-10q_20150930.htm"
  },
  {
    "date": "2015-06-30",
    "symbol": "BLK",
    "reportedCurrency": "USD",
    "cik": "0002012383",
    "fillingDate": "2015-08-07",
    "acceptedDate": "2015-08-07 16:43:13",
    "calendarYear": "2015",
    "period": "Q2",
    "revenue": 2905000000,
    "costOfRevenue": 1320000000,
    "grossProfit": 1585000000,
    "grossProfitRatio": 0.5456110155,
    "researchAndDevelopmentExpenses": 39000000,
    "generalAndAdministrativeExpenses": 232000000,
    "sellingAndMarketingExpenses": 80000000,
    "sellingGeneralAndAdministrativeExpenses": 312000000,
    "otherExpenses": -4000000,
    "operatingExpenses": 347000000,
    "costAndExpenses": 1667000000,
    "interestIncome": 5000000,
    "interestExpense": 52000000,
    "depreciationAndAmortization": 65000000,
    "ebitda": 1303000000,
    "ebitdaratio": 0.4485370052,
    "operatingIncome": 1238000000,
    "operatingIncomeRatio": 0.42616179,
    "totalOtherIncomeExpensesNet": -41000000,
    "incomeBeforeTax": 1197000000,
    "incomeBeforeTaxRatio": 0.4120481928,
    "incomeTaxExpense": 371000000,
    "netIncome": 819000000,
    "netIncomeRatio": 0.2819277108,
    "eps": 4.9,
    "epsdiluted": 4.82,
    "weightedAverageShsOut": 167285699,
    "weightedAverageShsOutDil": 169793933,
    "link": "https://www.sec.gov/Archives/edgar/data/1364742/000119312515283171/0001193125-15-283171-index.htm",
    "finalLink": "https://www.sec.gov/Archives/edgar/data/1364742/000119312515283171/d14172d10q.htm"
  },
  {
    "date": "2015-03-31",
    "symbol": "BLK",
    "reportedCurrency": "USD",
    "cik": "0002012383",
    "fillingDate": "2015-05-08",
    "acceptedDate": "2015-05-08 13:17:37",
    "calendarYear": "2015",
    "period": "Q1",
    "revenue": 2723000000,
    "costOfRevenue": 1282000000,
    "grossProfit": 1441000000,
    "grossProfitRatio": 0.52919574,
    "researchAndDevelopmentExpenses": 41000000,
    "generalAndAdministrativeExpenses": 244000000,
    "sellingAndMarketingExpenses": 95000000,
    "sellingGeneralAndAdministrativeExpenses": 339000000,
    "otherExpenses": -6000000,
    "operatingExpenses": 374000000,
    "costAndExpenses": 1656000000,
    "interestIncome": 4000000,
    "interestExpense": 51000000,
    "depreciationAndAmortization": 63000000,
    "ebitda": 1130000000,
    "ebitdaratio": 0.4149834741,
    "operatingIncome": 1067000000,
    "operatingIncomeRatio": 0.3918472273,
    "totalOtherIncomeExpensesNet": 51000000,
    "incomeBeforeTax": 1118000000,
    "incomeBeforeTaxRatio": 0.41057657,
    "incomeTaxExpense": 258000000,
    "netIncome": 822000000,
    "netIncomeRatio": 0.3018729343,
    "eps": 4.9,
    "epsdiluted": 4.82,
    "weightedAverageShsOut": 167760075,
    "weightedAverageShsOutDil": 170404784,
    "link": "https://www.sec.gov/Archives/edgar/data/1364742/000119312515179094/0001193125-15-179094-index.htm",
    "finalLink": "https://www.sec.gov/Archives/edgar/data/1364742/000119312515179094/d884015d10q.htm"
  },
  {
    "date": "2014-12-31",
    "symbol": "BLK",
    "reportedCurrency": "USD",
    "cik": "0002012383",
    "fillingDate": "2015-02-27",
    "acceptedDate": "2015-02-27 16:34:29",
    "calendarYear": "2014",
    "period": "Q4",
    "revenue": 2784000000,
    "costOfRevenue": 1218000000,
    "grossProfit": 1566000000,
    "grossProfitRatio": 0.5625,
    "researchAndDevelopmentExpenses": 40000000,
    "generalAndAdministrativeExpenses": 273000000,
    "sellingAndMarketingExpenses": 114000000,
    "sellingGeneralAndAdministrativeExpenses": 387000000,
    "otherExpenses": -5000000,
    "operatingExpenses": 422000000,
    "costAndExpenses": 1640000000,
    "interestIncome": 6000000,
    "interestExpense": 58000000,
    "depreciationAndAmortization": 63000000,
    "ebitda": 1207000000,
    "ebitdaratio": 0.4335488506,
    "operatingIncome": 1144000000,
    "operatingIncomeRatio": 0.4109195402,
    "totalOtherIncomeExpensesNet": -60000000,
    "incomeBeforeTax": 1084000000,
    "incomeBeforeTaxRatio": 0.3893678161,
    "incomeTaxExpense": 278000000,
    "netIncome": 813000000,
    "netIncomeRatio": 0.2920258621,
    "eps": 4.84,
    "epsdiluted": 4.75,
    "weightedAverageShsOut": 167869319,
    "weightedAverageShsOutDil": 171051649,
    "link": "https://www.sec.gov/Archives/edgar/data/1364742/000119312515069955/0001193125-15-069955-index.htm",
    "finalLink": "https://www.sec.gov/Archives/edgar/data/1364742/000119312515069955/d822114d10k.htm"
  },
  {
    "date": "2014-09-30",
    "symbol": "BLK",
    "reportedCurrency": "USD",
    "cik": "0002012383",
    "fillingDate": "2014-11-07",
    "acceptedDate": "2014-11-07 15:06:37",
    "calendarYear": "2014",
    "period": "Q3",
    "revenue": 2849000000,
    "costOfRevenue": 1276000000,
    "grossProfit": 1573000000,
    "grossProfitRatio": 0.5521235521,
    "researchAndDevelopmentExpenses": 40000000,
    "generalAndAdministrativeExpenses": 275000000,
    "sellingAndMarketingExpenses": 101000000,
    "sellingGeneralAndAdministrativeExpenses": 376000000,
    "otherExpenses": 0,
    "operatingExpenses": 416000000,
    "costAndExpenses": 1692000000,
    "interestIncome": 10000000,
    "interestExpense": 61000000,
    "depreciationAndAmortization": 70000000,
    "ebitda": 1227000000,
    "ebitdaratio": 0.4306774307,
    "operatingIncome": 1157000000,
    "operatingIncomeRatio": 0.4061074061,
    "totalOtherIncomeExpensesNet": -52000000,
    "incomeBeforeTax": 1105000000,
    "incomeBeforeTaxRatio": 0.3878553879,
    "incomeTaxExpense": 232000000,
    "netIncome": 917000000,
    "netIncomeRatio": 0.3218673219,
    "eps": 5.44,
    "epsdiluted": 5.35,
    "weightedAverageShsOut": 168607468,
    "weightedAverageShsOutDil": 171464622,
    "link": "https://www.sec.gov/Archives/edgar/data/1364742/000119312514403120/0001193125-14-403120-index.htm",
    "finalLink": "https://www.sec.gov/Archives/edgar/data/1364742/000119312514403120/d800369d10q.htm"
  },
  {
    "date": "2014-06-30",
    "symbol": "BLK",
    "reportedCurrency": "USD",
    "cik": "0002012383",
    "fillingDate": "2014-08-08",
    "acceptedDate": "2014-08-08 10:57:27",
    "calendarYear": "2014",
    "period": "Q2",
    "revenue": 2778000000,
    "costOfRevenue": 1238000000,
    "grossProfit": 1540000000,
    "grossProfitRatio": 0.5543556515,
    "researchAndDevelopmentExpenses": 43000000,
    "generalAndAdministrativeExpenses": 268000000,
    "sellingAndMarketingExpenses": 109000000,
    "sellingGeneralAndAdministrativeExpenses": 377000000,
    "otherExpenses": -2000000,
    "operatingExpenses": 418000000,
    "costAndExpenses": 1656000000,
    "interestIncome": 3000000,
    "interestExpense": 60000000,
    "depreciationAndAmortization": 72000000,
    "ebitda": 1194000000,
    "ebitdaratio": 0.4298056156,
    "operatingIncome": 1122000000,
    "operatingIncomeRatio": 0.403887689,
    "totalOtherIncomeExpensesNet": 16000000,
    "incomeBeforeTax": 1138000000,
    "incomeBeforeTaxRatio": 0.4096472282,
    "incomeTaxExpense": 297000000,
    "netIncome": 808000000,
    "netIncomeRatio": 0.2908567315,
    "eps": 4.77,
    "epsdiluted": 4.7,
    "weightedAverageShsOut": 169389778,
    "weightedAverageShsOutDil": 171837501,
    "link": "https://www.sec.gov/Archives/edgar/data/1364742/000119312514302181/0001193125-14-302181-index.htm",
    "finalLink": "https://www.sec.gov/Archives/edgar/data/1364742/000119312514302181/d756612d10q.htm"
  },
  {
    "date": "2014-03-31",
    "symbol": "BLK",
    "reportedCurrency": "USD",
    "cik": "0002012383",
    "fillingDate": "2014-05-09",
    "acceptedDate": "2014-05-09 14:55:06",
    "calendarYear": "2014",
    "period": "Q1",
    "revenue": 2670000000,
    "costOfRevenue": 1265000000,
    "grossProfit": 1405000000,
    "grossProfitRatio": 0.5262172285,
    "researchAndDevelopmentExpenses": 41000000,
    "generalAndAdministrativeExpenses": 224000000,
    "sellingAndMarketingExpenses": 89000000,
    "sellingGeneralAndAdministrativeExpenses": 313000000,
    "otherExpenses": 0,
    "operatingExpenses": 354000000,
    "costAndExpenses": 1619000000,
    "interestIncome": 10000000,
    "interestExpense": 53000000,
    "depreciationAndAmortization": 73000000,
    "ebitda": 1124000000,
    "ebitdaratio": 0.4209737828,
    "operatingIncome": 1051000000,
    "operatingIncomeRatio": 0.3936329588,
    "totalOtherIncomeExpensesNet": 17000000,
    "incomeBeforeTax": 1068000000,
    "incomeBeforeTaxRatio": 0.4,
    "incomeTaxExpense": 324000000,
    "netIncome": 756000000,
    "netIncomeRatio": 0.2831460674,
    "eps": 4.45,
    "epsdiluted": 4.38,
    "weightedAverageShsOut": 169760461,
    "weightedAverageShsOutDil": 172624298,
    "link": "https://www.sec.gov/Archives/edgar/data/1364742/000119312514192207/0001193125-14-192207-index.htm",
    "finalLink": "https://www.sec.gov/Archives/edgar/data/1364742/000119312514192207/d686413d10q.htm"
  },
  {
    "date": "2013-12-31",
    "symbol": "BLK",
    "reportedCurrency": "USD",
    "cik": "0002012383",
    "fillingDate": "2014-02-28",
    "acceptedDate": "2014-02-28 14:29:28",
    "calendarYear": "2013",
    "period": "Q4",
    "revenue": 2777000000,
    "costOfRevenue": 1193000000,
    "grossProfit": 1584000000,
    "grossProfitRatio": 0.5703997119,
    "researchAndDevelopmentExpenses": 43000000,
    "generalAndAdministrativeExpenses": 292000000,
    "sellingAndMarketingExpenses": 118000000,
    "sellingGeneralAndAdministrativeExpenses": 410000000,
    "otherExpenses": -2000000,
    "operatingExpenses": 451000000,
    "costAndExpenses": 1644000000,
    "interestIncome": 4000000,
    "interestExpense": 52000000,
    "depreciationAndAmortization": 76000000,
    "ebitda": 1209000000,
    "ebitdaratio": 0.4353619013,
    "operatingIncome": 1133000000,
    "operatingIncomeRatio": 0.4079942384,
    "totalOtherIncomeExpensesNet": 24000000,
    "incomeBeforeTax": 1157000000,
    "incomeBeforeTaxRatio": 0.4166366583,
    "incomeTaxExpense": 307000000,
    "netIncome": 841000000,
    "netIncomeRatio": 0.3028447965,
    "eps": 4.96,
    "epsdiluted": 4.84,
    "weightedAverageShsOut": 169689361,
    "weightedAverageShsOutDil": 173694304,
    "link": "https://www.sec.gov/Archives/edgar/data/1364742/000119312514076587/0001193125-14-076587-index.htm",
    "finalLink": "https://www.sec.gov/Archives/edgar/data/1364742/000119312514076587/d641151d10k.htm"
  },
  {
    "date": "2013-09-30",
    "symbol": "BLK",
    "reportedCurrency": "USD",
    "cik": "0002012383",
    "fillingDate": "2013-11-08",
    "acceptedDate": "2013-11-08 14:22:06",
    "calendarYear": "2013",
    "period": "Q3",
    "revenue": 2472000000,
    "costOfRevenue": 1132000000,
    "grossProfit": 1340000000,
    "grossProfitRatio": 0.5420711974,
    "researchAndDevelopmentExpenses": 39000000,
    "generalAndAdministrativeExpenses": 238000000,
    "sellingAndMarketingExpenses": 96000000,
    "sellingGeneralAndAdministrativeExpenses": 334000000,
    "otherExpenses": 1000000,
    "operatingExpenses": 374000000,
    "costAndExpenses": 1506000000,
    "interestIncome": 8000000,
    "interestExpense": 52000000,
    "depreciationAndAmortization": 71000000,
    "ebitda": 1037000000,
    "ebitdaratio": 0.4194983819,
    "operatingIncome": 966000000,
    "operatingIncomeRatio": 0.390776699,
    "totalOtherIncomeExpensesNet": -18000000,
    "incomeBeforeTax": 948000000,
    "incomeBeforeTaxRatio": 0.3834951456,
    "incomeTaxExpense": 219000000,
    "netIncome": 730000000,
    "netIncomeRatio": 0.2953074434,
    "eps": 4.28,
    "epsdiluted": 4.19,
    "weightedAverageShsOut": 170493605,
    "weightedAverageShsOutDil": 174067777,
    "link": "https://www.sec.gov/Archives/edgar/data/1364742/000119312513434891/0001193125-13-434891-index.htm",
    "finalLink": "https://www.sec.gov/Archives/edgar/data/1364742/000119312513434891/d584518d10q.htm"
  },
  {
    "date": "2013-06-30",
    "symbol": "BLK",
    "reportedCurrency": "USD",
    "cik": "0002012383",
    "fillingDate": "2013-08-08",
    "acceptedDate": "2013-08-08 16:20:02",
    "calendarYear": "2013",
    "period": "Q2",
    "revenue": 2482000000,
    "costOfRevenue": 1128000000,
    "grossProfit": 1354000000,
    "grossProfitRatio": 0.5455278002,
    "researchAndDevelopmentExpenses": 40000000,
    "generalAndAdministrativeExpenses": 235000000,
    "sellingAndMarketingExpenses": 106000000,
    "sellingGeneralAndAdministrativeExpenses": 341000000,
    "otherExpenses": 124000000,
    "operatingExpenses": 387000000,
    "costAndExpenses": 1633000000,
    "interestIncome": 4000000,
    "interestExpense": 53000000,
    "depreciationAndAmortization": 72000000,
    "ebitda": 1045000000,
    "ebitdaratio": 0.4210314263,
    "operatingIncome": 849000000,
    "operatingIncomeRatio": 0.3420628525,
    "totalOtherIncomeExpensesNet": 69000000,
    "incomeBeforeTax": 918000000,
    "incomeBeforeTaxRatio": 0.3698630137,
    "incomeTaxExpense": 212000000,
    "netIncome": 729000000,
    "netIncomeRatio": 0.2937147462,
    "eps": 4.25,
    "epsdiluted": 4.17,
    "weightedAverageShsOut": 171334065,
    "weightedAverageShsOutDil": 174571868,
    "link": "https://www.sec.gov/Archives/edgar/data/1364742/000119312513326890/0001193125-13-326890-index.htm",
    "finalLink": "https://www.sec.gov/Archives/edgar/data/1364742/000119312513326890/d539907d10q.htm"
  },
  {
    "date": "2013-03-31",
    "symbol": "BLK",
    "reportedCurrency": "USD",
    "cik": "0002012383",
    "fillingDate": "2013-05-09",
    "acceptedDate": "2013-05-09 14:06:08",
    "calendarYear": "2013",
    "period": "Q1",
    "revenue": 2449000000,
    "costOfRevenue": 1169000000,
    "grossProfit": 1280000000,
    "grossProfitRatio": 0.5226623111,
    "researchAndDevelopmentExpenses": 38000000,
    "generalAndAdministrativeExpenses": 242000000,
    "sellingAndMarketingExpenses": 89000000,
    "sellingGeneralAndAdministrativeExpenses": 331000000,
    "otherExpenses": 2000000,
    "operatingExpenses": 282000000,
    "costAndExpenses": 1540000000,
    "interestIncome": 6000000,
    "interestExpense": 54000000,
    "depreciationAndAmortization": 72000000,
    "ebitda": 981000000,
    "ebitdaratio": 0.4005716619,
    "operatingIncome": 909000000,
    "operatingIncomeRatio": 0.3711719069,
    "totalOtherIncomeExpensesNet": 41000000,
    "incomeBeforeTax": 950000000,
    "incomeBeforeTaxRatio": 0.3879134341,
    "incomeTaxExpense": 284000000,
    "netIncome": 632000000,
    "netIncomeRatio": 0.2580645161,
    "eps": 3.68,
    "epsdiluted": 3.61,
    "weightedAverageShsOut": 171989757,
    "weightedAverageShsOutDil": 175262178,
    "link": "https://www.sec.gov/Archives/edgar/data/1364742/000119312513210506/0001193125-13-210506-index.htm",
    "finalLink": "https://www.sec.gov/Archives/edgar/data/1364742/000119312513210506/d502200d10q.htm"
  },
  {
    "date": "2012-12-31",
    "symbol": "BLK",
    "reportedCurrency": "USD",
    "cik": "0002012383",
    "fillingDate": "2013-03-01",
    "acceptedDate": "2013-02-28 17:48:24",
    "calendarYear": "2012",
    "period": "Q4",
    "revenue": 2539000000,
    "costOfRevenue": 1093000000,
    "grossProfit": 1446000000,
    "grossProfitRatio": 0.5695155573,
    "researchAndDevelopmentExpenses": 35000000,
    "generalAndAdministrativeExpenses": 274000000,
    "sellingAndMarketingExpenses": 119000000,
    "sellingGeneralAndAdministrativeExpenses": 5846000000,
    "otherExpenses": -35000000,
    "operatingExpenses": 460000000,
    "costAndExpenses": 1534000000,
    "interestIncome": 9000000,
    "interestExpense": 57000000,
    "depreciationAndAmortization": 76000000,
    "ebitda": 1089000000,
    "ebitdaratio": 0.4289090193,
    "operatingIncome": 1005000000,
    "operatingIncomeRatio": 0.395825128,
    "totalOtherIncomeExpensesNet": -67000000,
    "incomeBeforeTax": 938000000,
    "incomeBeforeTaxRatio": 0.3694367861,
    "incomeTaxExpense": 288000000,
    "netIncome": 690000000,
    "netIncomeRatio": 0.2717605356,
    "eps": 4,
    "epsdiluted": 3.91,
    "weightedAverageShsOut": 172207104,
    "weightedAverageShsOutDil": 175879553,
    "link": "https://www.sec.gov/Archives/edgar/data/1364742/000119312513084957/0001193125-13-084957-index.htm",
    "finalLink": "https://www.sec.gov/Archives/edgar/data/1364742/000119312513084957/d439552d10k.htm"
  },
  {
    "date": "2012-09-30",
    "symbol": "BLK",
    "reportedCurrency": "USD",
    "cik": "0002012383",
    "fillingDate": "2012-11-08",
    "acceptedDate": "2012-11-08 17:02:05",
    "calendarYear": "2012",
    "period": "Q3",
    "revenue": 2320000000,
    "costOfRevenue": 94000000,
    "grossProfit": 2226000000,
    "grossProfitRatio": 0.9594827586,
    "researchAndDevelopmentExpenses": 0,
    "generalAndAdministrativeExpenses": 1299000000,
    "sellingAndMarketingExpenses": 0,
    "sellingGeneralAndAdministrativeExpenses": 1299000000,
    "otherExpenses": 52000000,
    "operatingExpenses": 1351000000,
    "costAndExpenses": 1445000000,
    "interestIncome": 10000000,
    "interestExpense": 57000000,
    "depreciationAndAmortization": 74000000,
    "ebitda": 1036000000,
    "ebitdaratio": 0.4465517241,
    "operatingIncome": 875000000,
    "operatingIncomeRatio": 0.3771551724,
    "totalOtherIncomeExpensesNet": 30000000,
    "incomeBeforeTax": 905000000,
    "incomeBeforeTaxRatio": 0.3900862069,
    "incomeTaxExpense": 250000000,
    "netIncome": 642000000,
    "netIncomeRatio": 0.2767241379,
    "eps": 3.71,
    "epsdiluted": 3.64,
    "weightedAverageShsOut": 173051344,
    "weightedAverageShsOutDil": 176155150,
    "link": "https://www.sec.gov/Archives/edgar/data/1364742/000119312512460708/0001193125-12-460708-index.htm",
    "finalLink": "https://www.sec.gov/Archives/edgar/data/1364742/000119312512460708/d406649d10q.htm"
  },
  {
    "date": "2012-06-30",
    "symbol": "BLK",
    "reportedCurrency": "USD",
    "cik": "0002012383",
    "fillingDate": "2012-08-08",
    "acceptedDate": "2012-08-08 15:00:59",
    "calendarYear": "2012",
    "period": "Q2",
    "revenue": 2229000000,
    "costOfRevenue": 879000000,
    "grossProfit": 1350000000,
    "grossProfitRatio": 0.6056527591,
    "researchAndDevelopmentExpenses": 0,
    "generalAndAdministrativeExpenses": 1254000000,
    "sellingAndMarketingExpenses": -786000000,
    "sellingGeneralAndAdministrativeExpenses": 468000000,
    "otherExpenses": 53000000,
    "operatingExpenses": 521000000,
    "costAndExpenses": 1400000000,
    "interestIncome": 8000000,
    "interestExpense": 52000000,
    "depreciationAndAmortization": 39000000,
    "ebitda": 876000000,
    "ebitdaratio": 0.3930013459,
    "operatingIncome": 829000000,
    "operatingIncomeRatio": 0.3719156572,
    "totalOtherIncomeExpensesNet": -40000000,
    "incomeBeforeTax": 789000000,
    "incomeBeforeTaxRatio": 0.3539703903,
    "incomeTaxExpense": 229000000,
    "netIncome": 554000000,
    "netIncomeRatio": 0.2485419471,
    "eps": 3.12,
    "epsdiluted": 3.07,
    "weightedAverageShsOut": 177721121,
    "weightedAverageShsOutDil": 180311947,
    "link": "https://www.sec.gov/Archives/edgar/data/1364742/000119312512343728/0001193125-12-343728-index.htm",
    "finalLink": "https://www.sec.gov/Archives/edgar/data/1364742/000119312512343728/d363785d10q.htm"
  },
  {
    "date": "2012-03-31",
    "symbol": "BLK",
    "reportedCurrency": "USD",
    "cik": "0002012383",
    "fillingDate": "2012-05-09",
    "acceptedDate": "2012-05-09 15:32:45",
    "calendarYear": "2012",
    "period": "Q1",
    "revenue": 2249000000,
    "costOfRevenue": 920000000,
    "grossProfit": 1329000000,
    "grossProfitRatio": 0.5909293019,
    "researchAndDevelopmentExpenses": 0,
    "generalAndAdministrativeExpenses": 1284000000,
    "sellingAndMarketingExpenses": -825000000,
    "sellingGeneralAndAdministrativeExpenses": 459000000,
    "otherExpenses": 55000000,
    "operatingExpenses": 514000000,
    "costAndExpenses": 1434000000,
    "interestIncome": 9000000,
    "interestExpense": 49000000,
    "depreciationAndAmortization": 73000000,
    "ebitda": 960000000,
    "ebitdaratio": 0.4268563806,
    "operatingIncome": 815000000,
    "operatingIncomeRatio": 0.3623832815,
    "totalOtherIncomeExpensesNet": 23000000,
    "incomeBeforeTax": 838000000,
    "incomeBeforeTaxRatio": 0.3726100489,
    "incomeTaxExpense": 263000000,
    "netIncome": 572000000,
    "netIncomeRatio": 0.2543352601,
    "eps": 3.18,
    "epsdiluted": 3.13,
    "weightedAverageShsOut": 179741805,
    "weightedAverageShsOutDil": 182648456,
    "link": "https://www.sec.gov/Archives/edgar/data/1364742/000119312512221839/0001193125-12-221839-index.htm",
    "finalLink": "https://www.sec.gov/Archives/edgar/data/1364742/000119312512221839/d333853d10q.htm"
  },
  {
    "date": "2011-12-31",
    "symbol": "BLK",
    "reportedCurrency": "USD",
    "cik": "0002012383",
    "fillingDate": "2012-02-28",
    "acceptedDate": "2012-02-28 17:27:56",
    "calendarYear": "2011",
    "period": "Q4",
    "revenue": 2227000000,
    "costOfRevenue": 87000000,
    "grossProfit": 2140000000,
    "grossProfitRatio": 0.9609339919,
    "researchAndDevelopmentExpenses": 0,
    "generalAndAdministrativeExpenses": 1243000000,
    "sellingAndMarketingExpenses": 0,
    "sellingGeneralAndAdministrativeExpenses": 1243000000,
    "otherExpenses": 89000000,
    "operatingExpenses": 1300000000,
    "costAndExpenses": 1419000000,
    "interestIncome": 9000000,
    "interestExpense": 48000000,
    "depreciationAndAmortization": 77000000,
    "ebitda": 940000000,
    "ebitdaratio": 0.4220925011,
    "operatingIncome": 808000000,
    "operatingIncomeRatio": 0.3628199371,
    "totalOtherIncomeExpensesNet": 7000000,
    "incomeBeforeTax": 815000000,
    "incomeBeforeTaxRatio": 0.3659631792,
    "incomeTaxExpense": 232000000,
    "netIncome": 555000000,
    "netIncomeRatio": 0.2492141895,
    "eps": 3.1,
    "epsdiluted": 3.05,
    "weightedAverageShsOut": 179022840,
    "weightedAverageShsOutDil": 181917864,
    "link": "https://www.sec.gov/Archives/edgar/data/1364742/000119312512085869/0001193125-12-085869-index.htm",
    "finalLink": "https://www.sec.gov/Archives/edgar/data/1364742/000119312512085869/d270105d10k.htm"
  },
  {
    "date": "2011-09-30",
    "symbol": "BLK",
    "reportedCurrency": "USD",
    "cik": "0002012383",
    "fillingDate": "2011-11-09",
    "acceptedDate": "2011-11-08 18:46:58",
    "calendarYear": "2011",
    "period": "Q3",
    "revenue": 2225000000,
    "costOfRevenue": 861000000,
    "grossProfit": 1364000000,
    "grossProfitRatio": 0.6130337079,
    "researchAndDevelopmentExpenses": 0,
    "generalAndAdministrativeExpenses": 1299000000,
    "sellingAndMarketingExpenses": -771000000,
    "sellingGeneralAndAdministrativeExpenses": 528000000,
    "otherExpenses": 59000000,
    "operatingExpenses": 587000000,
    "costAndExpenses": 1448000000,
    "interestIncome": 12000000,
    "interestExpense": 49000000,
    "depreciationAndAmortization": 76000000,
    "ebitda": 790000000,
    "ebitdaratio": 0.3550561798,
    "operatingIncome": 777000000,
    "operatingIncomeRatio": 0.3492134831,
    "totalOtherIncomeExpensesNet": -112000000,
    "incomeBeforeTax": 665000000,
    "incomeBeforeTaxRatio": 0.2988764045,
    "incomeTaxExpense": 95000000,
    "netIncome": 595000000,
    "netIncomeRatio": 0.2674157303,
    "eps": 3.27,
    "epsdiluted": 3.22,
    "weightedAverageShsOut": 179753850,
    "weightedAverageShsOutDil": 182555549,
    "link": "https://www.sec.gov/Archives/edgar/data/1364742/000119312511302591/0001193125-11-302591-index.htm",
    "finalLink": "https://www.sec.gov/Archives/edgar/data/1364742/000119312511302591/d231913d10q.htm"
  },
  {
    "date": "2011-06-30",
    "symbol": "BLK",
    "reportedCurrency": "USD",
    "cik": "0002012383",
    "fillingDate": "2011-08-08",
    "acceptedDate": "2011-08-08 16:25:09",
    "calendarYear": "2011",
    "period": "Q2",
    "revenue": 2347000000,
    "costOfRevenue": 924000000,
    "grossProfit": 1423000000,
    "grossProfitRatio": 0.6063059225,
    "researchAndDevelopmentExpenses": 0,
    "generalAndAdministrativeExpenses": 1322000000,
    "sellingAndMarketingExpenses": -824000000,
    "sellingGeneralAndAdministrativeExpenses": 498000000,
    "otherExpenses": 59000000,
    "operatingExpenses": 557000000,
    "costAndExpenses": 1481000000,
    "interestIncome": 4000000,
    "interestExpense": 41000000,
    "depreciationAndAmortization": 73000000,
    "ebitda": 956000000,
    "ebitdaratio": 0.4073285045,
    "operatingIncome": 866000000,
    "operatingIncomeRatio": 0.3689816787,
    "totalOtherIncomeExpensesNet": -24000000,
    "incomeBeforeTax": 842000000,
    "incomeBeforeTaxRatio": 0.3587558585,
    "incomeTaxExpense": 220000000,
    "netIncome": 619000000,
    "netIncomeRatio": 0.2637409459,
    "eps": 3.25,
    "epsdiluted": 3.2,
    "weightedAverageShsOut": 188624497,
    "weightedAverageShsOutDil": 191345342,
    "link": "https://www.sec.gov/Archives/edgar/data/1364742/000119312511214280/0001193125-11-214280-index.htm",
    "finalLink": "https://www.sec.gov/Archives/edgar/data/1364742/000119312511214280/d10q.htm"
  },
  {
    "date": "2011-03-31",
    "symbol": "BLK",
    "reportedCurrency": "USD",
    "cik": "0002012383",
    "fillingDate": "2011-05-09",
    "acceptedDate": "2011-05-09 16:09:58",
    "calendarYear": "2011",
    "period": "Q1",
    "revenue": 2282000000,
    "costOfRevenue": 939000000,
    "grossProfit": 1343000000,
    "grossProfitRatio": 0.5885188431,
    "researchAndDevelopmentExpenses": 0,
    "generalAndAdministrativeExpenses": 1313000000,
    "sellingAndMarketingExpenses": -830000000,
    "sellingGeneralAndAdministrativeExpenses": 483000000,
    "otherExpenses": 62000000,
    "operatingExpenses": 545000000,
    "costAndExpenses": 1484000000,
    "interestIncome": 9000000,
    "interestExpense": 38000000,
    "depreciationAndAmortization": 73000000,
    "ebitda": 924000000,
    "ebitdaratio": 0.4049079755,
    "operatingIncome": 798000000,
    "operatingIncomeRatio": 0.3496932515,
    "totalOtherIncomeExpensesNet": 15000000,
    "incomeBeforeTax": 813000000,
    "incomeBeforeTaxRatio": 0.356266433,
    "incomeTaxExpense": 249000000,
    "netIncome": 568000000,
    "netIncomeRatio": 0.2489044698,
    "eps": 2.91,
    "epsdiluted": 2.88,
    "weightedAverageShsOut": 192567633,
    "weightedAverageShsOutDil": 195076809,
    "link": "https://www.sec.gov/Archives/edgar/data/1364742/000119312511132329/0001193125-11-132329-index.htm",
    "finalLink": "https://www.sec.gov/Archives/edgar/data/1364742/000119312511132329/d10q.htm"
  },
  {
    "date": "2010-12-31",
    "symbol": "BLK",
    "reportedCurrency": "USD",
    "cik": "0002012383",
    "fillingDate": "2011-02-28",
    "acceptedDate": "2011-02-28 17:20:47",
    "calendarYear": "2010",
    "period": "Q4",
    "revenue": 2493000000,
    "costOfRevenue": 106000000,
    "grossProfit": 2387000000,
    "grossProfitRatio": 0.9574809467,
    "researchAndDevelopmentExpenses": 0,
    "generalAndAdministrativeExpenses": 1384000000,
    "sellingAndMarketingExpenses": 0,
    "sellingGeneralAndAdministrativeExpenses": 1384000000,
    "otherExpenses": 63000000,
    "operatingExpenses": 1447000000,
    "costAndExpenses": 1553000000,
    "interestIncome": 10000000,
    "interestExpense": 35000000,
    "depreciationAndAmortization": 79000000,
    "ebitda": 1072000000,
    "ebitdaratio": 0.4300040112,
    "operatingIncome": 940000000,
    "operatingIncomeRatio": 0.3770557561,
    "totalOtherIncomeExpensesNet": 18000000,
    "incomeBeforeTax": 958000000,
    "incomeBeforeTaxRatio": 0.3842759727,
    "incomeTaxExpense": 309000000,
    "netIncome": 657000000,
    "netIncomeRatio": 0.2635379061,
    "eps": 3.43,
    "epsdiluted": 3.38,
    "weightedAverageShsOut": 191797365,
    "weightedAverageShsOutDil": 194296504,
    "link": "https://www.sec.gov/Archives/edgar/data/1364742/000119312511050218/0001193125-11-050218-index.htm",
    "finalLink": "https://www.sec.gov/Archives/edgar/data/1364742/000119312511050218/d10k.htm"
  },
  {
    "date": "2010-09-30",
    "symbol": "BLK",
    "reportedCurrency": "USD",
    "cik": "0002012383",
    "fillingDate": "2010-11-08",
    "acceptedDate": "2010-11-08 06:11:27",
    "calendarYear": "2010",
    "period": "Q3",
    "revenue": 2092000000,
    "costOfRevenue": 879000000,
    "grossProfit": 1213000000,
    "grossProfitRatio": 0.5798279159,
    "researchAndDevelopmentExpenses": 0,
    "generalAndAdministrativeExpenses": 1214000000,
    "sellingAndMarketingExpenses": -774000000,
    "sellingGeneralAndAdministrativeExpenses": 440000000,
    "otherExpenses": 66000000,
    "operatingExpenses": 506000000,
    "costAndExpenses": 1385000000,
    "interestIncome": 10000000,
    "interestExpense": 37000000,
    "depreciationAndAmortization": 74000000,
    "ebitda": 896000000,
    "ebitdaratio": 0.4282982792,
    "operatingIncome": 707000000,
    "operatingIncomeRatio": 0.3379541109,
    "totalOtherIncomeExpensesNet": 78000000,
    "incomeBeforeTax": 785000000,
    "incomeBeforeTaxRatio": 0.3752390057,
    "incomeTaxExpense": 201000000,
    "netIncome": 551000000,
    "netIncomeRatio": 0.2633843212,
    "eps": 2.84,
    "epsdiluted": 2.82,
    "weightedAverageShsOut": 191259942,
    "weightedAverageShsOutDil": 193099236,
    "link": "https://www.sec.gov/Archives/edgar/data/1364742/000119312510250991/0001193125-10-250991-index.htm",
    "finalLink": "https://www.sec.gov/Archives/edgar/data/1364742/000119312510250991/d10q.htm"
  },
  {
    "date": "2010-06-30",
    "symbol": "BLK",
    "reportedCurrency": "USD",
    "cik": "0002012383",
    "fillingDate": "2010-08-06",
    "acceptedDate": "2010-08-06 15:01:07",
    "calendarYear": "2010",
    "period": "Q2",
    "revenue": 2032000000,
    "costOfRevenue": 806000000,
    "grossProfit": 1226000000,
    "grossProfitRatio": 0.6033464567,
    "researchAndDevelopmentExpenses": 0,
    "generalAndAdministrativeExpenses": 1049000000,
    "sellingAndMarketingExpenses": 97000000,
    "sellingGeneralAndAdministrativeExpenses": 1146000000,
    "otherExpenses": -1458000000,
    "operatingExpenses": 1238000000,
    "costAndExpenses": 1335000000,
    "interestIncome": 5000000,
    "interestExpense": 38000000,
    "depreciationAndAmortization": 79000000,
    "ebitda": 739000000,
    "ebitdaratio": 0.3636811024,
    "operatingIncome": 697000000,
    "operatingIncomeRatio": 0.343011811,
    "totalOtherIncomeExpensesNet": -75000000,
    "incomeBeforeTax": 622000000,
    "incomeBeforeTaxRatio": 0.3061023622,
    "incomeTaxExpense": 233000000,
    "netIncome": 432000000,
    "netIncomeRatio": 0.2125984252,
    "eps": 2.22,
    "epsdiluted": 2.2,
    "weightedAverageShsOut": 191742127,
    "weightedAverageShsOutDil": 193342908,
    "link": "https://www.sec.gov/Archives/edgar/data/1364742/000119312510181206/0001193125-10-181206-index.htm",
    "finalLink": "https://www.sec.gov/Archives/edgar/data/1364742/000119312510181206/d10q.htm"
  },
  {
    "date": "2010-03-31",
    "symbol": "BLK",
    "reportedCurrency": "USD",
    "cik": "0002012383",
    "fillingDate": "2010-05-10",
    "acceptedDate": "2010-05-10 14:02:01",
    "calendarYear": "2010",
    "period": "Q1",
    "revenue": 1995000000,
    "costOfRevenue": 873000000,
    "grossProfit": 1122000000,
    "grossProfitRatio": 0.562406015,
    "researchAndDevelopmentExpenses": 0,
    "generalAndAdministrativeExpenses": 1062000000,
    "sellingAndMarketingExpenses": 100000000,
    "sellingGeneralAndAdministrativeExpenses": 1162000000,
    "otherExpenses": -694000000,
    "operatingExpenses": 468000000,
    "costAndExpenses": 1341000000,
    "interestIncome": 4000000,
    "interestExpense": 40000000,
    "depreciationAndAmortization": 78000000,
    "ebitda": 774000000,
    "ebitdaratio": 0.3879699248,
    "operatingIncome": 654000000,
    "operatingIncomeRatio": 0.3278195489,
    "totalOtherIncomeExpensesNet": 2000000,
    "incomeBeforeTax": 656000000,
    "incomeBeforeTaxRatio": 0.3288220551,
    "incomeTaxExpense": 228000000,
    "netIncome": 423000000,
    "netIncomeRatio": 0.2120300752,
    "eps": 2.19,
    "epsdiluted": 2.16,
    "weightedAverageShsOut": 190437772,
    "weightedAverageShsOutDil": 192923944,
    "link": "https://www.sec.gov/Archives/edgar/data/1364742/000119312510114324/0001193125-10-114324-index.htm",
    "finalLink": "https://www.sec.gov/Archives/edgar/data/1364742/000119312510114324/d10q.htm"
  },
  {
    "date": "2009-12-31",
    "symbol": "BLK",
    "reportedCurrency": "USD",
    "cik": "0002012383",
    "fillingDate": "2010-03-10",
    "acceptedDate": "2010-03-10 17:25:57",
    "calendarYear": "2009",
    "period": "Q4",
    "revenue": 1544000000,
    "costOfRevenue": -1079000000,
    "grossProfit": 2623000000,
    "grossProfitRatio": 1.6988341969,
    "researchAndDevelopmentExpenses": 0,
    "generalAndAdministrativeExpenses": 3221000000,
    "sellingAndMarketingExpenses": 0,
    "sellingGeneralAndAdministrativeExpenses": 3513999809,
    "otherExpenses": -1279999809,
    "operatingExpenses": 2234000000,
    "costAndExpenses": 1155000000,
    "interestIncome": 4000000,
    "interestExpense": 23000000,
    "depreciationAndAmortization": 64000000,
    "ebitda": 494000000,
    "ebitdaratio": 0.3199481865,
    "operatingIncome": 389000000,
    "operatingIncomeRatio": 0.2519430052,
    "totalOtherIncomeExpensesNet": 18000000,
    "incomeBeforeTax": 407000000,
    "incomeBeforeTaxRatio": 0.2636010363,
    "incomeTaxExpense": 150000000,
    "netIncome": 256000000,
    "netIncomeRatio": 0.1658031088,
    "eps": 1.35,
    "epsdiluted": 1.33,
    "weightedAverageShsOut": 189676023,
    "weightedAverageShsOutDil": 192152251,
    "link": "https://www.sec.gov/Archives/edgar/data/1364742/000119312510052764/0001193125-10-052764-index.htm",
    "finalLink": "https://www.sec.gov/Archives/edgar/data/1364742/000119312510052764/d10k.htm"
  },
  {
    "date": "2009-09-30",
    "symbol": "BLK",
    "reportedCurrency": "USD",
    "cik": "0002012383",
    "fillingDate": "2009-11-06",
    "acceptedDate": "2009-11-06 15:59:01",
    "calendarYear": "2009",
    "period": "Q3",
    "revenue": 1140000000,
    "costOfRevenue": 563000000,
    "grossProfit": 577000000,
    "grossProfitRatio": 0.5061403509,
    "researchAndDevelopmentExpenses": 0,
    "generalAndAdministrativeExpenses": 605000000,
    "sellingAndMarketingExpenses": -444000000,
    "sellingGeneralAndAdministrativeExpenses": 161000000,
    "otherExpenses": 59000000,
    "operatingExpenses": 220000000,
    "costAndExpenses": 783000000,
    "interestIncome": 4000000,
    "interestExpense": 15000000,
    "depreciationAndAmortization": 60000000,
    "ebitda": 510000000,
    "ebitdaratio": 0.4473684211,
    "operatingIncome": 357000000,
    "operatingIncomeRatio": 0.3131578947,
    "totalOtherIncomeExpensesNet": 78000000,
    "incomeBeforeTax": 435000000,
    "incomeBeforeTaxRatio": 0.3815789474,
    "incomeTaxExpense": 101000000,
    "netIncome": 317000000,
    "netIncomeRatio": 0.2780701754,
    "eps": 2.3,
    "epsdiluted": 2.26,
    "weightedAverageShsOut": 133801584,
    "weightedAverageShsOutDil": 136448031,
    "link": "https://www.sec.gov/Archives/edgar/data/1364742/000119312509227485/0001193125-09-227485-index.htm",
    "finalLink": "https://www.sec.gov/Archives/edgar/data/1364742/000119312509227485/d10q.htm"
  },
  {
    "date": "2009-06-30",
    "symbol": "BLK",
    "reportedCurrency": "USD",
    "cik": "0002012383",
    "fillingDate": "2009-08-07",
    "acceptedDate": "2009-08-07 15:13:33",
    "calendarYear": "2009",
    "period": "Q2",
    "revenue": 1029,
    "costOfRevenue": 515,
    "grossProfit": 514,
    "grossProfitRatio": 0.4995140914,
    "researchAndDevelopmentExpenses": 0,
    "generalAndAdministrativeExpenses": 867000000,
    "sellingAndMarketingExpenses": 0,
    "sellingGeneralAndAdministrativeExpenses": 867000000,
    "otherExpenses": 0,
    "operatingExpenses": 253,
    "costAndExpenses": 768000000,
    "interestIncome": 0,
    "interestExpense": 0,
    "depreciationAndAmortization": 58000000,
    "ebitda": 411000000,
    "ebitdaratio": 399416.9096209913,
    "operatingIncome": 261,
    "operatingIncomeRatio": 0.2536443149,
    "totalOtherIncomeExpensesNet": 77000000,
    "incomeBeforeTax": 338,
    "incomeBeforeTaxRatio": 0.3284742468,
    "incomeTaxExpense": 0,
    "netIncome": 244,
    "netIncomeRatio": 0.2371234208,
    "eps": 1.6583654193,
    "epsdiluted": 1.6280781038,
    "weightedAverageShsOut": 131454743,
    "weightedAverageShsOutDil": 133900210,
    "link": "https://www.sec.gov/Archives/edgar/data/1364742/000119312509168969/0001193125-09-168969-index.htm",
    "finalLink": "https://www.sec.gov/Archives/edgar/data/1364742/000119312509168969/d10q.htm"
  },
  {
    "date": "2009-03-31",
    "symbol": "BLK",
    "reportedCurrency": "USD",
    "cik": "0002012383",
    "fillingDate": "2009-05-08",
    "acceptedDate": "2009-05-08 16:57:00",
    "calendarYear": "2009",
    "period": "Q1",
    "revenue": 987000000,
    "costOfRevenue": 480000000,
    "grossProfit": 507000000,
    "grossProfitRatio": 0.5136778116,
    "researchAndDevelopmentExpenses": 0,
    "generalAndAdministrativeExpenses": 810000000,
    "sellingAndMarketingExpenses": 0,
    "sellingGeneralAndAdministrativeExpenses": 810000000,
    "otherExpenses": -572000000,
    "operatingExpenses": 238000000,
    "costAndExpenses": 694000000,
    "interestIncome": 8000000,
    "interestExpense": 15000000,
    "depreciationAndAmortization": 57000000,
    "ebitda": 164000000,
    "ebitdaratio": 0.1661600811,
    "operatingIncome": 271000000,
    "operatingIncomeRatio": 0.2745694022,
    "totalOtherIncomeExpensesNet": -179000000,
    "incomeBeforeTax": 92000000,
    "incomeBeforeTaxRatio": 0.0932117528,
    "incomeTaxExpense": 30000000,
    "netIncome": 84000000,
    "netIncomeRatio": 0.085106383,
    "eps": 0.63,
    "epsdiluted": 0.62,
    "weightedAverageShsOut": 130739173,
    "weightedAverageShsOutDil": 132326493,
    "link": "https://www.sec.gov/Archives/edgar/data/1364742/000119312509105532/0001193125-09-105532-index.htm",
    "finalLink": "https://www.sec.gov/Archives/edgar/data/1364742/000119312509105532/d10q.htm"
  },
  {
    "date": "2008-12-31",
    "symbol": "BLK",
    "reportedCurrency": "USD",
    "cik": "0002012383",
    "fillingDate": "2009-03-02",
    "acceptedDate": "2009-02-27 18:43:16",
    "calendarYear": "2008",
    "period": "Q4",
    "revenue": 1063690000,
    "costOfRevenue": -1351612000,
    "grossProfit": 2415302000,
    "grossProfitRatio": 2.2706822476,
    "researchAndDevelopmentExpenses": 0,
    "generalAndAdministrativeExpenses": 4025100000,
    "sellingAndMarketingExpenses": 0,
    "sellingGeneralAndAdministrativeExpenses": 3818705000,
    "otherExpenses": -1742187000,
    "operatingExpenses": 2076518000,
    "costAndExpenses": 724906000,
    "interestIncome": 13132000,
    "interestExpense": 15165000,
    "depreciationAndAmortization": 56515000,
    "ebitda": -2061000,
    "ebitdaratio": -0.0019375946,
    "operatingIncome": 338784000,
    "operatingIncomeRatio": 0.3184988107,
    "totalOtherIncomeExpensesNet": -412525000,
    "incomeBeforeTax": -73741000,
    "incomeBeforeTaxRatio": -0.0693256494,
    "incomeTaxExpense": -6937000,
    "netIncome": 52545000,
    "netIncomeRatio": 0.049398791,
    "eps": 0.4,
    "epsdiluted": 0.4,
    "weightedAverageShsOut": 130216218,
    "weightedAverageShsOutDil": 131797189,
    "link": "https://www.sec.gov/Archives/edgar/data/1364742/000119312509041298/0001193125-09-041298-index.htm",
    "finalLink": "https://www.sec.gov/Archives/edgar/data/1364742/000119312509041298/d10k.htm"
  },
  {
    "date": "2008-09-30",
    "symbol": "BLK",
    "reportedCurrency": "USD",
    "cik": "0002012383",
    "fillingDate": "2008-11-07",
    "acceptedDate": "2008-11-07 16:18:34",
    "calendarYear": "2008",
    "period": "Q3",
    "revenue": 1313220000,
    "costOfRevenue": 618353000,
    "grossProfit": 694867000,
    "grossProfitRatio": 0.5291322094,
    "researchAndDevelopmentExpenses": 0,
    "generalAndAdministrativeExpenses": 170917000,
    "sellingAndMarketingExpenses": 0,
    "sellingGeneralAndAdministrativeExpenses": 170917000,
    "otherExpenses": 1004895000,
    "operatingExpenses": 1175812000,
    "costAndExpenses": 1706639000,
    "interestIncome": 19605000,
    "interestExpense": 16737000,
    "depreciationAndAmortization": 61000000,
    "ebitda": 392000000,
    "ebitdaratio": 0.2985029165,
    "operatingIncome": 453536000,
    "operatingIncomeRatio": 0.3453617825,
    "totalOtherIncomeExpensesNet": -141000000,
    "incomeBeforeTax": 313852000,
    "incomeBeforeTaxRatio": 0.2389942279,
    "incomeTaxExpense": 117237000,
    "netIncome": 217000000,
    "netIncomeRatio": 0.1652426859,
    "eps": 1.61,
    "epsdiluted": 1.58,
    "weightedAverageShsOut": 130315198,
    "weightedAverageShsOutDil": 132801555,
    "link": "https://www.sec.gov/Archives/edgar/data/1364742/000119312508230033/0001193125-08-230033-index.htm",
    "finalLink": "https://www.sec.gov/Archives/edgar/data/1364742/000119312508230033/d10q.htm"
  },
  {
    "date": "2008-06-30",
    "symbol": "BLK",
    "reportedCurrency": "USD",
    "cik": "0002012383",
    "fillingDate": "2008-08-08",
    "acceptedDate": "2008-08-08 13:33:48",
    "calendarYear": "2008",
    "period": "Q2",
    "revenue": 1386951000,
    "costOfRevenue": 705572000,
    "grossProfit": 681379000,
    "grossProfitRatio": 0.4912783509,
    "researchAndDevelopmentExpenses": 0,
    "generalAndAdministrativeExpenses": 1218436000,
    "sellingAndMarketingExpenses": 0,
    "sellingGeneralAndAdministrativeExpenses": 1218436000,
    "otherExpenses": -942047000,
    "operatingExpenses": 276389000,
    "costAndExpenses": 981961000,
    "interestIncome": 13924000,
    "interestExpense": 16720000,
    "depreciationAndAmortization": 58000000,
    "ebitda": 477000000,
    "ebitdaratio": 0.3439198645,
    "operatingIncome": 404990000,
    "operatingIncomeRatio": 0.2920002221,
    "totalOtherIncomeExpensesNet": -4000000,
    "incomeBeforeTax": 401727000,
    "incomeBeforeTaxRatio": 0.2896475795,
    "incomeTaxExpense": 147569000,
    "netIncome": 274000000,
    "netIncomeRatio": 0.1975556454,
    "eps": 2.03,
    "epsdiluted": 1.99,
    "weightedAverageShsOut": 130089682,
    "weightedAverageShsOutDil": 132562787,
    "link": "https://www.sec.gov/Archives/edgar/data/1364742/000119312508171608/0001193125-08-171608-index.htm",
    "finalLink": "https://www.sec.gov/Archives/edgar/data/1364742/000119312508171608/d10q.htm"
  },
  {
    "date": "2008-03-31",
    "symbol": "BLK",
    "reportedCurrency": "USD",
    "cik": "0002012383",
    "fillingDate": "2008-05-09",
    "acceptedDate": "2008-05-09 15:39:41",
    "calendarYear": "2008",
    "period": "Q1",
    "revenue": 1300138000,
    "costOfRevenue": 625000000,
    "grossProfit": 675138000,
    "grossProfitRatio": 0.5192817993,
    "researchAndDevelopmentExpenses": 0,
    "generalAndAdministrativeExpenses": 212983000,
    "sellingAndMarketingExpenses": 0,
    "sellingGeneralAndAdministrativeExpenses": 212983000,
    "otherExpenses": 961438000,
    "operatingExpenses": 1174421000,
    "costAndExpenses": 904448000,
    "interestIncome": 18000000,
    "interestExpense": 18000000,
    "depreciationAndAmortization": 59000000,
    "ebitda": 453000000,
    "ebitdaratio": 0.3484245519,
    "operatingIncome": 395690000,
    "operatingIncomeRatio": 0.3043446157,
    "totalOtherIncomeExpensesNet": -20000000,
    "incomeBeforeTax": 377162000,
    "incomeBeforeTaxRatio": 0.2900938208,
    "incomeTaxExpense": 130131000,
    "netIncome": 241000000,
    "netIncomeRatio": 0.1853649382,
    "eps": 1.8,
    "epsdiluted": 1.76,
    "weightedAverageShsOut": 129421939,
    "weightedAverageShsOutDil": 132149340,
    "link": "https://www.sec.gov/Archives/edgar/data/1364742/000119312508109678/0001193125-08-109678-index.htm",
    "finalLink": "https://www.sec.gov/Archives/edgar/data/1364742/000119312508109678/d10q.htm"
  },
  {
    "date": "2007-12-31",
    "symbol": "BLK",
    "reportedCurrency": "USD",
    "cik": "0002012383",
    "fillingDate": "2008-02-28",
    "acceptedDate": "2008-02-28 16:45:02",
    "calendarYear": "2007",
    "period": "Q4",
    "revenue": 1444179000,
    "costOfRevenue": 0,
    "grossProfit": 1444179000,
    "grossProfitRatio": 1,
    "researchAndDevelopmentExpenses": 0,
    "generalAndAdministrativeExpenses": 2163254000,
    "sellingAndMarketingExpenses": 0,
    "sellingGeneralAndAdministrativeExpenses": 2163254000,
    "otherExpenses": 1568737000,
    "operatingExpenses": 3731991000,
    "costAndExpenses": 976463000,
    "interestIncome": 0,
    "interestExpense": 0,
    "depreciationAndAmortization": 55437000,
    "ebitda": 1101620000,
    "ebitdaratio": 0.7628001792,
    "operatingIncome": 467716000,
    "operatingIncomeRatio": 0.3238629007,
    "totalOtherIncomeExpensesNet": 29416000,
    "incomeBeforeTax": 497132000,
    "incomeBeforeTaxRatio": 0.3442315669,
    "incomeTaxExpense": 165746000,
    "netIncome": 322440000,
    "netIncomeRatio": 0.2232687222,
    "eps": 2.5,
    "epsdiluted": 2.43,
    "weightedAverageShsOut": 128904253,
    "weightedAverageShsOutDil": 132876553,
    "link": "https://www.sec.gov/Archives/edgar/data/1364742/000119312508041884/0001193125-08-041884-index.htm",
    "finalLink": "https://www.sec.gov/Archives/edgar/data/1364742/000119312508041884/d10k.htm"
  },
  {
    "date": "2007-09-30",
    "symbol": "BLK",
    "reportedCurrency": "USD",
    "cik": "0002012383",
    "fillingDate": "2007-11-08",
    "acceptedDate": "2007-11-08 17:27:57",
    "calendarYear": "2007",
    "period": "Q3",
    "revenue": 1298079000,
    "costOfRevenue": 638592000,
    "grossProfit": 659487000,
    "grossProfitRatio": 0.5080484316,
    "researchAndDevelopmentExpenses": 0,
    "generalAndAdministrativeExpenses": 194442000,
    "sellingAndMarketingExpenses": 0,
    "sellingGeneralAndAdministrativeExpenses": 194442000,
    "otherExpenses": 295727000,
    "operatingExpenses": 490169000,
    "costAndExpenses": 1026361000,
    "interestIncome": 20109000,
    "interestExpense": 9815000,
    "depreciationAndAmortization": 49305000,
    "ebitda": 469570000,
    "ebitdaratio": 0.361742236,
    "operatingIncome": 271718000,
    "operatingIncomeRatio": 0.2093231614,
    "totalOtherIncomeExpensesNet": 128189000,
    "incomeBeforeTax": 399907000,
    "incomeBeforeTaxRatio": 0.3080760108,
    "incomeTaxExpense": 63168000,
    "netIncome": 255200000,
    "netIncomeRatio": 0.196598204,
    "eps": 1.98,
    "epsdiluted": 1.93,
    "weightedAverageShsOut": 128675728,
    "weightedAverageShsOutDil": 131843829,
    "link": "https://www.sec.gov/Archives/edgar/data/1364742/000119312507240559/0001193125-07-240559-index.htm",
    "finalLink": "https://www.sec.gov/Archives/edgar/data/1364742/000119312507240559/d10q.htm"
  },
  {
    "date": "2007-06-30",
    "symbol": "BLK",
    "reportedCurrency": "USD",
    "cik": "0002012383",
    "fillingDate": "2007-08-10",
    "acceptedDate": "2007-08-10 09:31:05",
    "calendarYear": "2007",
    "period": "Q2",
    "revenue": 1097023000,
    "costOfRevenue": 539850000,
    "grossProfit": 557173000,
    "grossProfitRatio": 0.5078954589,
    "researchAndDevelopmentExpenses": 0,
    "generalAndAdministrativeExpenses": 210780000,
    "sellingAndMarketingExpenses": 0,
    "sellingGeneralAndAdministrativeExpenses": 210780000,
    "otherExpenses": 159790000,
    "operatingExpenses": 370570000,
    "costAndExpenses": 815022000,
    "interestIncome": 13738000,
    "interestExpense": 10223000,
    "depreciationAndAmortization": 48020000,
    "ebitda": 565730000,
    "ebitdaratio": 0.51569566,
    "operatingIncome": 282001000,
    "operatingIncomeRatio": 0.257060244,
    "totalOtherIncomeExpensesNet": 213718000,
    "incomeBeforeTax": 495719000,
    "incomeBeforeTaxRatio": 0.4518765787,
    "incomeTaxExpense": 125012000,
    "netIncome": 222244000,
    "netIncomeRatio": 0.2025882775,
    "eps": 1.72,
    "epsdiluted": 1.68,
    "weightedAverageShsOut": 129061137,
    "weightedAverageShsOutDil": 131911113,
    "link": "https://www.sec.gov/Archives/edgar/data/1364742/000119312507178419/0001193125-07-178419-index.htm",
    "finalLink": "https://www.sec.gov/Archives/edgar/data/1364742/000119312507178419/d10q.htm"
  },
  {
    "date": "2007-03-31",
    "symbol": "BLK",
    "reportedCurrency": "USD",
    "cik": "0002012383",
    "fillingDate": "2007-05-10",
    "acceptedDate": "2007-05-10 15:29:44",
    "calendarYear": "2007",
    "period": "Q1",
    "revenue": 1005374000,
    "costOfRevenue": 0,
    "grossProfit": 1005374000,
    "grossProfitRatio": 1,
    "researchAndDevelopmentExpenses": 0,
    "generalAndAdministrativeExpenses": 223036000,
    "sellingAndMarketingExpenses": 0,
    "sellingGeneralAndAdministrativeExpenses": 223036000,
    "otherExpenses": 510107000,
    "operatingExpenses": 733143000,
    "costAndExpenses": 733143000,
    "interestIncome": 0,
    "interestExpense": 0,
    "depreciationAndAmortization": 67620000,
    "ebitda": 339851000,
    "ebitdaratio": 0.3380344031,
    "operatingIncome": 272231000,
    "operatingIncomeRatio": 0.2707758506,
    "totalOtherIncomeExpensesNet": 157731000,
    "incomeBeforeTax": 429962000,
    "incomeBeforeTaxRatio": 0.4276637351,
    "incomeTaxExpense": 109906000,
    "netIncome": 195388000,
    "netIncomeRatio": 0.1943435975,
    "eps": 1.51,
    "epsdiluted": 1.47,
    "weightedAverageShsOut": 129327032,
    "weightedAverageShsOutDil": 132425269,
    "link": "https://www.sec.gov/Archives/edgar/data/1364742/000119312507110090/0001193125-07-110090-index.htm",
    "finalLink": "https://www.sec.gov/Archives/edgar/data/1364742/000119312507110090/d10q.htm"
  },
  {
    "date": "2006-12-31",
    "symbol": "BLK",
    "reportedCurrency": "USD",
    "cik": "0002012383",
    "fillingDate": "2007-03-13",
    "acceptedDate": "2007-03-13 14:24:33",
    "calendarYear": "2006",
    "period": "Q4",
    "revenue": 1018525000,
    "costOfRevenue": 0,
    "grossProfit": 1018525000,
    "grossProfitRatio": 1,
    "researchAndDevelopmentExpenses": 0,
    "generalAndAdministrativeExpenses": 229004000,
    "sellingAndMarketingExpenses": 0,
    "sellingGeneralAndAdministrativeExpenses": 229004000,
    "otherExpenses": 543438000,
    "operatingExpenses": 772442000,
    "costAndExpenses": 772442000,
    "interestIncome": 0,
    "interestExpense": 0,
    "depreciationAndAmortization": 43508000,
    "ebitda": 289591000,
    "ebitdaratio": 0.2843238998,
    "operatingIncome": 246083000,
    "operatingIncomeRatio": 0.2416072261,
    "totalOtherIncomeExpensesNet": 20445000,
    "incomeBeforeTax": 282697000,
    "incomeBeforeTaxRatio": 0.2775552883,
    "incomeTaxExpense": 99500000,
    "netIncome": 169423000,
    "netIncomeRatio": 0.1663415233,
    "eps": 1.32,
    "epsdiluted": 1.28,
    "weightedAverageShsOut": 128809726,
    "weightedAverageShsOutDil": 131895570,
    "link": "https://www.sec.gov/Archives/edgar/data/1364742/000119312507053304/0001193125-07-053304-index.htm",
    "finalLink": "https://www.sec.gov/Archives/edgar/data/1364742/000119312507053304/d10k.htm"
  },
  {
    "date": "2006-09-30",
    "symbol": "BLK",
    "reportedCurrency": "USD",
    "cik": "0002012383",
    "fillingDate": "2006-11-14",
    "acceptedDate": "2006-11-14 15:51:57",
    "calendarYear": "2006",
    "period": "Q3",
    "revenue": 323058000,
    "costOfRevenue": 0,
    "grossProfit": 323058000,
    "grossProfitRatio": 1,
    "researchAndDevelopmentExpenses": 0,
    "generalAndAdministrativeExpenses": 82905000,
    "sellingAndMarketingExpenses": 0,
    "sellingGeneralAndAdministrativeExpenses": 82905000,
    "otherExpenses": 211145000,
    "operatingExpenses": 294050000,
    "costAndExpenses": 294050000,
    "interestIncome": 0,
    "interestExpense": 0,
    "depreciationAndAmortization": 10784000,
    "ebitda": 39792000,
    "ebitdaratio": 0.1231729287,
    "operatingIncome": 29008000,
    "operatingIncomeRatio": 0.0897919259,
    "totalOtherIncomeExpensesNet": 1909000,
    "incomeBeforeTax": 30917000,
    "incomeBeforeTaxRatio": 0.0957010815,
    "incomeTaxExpense": 11108000,
    "netIncome": 18914000,
    "netIncomeRatio": 0.0585467625,
    "eps": 0.29,
    "epsdiluted": 0.28,
    "weightedAverageShsOut": 65021532,
    "weightedAverageShsOutDil": 67748529,
    "link": "https://www.sec.gov/Archives/edgar/data/1364742/000119312506234738/0001193125-06-234738-index.htm",
    "finalLink": "https://www.sec.gov/Archives/edgar/data/1364742/000119312506234738/d10q.htm"
  },
  {
    "date": "2006-06-30",
    "symbol": "BLK",
    "reportedCurrency": "USD",
    "cik": "0002012383",
    "fillingDate": "2006-06-30",
    "acceptedDate": "2006-06-29 20:00:00",
    "calendarYear": "2006",
    "period": "Q2",
    "revenue": 360733000,
    "costOfRevenue": 0,
    "grossProfit": 360733000,
    "grossProfitRatio": 1,
    "researchAndDevelopmentExpenses": 0,
    "generalAndAdministrativeExpenses": 74367000,
    "sellingAndMarketingExpenses": 0,
    "sellingGeneralAndAdministrativeExpenses": 74367000,
    "otherExpenses": 189683000,
    "operatingExpenses": 264050000,
    "costAndExpenses": 264050000,
    "interestIncome": 0,
    "interestExpense": 0,
    "depreciationAndAmortization": 9710000,
    "ebitda": 106091000,
    "ebitdaratio": 0.2940984052,
    "operatingIncome": 96683000,
    "operatingIncomeRatio": 0.2680181741,
    "totalOtherIncomeExpensesNet": 4815000,
    "incomeBeforeTax": 101498000,
    "incomeBeforeTaxRatio": 0.2813659965,
    "incomeTaxExpense": 37237000,
    "netIncome": 63404000,
    "netIncomeRatio": 0.1757643465,
    "eps": 0.99,
    "epsdiluted": 0.95,
    "weightedAverageShsOut": 64393953,
    "weightedAverageShsOutDil": 66921162,
    "link": "",
    "finalLink": ""
  },
  {
    "date": "2006-03-31",
    "symbol": "BLK",
    "reportedCurrency": "USD",
    "cik": "0002012383",
    "fillingDate": "2006-03-31",
    "acceptedDate": "2006-03-30 19:00:00",
    "calendarYear": "2006",
    "period": "Q1",
    "revenue": 395660000,
    "costOfRevenue": 0,
    "grossProfit": 395660000,
    "grossProfitRatio": 1,
    "researchAndDevelopmentExpenses": 0,
    "generalAndAdministrativeExpenses": 56984000,
    "sellingAndMarketingExpenses": 0,
    "sellingGeneralAndAdministrativeExpenses": 56984000,
    "otherExpenses": 238649000,
    "operatingExpenses": 295633000,
    "costAndExpenses": 295633000,
    "interestIncome": 0,
    "interestExpense": 0,
    "depreciationAndAmortization": 9411000,
    "ebitda": 109136000,
    "ebitdaratio": 0.2758327857,
    "operatingIncome": 100027000,
    "operatingIncomeRatio": 0.2528104939,
    "totalOtherIncomeExpensesNet": 13095000,
    "incomeBeforeTax": 113122000,
    "incomeBeforeTaxRatio": 0.2859070919,
    "incomeTaxExpense": 41618000,
    "netIncome": 70862000,
    "netIncomeRatio": 0.1790982156,
    "eps": 1.11,
    "epsdiluted": 1.06,
    "weightedAverageShsOut": 64332216,
    "weightedAverageShsOutDil": 66999557,
    "link": "",
    "finalLink": ""
  },
  {
    "date": "2005-12-31",
    "symbol": "BLK",
    "reportedCurrency": "USD",
    "cik": "0002012383",
    "fillingDate": "2005-12-31",
    "acceptedDate": "2005-12-30 19:00:00",
    "calendarYear": "2005",
    "period": "Q4",
    "revenue": 369108000,
    "costOfRevenue": 0,
    "grossProfit": 369108000,
    "grossProfitRatio": 1,
    "researchAndDevelopmentExpenses": 0,
    "generalAndAdministrativeExpenses": 60761000,
    "sellingAndMarketingExpenses": 0,
    "sellingGeneralAndAdministrativeExpenses": 60761000,
    "otherExpenses": 195951000,
    "operatingExpenses": 256712000,
    "costAndExpenses": 256712000,
    "interestIncome": 0,
    "interestExpense": 0,
    "depreciationAndAmortization": 7788000,
    "ebitda": 120184000,
    "ebitdaratio": 0.3256065975,
    "operatingIncome": 112396000,
    "operatingIncomeRatio": 0.3045070819,
    "totalOtherIncomeExpensesNet": 4046000,
    "incomeBeforeTax": 116442000,
    "incomeBeforeTaxRatio": 0.3154686433,
    "incomeTaxExpense": 42826000,
    "netIncome": 72918000,
    "netIncomeRatio": 0.197551936,
    "eps": 1.14,
    "epsdiluted": 1.09,
    "weightedAverageShsOut": 64074888,
    "weightedAverageShsOutDil": 66731560,
    "link": "",
    "finalLink": ""
  },
  {
    "date": "2005-09-30",
    "symbol": "BLK",
    "reportedCurrency": "USD",
    "cik": "0002012383",
    "fillingDate": "2005-09-30",
    "acceptedDate": "2005-09-29 20:00:00",
    "calendarYear": "2005",
    "period": "Q3",
    "revenue": 300807000,
    "costOfRevenue": 0,
    "grossProfit": 300807000,
    "grossProfitRatio": 1,
    "researchAndDevelopmentExpenses": 0,
    "generalAndAdministrativeExpenses": 51524000,
    "sellingAndMarketingExpenses": 0,
    "sellingGeneralAndAdministrativeExpenses": 51524000,
    "otherExpenses": 169614000,
    "operatingExpenses": 221138000,
    "costAndExpenses": 221138000,
    "interestIncome": 0,
    "interestExpense": 0,
    "depreciationAndAmortization": 7543000,
    "ebitda": 87212000,
    "ebitdaratio": 0.2899267637,
    "operatingIncome": 79669000,
    "operatingIncomeRatio": 0.2648508845,
    "totalOtherIncomeExpensesNet": 19431000,
    "incomeBeforeTax": 99100000,
    "incomeBeforeTaxRatio": 0.3294471206,
    "incomeTaxExpense": 37077000,
    "netIncome": 61119000,
    "netIncomeRatio": 0.2031834366,
    "eps": 0.95,
    "epsdiluted": 0.92,
    "weightedAverageShsOut": 64345251,
    "weightedAverageShsOutDil": 66982727,
    "link": "",
    "finalLink": ""
  },
  {
    "date": "2005-06-30",
    "symbol": "BLK",
    "reportedCurrency": "USD",
    "cik": "0002012383",
    "fillingDate": "2005-06-30",
    "acceptedDate": "2005-06-29 20:00:00",
    "calendarYear": "2005",
    "period": "Q2",
    "revenue": 271389000,
    "costOfRevenue": 0,
    "grossProfit": 271389000,
    "grossProfitRatio": 1,
    "researchAndDevelopmentExpenses": 0,
    "generalAndAdministrativeExpenses": 46397000,
    "sellingAndMarketingExpenses": 0,
    "sellingGeneralAndAdministrativeExpenses": 46397000,
    "otherExpenses": 143097000,
    "operatingExpenses": 189494000,
    "costAndExpenses": 189494000,
    "interestIncome": 0,
    "interestExpense": 0,
    "depreciationAndAmortization": 7462000,
    "ebitda": 89635000,
    "ebitdaratio": 0.3302823622,
    "operatingIncome": 81895000,
    "operatingIncomeRatio": 0.3017624148,
    "totalOtherIncomeExpensesNet": 3964000,
    "incomeBeforeTax": 85859000,
    "incomeBeforeTaxRatio": 0.3163687548,
    "incomeTaxExpense": 31324000,
    "netIncome": 53335000,
    "netIncomeRatio": 0.1965260198,
    "eps": 0.83,
    "epsdiluted": 0.8,
    "weightedAverageShsOut": 64612518,
    "weightedAverageShsOutDil": 67064343,
    "link": "",
    "finalLink": ""
  },
  {
    "date": "2005-03-31",
    "symbol": "BLK",
    "reportedCurrency": "USD",
    "cik": "0002012383",
    "fillingDate": "2005-03-31",
    "acceptedDate": "2005-03-30 19:00:00",
    "calendarYear": "2005",
    "period": "Q1",
    "revenue": 250083000,
    "costOfRevenue": 0,
    "grossProfit": 250083000,
    "grossProfitRatio": 1,
    "researchAndDevelopmentExpenses": 0,
    "generalAndAdministrativeExpenses": 46167000,
    "sellingAndMarketingExpenses": 0,
    "sellingGeneralAndAdministrativeExpenses": 46167000,
    "otherExpenses": 137334000,
    "operatingExpenses": 183501000,
    "costAndExpenses": 183501000,
    "interestIncome": 0,
    "interestExpense": 0,
    "depreciationAndAmortization": 7006000,
    "ebitda": 73713000,
    "ebitdaratio": 0.2947541416,
    "operatingIncome": 66582000,
    "operatingIncomeRatio": 0.2662396084,
    "totalOtherIncomeExpensesNet": 7772000,
    "incomeBeforeTax": 74354000,
    "incomeBeforeTaxRatio": 0.2973172907,
    "incomeTaxExpense": 27331000,
    "netIncome": 46536000,
    "netIncomeRatio": 0.1860822207,
    "eps": 0.72,
    "epsdiluted": 0.7,
    "weightedAverageShsOut": 64548704,
    "weightedAverageShsOutDil": 67149309,
    "link": "",
    "finalLink": ""
  },
  {
    "date": "2004-12-31",
    "symbol": "BLK",
    "reportedCurrency": "USD",
    "cik": "0002012383",
    "fillingDate": "2004-12-31",
    "acceptedDate": "2004-12-30 19:00:00",
    "calendarYear": "2004",
    "period": "Q4",
    "revenue": 188677000,
    "costOfRevenue": 0,
    "grossProfit": 188677000,
    "grossProfitRatio": 1,
    "researchAndDevelopmentExpenses": 0,
    "generalAndAdministrativeExpenses": 36817000,
    "sellingAndMarketingExpenses": 0,
    "sellingGeneralAndAdministrativeExpenses": 36817000,
    "otherExpenses": 96034000,
    "operatingExpenses": 132851000,
    "costAndExpenses": 132851000,
    "interestIncome": 0,
    "interestExpense": 0,
    "depreciationAndAmortization": 5224000,
    "ebitda": 61050000,
    "ebitdaratio": 0.3235688505,
    "operatingIncome": 55826000,
    "operatingIncomeRatio": 0.295881321,
    "totalOtherIncomeExpensesNet": 7657000,
    "incomeBeforeTax": 63483000,
    "incomeBeforeTaxRatio": 0.3364639039,
    "incomeTaxExpense": 12919000,
    "netIncome": 49752000,
    "netIncomeRatio": 0.2636887379,
    "eps": 0.77,
    "epsdiluted": 0.74,
    "weightedAverageShsOut": 64290510,
    "weightedAverageShsOutDil": 66880713,
    "link": "",
    "finalLink": ""
  },
  {
    "date": "2004-09-30",
    "symbol": "BLK",
    "reportedCurrency": "USD",
    "cik": "0002012383",
    "fillingDate": "2004-09-30",
    "acceptedDate": "2004-09-29 20:00:00",
    "calendarYear": "2004",
    "period": "Q3",
    "revenue": 170999000,
    "costOfRevenue": 0,
    "grossProfit": 170999000,
    "grossProfitRatio": 1,
    "researchAndDevelopmentExpenses": 0,
    "generalAndAdministrativeExpenses": 29259000,
    "sellingAndMarketingExpenses": 0,
    "sellingGeneralAndAdministrativeExpenses": 29259000,
    "otherExpenses": 164116000,
    "operatingExpenses": 193375000,
    "costAndExpenses": 193375000,
    "interestIncome": 0,
    "interestExpense": 0,
    "depreciationAndAmortization": 5357000,
    "ebitda": -17019000,
    "ebitdaratio": -0.0995268978,
    "operatingIncome": -22376000,
    "operatingIncomeRatio": -0.1308545664,
    "totalOtherIncomeExpensesNet": 5682000,
    "incomeBeforeTax": -16694000,
    "incomeBeforeTaxRatio": -0.0976263019,
    "incomeTaxExpense": -7265000,
    "netIncome": -9814000,
    "netIncomeRatio": -0.0573921485,
    "eps": -0.15,
    "epsdiluted": -0.15,
    "weightedAverageShsOut": 63932505,
    "weightedAverageShsOutDil": 63932505,
    "link": "",
    "finalLink": ""
  },
  {
    "date": "2004-06-30",
    "symbol": "BLK",
    "reportedCurrency": "USD",
    "cik": "0002012383",
    "fillingDate": "2004-06-30",
    "acceptedDate": "2004-06-29 20:00:00",
    "calendarYear": "2004",
    "period": "Q2",
    "revenue": 183812000,
    "costOfRevenue": 0,
    "grossProfit": 183812000,
    "grossProfitRatio": 1,
    "researchAndDevelopmentExpenses": 0,
    "generalAndAdministrativeExpenses": 31363000,
    "sellingAndMarketingExpenses": 0,
    "sellingGeneralAndAdministrativeExpenses": 31363000,
    "otherExpenses": 89868000,
    "operatingExpenses": 121231000,
    "costAndExpenses": 121231000,
    "interestIncome": 0,
    "interestExpense": 0,
    "depreciationAndAmortization": 5156000,
    "ebitda": 67737000,
    "ebitdaratio": 0.3685123931,
    "operatingIncome": 62581000,
    "operatingIncomeRatio": 0.3404619938,
    "totalOtherIncomeExpensesNet": 15488000,
    "incomeBeforeTax": 78069000,
    "incomeBeforeTaxRatio": 0.4247219986,
    "incomeTaxExpense": 26521000,
    "netIncome": 47996000,
    "netIncomeRatio": 0.2611146171,
    "eps": 0.75,
    "epsdiluted": 0.73,
    "weightedAverageShsOut": 63902927,
    "weightedAverageShsOutDil": 66031102,
    "link": "",
    "finalLink": ""
  },
  {
    "date": "2004-03-31",
    "symbol": "BLK",
    "reportedCurrency": "USD",
    "cik": "0002012383",
    "fillingDate": "2004-03-31",
    "acceptedDate": "2004-03-30 19:00:00",
    "calendarYear": "2004",
    "period": "Q1",
    "revenue": 181823000,
    "costOfRevenue": 0,
    "grossProfit": 181823000,
    "grossProfitRatio": 1,
    "researchAndDevelopmentExpenses": 0,
    "generalAndAdministrativeExpenses": 31299000,
    "sellingAndMarketingExpenses": 0,
    "sellingGeneralAndAdministrativeExpenses": 31299000,
    "otherExpenses": 74660000,
    "operatingExpenses": 105959000,
    "costAndExpenses": 105959000,
    "interestIncome": 0,
    "interestExpense": 0,
    "depreciationAndAmortization": 4949000,
    "ebitda": 80813000,
    "ebitdaratio": 0.4444597218,
    "operatingIncome": 69767000,
    "operatingIncomeRatio": 0.3837083317,
    "totalOtherIncomeExpensesNet": 5813000,
    "incomeBeforeTax": 75580000,
    "incomeBeforeTaxRatio": 0.4156789845,
    "incomeTaxExpense": 20089000,
    "netIncome": 55207000,
    "netIncomeRatio": 0.3036304538,
    "eps": 0.87,
    "epsdiluted": 0.84,
    "weightedAverageShsOut": 64031910,
    "weightedAverageShsOutDil": 66071891,
    "link": "",
    "finalLink": ""
  },
  {
    "date": "2003-12-31",
    "symbol": "BLK",
    "reportedCurrency": "USD",
    "cik": "0002012383",
    "fillingDate": "2003-12-31",
    "acceptedDate": "2003-12-30 19:00:00",
    "calendarYear": "2003",
    "period": "Q4",
    "revenue": 85962000,
    "costOfRevenue": 0,
    "grossProfit": 85962000,
    "grossProfitRatio": 1,
    "researchAndDevelopmentExpenses": 0,
    "generalAndAdministrativeExpenses": 28591000,
    "sellingAndMarketingExpenses": 0,
    "sellingGeneralAndAdministrativeExpenses": 28591000,
    "otherExpenses": 68368000,
    "operatingExpenses": 96959000,
    "costAndExpenses": 96959000,
    "interestIncome": 0,
    "interestExpense": 0,
    "depreciationAndAmortization": 5480000,
    "ebitda": -5517000,
    "ebitdaratio": -0.0641795212,
    "operatingIncome": -10997000,
    "operatingIncomeRatio": -0.1279286196,
    "totalOtherIncomeExpensesNet": 47106000,
    "incomeBeforeTax": 36109000,
    "incomeBeforeTaxRatio": 0.4200576999,
    "incomeTaxExpense": 25347000,
    "netIncome": 41310000,
    "netIncomeRatio": 0.4805611782,
    "eps": 0.65,
    "epsdiluted": 0.63,
    "weightedAverageShsOut": 63775783,
    "weightedAverageShsOutDil": 65807605,
    "link": "",
    "finalLink": ""
  },
  {
    "date": "2003-09-30",
    "symbol": "BLK",
    "reportedCurrency": "USD",
    "cik": "0002012383",
    "fillingDate": "2003-09-30",
    "acceptedDate": "2003-09-29 20:00:00",
    "calendarYear": "2003",
    "period": "Q3",
    "revenue": 213831000,
    "costOfRevenue": 0,
    "grossProfit": 213831000,
    "grossProfitRatio": 1,
    "researchAndDevelopmentExpenses": 0,
    "generalAndAdministrativeExpenses": 28167000,
    "sellingAndMarketingExpenses": 0,
    "sellingGeneralAndAdministrativeExpenses": 28167000,
    "otherExpenses": 67031000,
    "operatingExpenses": 95198000,
    "costAndExpenses": 95198000,
    "interestIncome": 0,
    "interestExpense": 0,
    "depreciationAndAmortization": 5422000,
    "ebitda": 135827000,
    "ebitdaratio": 0.6352072431,
    "operatingIncome": 118633000,
    "operatingIncomeRatio": 0.5547979479,
    "totalOtherIncomeExpensesNet": 5934000,
    "incomeBeforeTax": 94468000,
    "incomeBeforeTaxRatio": 0.4417881411,
    "incomeTaxExpense": 23579000,
    "netIncome": 40053000,
    "netIncomeRatio": 0.1873114749,
    "eps": 0.62,
    "epsdiluted": 0.61,
    "weightedAverageShsOut": 64756140,
    "weightedAverageShsOutDil": 65956095,
    "link": "",
    "finalLink": ""
  },
  {
    "date": "2003-06-30",
    "symbol": "BLK",
    "reportedCurrency": "USD",
    "cik": "0002012383",
    "fillingDate": "2003-06-30",
    "acceptedDate": "2003-06-29 20:00:00",
    "calendarYear": "2003",
    "period": "Q2",
    "revenue": 143906000,
    "costOfRevenue": 0,
    "grossProfit": 143906000,
    "grossProfitRatio": 1,
    "researchAndDevelopmentExpenses": 0,
    "generalAndAdministrativeExpenses": 25476000,
    "sellingAndMarketingExpenses": 0,
    "sellingGeneralAndAdministrativeExpenses": 25476000,
    "otherExpenses": 63628000,
    "operatingExpenses": 89104000,
    "costAndExpenses": 89104000,
    "interestIncome": 0,
    "interestExpense": 0,
    "depreciationAndAmortization": 5169000,
    "ebitda": 59971000,
    "ebitdaratio": 0.4167373146,
    "operatingIncome": 54802000,
    "operatingIncomeRatio": 0.380818034,
    "totalOtherIncomeExpensesNet": 8082000,
    "incomeBeforeTax": 62884000,
    "incomeBeforeTaxRatio": 0.4369796951,
    "incomeTaxExpense": 24210000,
    "netIncome": 38674000,
    "netIncomeRatio": 0.2687448751,
    "eps": 0.59,
    "epsdiluted": 0.58,
    "weightedAverageShsOut": 65289494,
    "weightedAverageShsOutDil": 66430045,
    "link": "",
    "finalLink": ""
  },
  {
    "date": "2003-03-31",
    "symbol": "BLK",
    "reportedCurrency": "USD",
    "cik": "0002012383",
    "fillingDate": "2003-03-31",
    "acceptedDate": "2003-03-30 19:00:00",
    "calendarYear": "2003",
    "period": "Q1",
    "revenue": 142751000,
    "costOfRevenue": 0,
    "grossProfit": 142751000,
    "grossProfitRatio": 1,
    "researchAndDevelopmentExpenses": 0,
    "generalAndAdministrativeExpenses": 25109000,
    "sellingAndMarketingExpenses": 0,
    "sellingGeneralAndAdministrativeExpenses": 25109000,
    "otherExpenses": 63576000,
    "operatingExpenses": 88685000,
    "costAndExpenses": 88685000,
    "interestIncome": 0,
    "interestExpense": 0,
    "depreciationAndAmortization": 5295000,
    "ebitda": 59361000,
    "ebitdaratio": 0.4158359661,
    "operatingIncome": 54066000,
    "operatingIncomeRatio": 0.3787434064,
    "totalOtherIncomeExpensesNet": 3365000,
    "incomeBeforeTax": 57431000,
    "incomeBeforeTaxRatio": 0.4023159207,
    "incomeTaxExpense": 22111000,
    "netIncome": 35320000,
    "netIncomeRatio": 0.2474238359,
    "eps": 0.54,
    "epsdiluted": 0.54,
    "weightedAverageShsOut": 65317807,
    "weightedAverageShsOutDil": 66131557,
    "link": "",
    "finalLink": ""
  },
  {
    "date": "2002-12-31",
    "symbol": "BLK",
    "reportedCurrency": "USD",
    "cik": "0002012383",
    "fillingDate": "2002-12-31",
    "acceptedDate": "2002-12-30 19:00:00",
    "calendarYear": "2002",
    "period": "Q4",
    "revenue": 137037000,
    "costOfRevenue": 0,
    "grossProfit": 137037000,
    "grossProfitRatio": 1,
    "researchAndDevelopmentExpenses": 0,
    "generalAndAdministrativeExpenses": 22172000,
    "sellingAndMarketingExpenses": 0,
    "sellingGeneralAndAdministrativeExpenses": 22172000,
    "otherExpenses": 59862000,
    "operatingExpenses": 82034000,
    "costAndExpenses": 82034000,
    "interestIncome": 0,
    "interestExpense": 0,
    "depreciationAndAmortization": 4287000,
    "ebitda": 59290000,
    "ebitdaratio": 0.4326568737,
    "operatingIncome": 55003000,
    "operatingIncomeRatio": 0.4013733517,
    "totalOtherIncomeExpensesNet": 1885000,
    "incomeBeforeTax": 56888000,
    "incomeBeforeTaxRatio": 0.4151287608,
    "incomeTaxExpense": 23040000,
    "netIncome": 33848000,
    "netIncomeRatio": 0.2469989857,
    "eps": 0.52,
    "epsdiluted": 0.51,
    "weightedAverageShsOut": 65056537,
    "weightedAverageShsOutDil": 65867032,
    "link": "",
    "finalLink": ""
  },
  {
    "date": "2002-09-30",
    "symbol": "BLK",
    "reportedCurrency": "USD",
    "cik": "0002012383",
    "fillingDate": "2002-09-30",
    "acceptedDate": "2002-09-29 20:00:00",
    "calendarYear": "2002",
    "period": "Q3",
    "revenue": 137132000,
    "costOfRevenue": 0,
    "grossProfit": 137132000,
    "grossProfitRatio": 1,
    "researchAndDevelopmentExpenses": 0,
    "generalAndAdministrativeExpenses": 23448000,
    "sellingAndMarketingExpenses": 0,
    "sellingGeneralAndAdministrativeExpenses": 23448000,
    "otherExpenses": 58188000,
    "operatingExpenses": 81636000,
    "costAndExpenses": 81636000,
    "interestIncome": 0,
    "interestExpense": 0,
    "depreciationAndAmortization": 5985000,
    "ebitda": 61481000,
    "ebitdaratio": 0.4483344515,
    "operatingIncome": 55496000,
    "operatingIncomeRatio": 0.4046903713,
    "totalOtherIncomeExpensesNet": 244000,
    "incomeBeforeTax": 55740000,
    "incomeBeforeTaxRatio": 0.4064696788,
    "incomeTaxExpense": 22575000,
    "netIncome": 33165000,
    "netIncomeRatio": 0.2418472712,
    "eps": 0.51,
    "epsdiluted": 0.51,
    "weightedAverageShsOut": 65059143,
    "weightedAverageShsOutDil": 65600742,
    "link": "",
    "finalLink": ""
  },
  {
    "date": "2002-06-30",
    "symbol": "BLK",
    "reportedCurrency": "USD",
    "cik": "0002012383",
    "fillingDate": "2002-06-30",
    "acceptedDate": "2002-06-29 20:00:00",
    "calendarYear": "2002",
    "period": "Q2",
    "revenue": 156695000,
    "costOfRevenue": 0,
    "grossProfit": 156695000,
    "grossProfitRatio": 1,
    "researchAndDevelopmentExpenses": 0,
    "generalAndAdministrativeExpenses": 22043000,
    "sellingAndMarketingExpenses": 0,
    "sellingGeneralAndAdministrativeExpenses": 22043000,
    "otherExpenses": 79947000,
    "operatingExpenses": 101990000,
    "costAndExpenses": 101990000,
    "interestIncome": 0,
    "interestExpense": 0,
    "depreciationAndAmortization": 4965000,
    "ebitda": 59670000,
    "ebitdaratio": 0.3808034717,
    "operatingIncome": 54705000,
    "operatingIncomeRatio": 0.3491177128,
    "totalOtherIncomeExpensesNet": 3843000,
    "incomeBeforeTax": 58548000,
    "incomeBeforeTaxRatio": 0.3736430646,
    "incomeTaxExpense": 23712000,
    "netIncome": 34836000,
    "netIncomeRatio": 0.2223172405,
    "eps": 0.54,
    "epsdiluted": 0.53,
    "weightedAverageShsOut": 64986802,
    "weightedAverageShsOutDil": 65595609,
    "link": "",
    "finalLink": ""
  },
  {
    "date": "2002-03-31",
    "symbol": "BLK",
    "reportedCurrency": "USD",
    "cik": "0002012383",
    "fillingDate": "2002-03-31",
    "acceptedDate": "2002-03-30 19:00:00",
    "calendarYear": "2002",
    "period": "Q1",
    "revenue": 146113000,
    "costOfRevenue": 0,
    "grossProfit": 146113000,
    "grossProfitRatio": 1,
    "researchAndDevelopmentExpenses": 0,
    "generalAndAdministrativeExpenses": 22412000,
    "sellingAndMarketingExpenses": 0,
    "sellingGeneralAndAdministrativeExpenses": 22412000,
    "otherExpenses": 73766000,
    "operatingExpenses": 96178000,
    "costAndExpenses": 96178000,
    "interestIncome": 0,
    "interestExpense": 0,
    "depreciationAndAmortization": 5001000,
    "ebitda": 54936000,
    "ebitdaratio": 0.3759829721,
    "operatingIncome": 49935000,
    "operatingIncomeRatio": 0.3417560381,
    "totalOtherIncomeExpensesNet": 2837000,
    "incomeBeforeTax": 52772000,
    "incomeBeforeTaxRatio": 0.3611725172,
    "incomeTaxExpense": 21373000,
    "netIncome": 31399000,
    "netIncomeRatio": 0.2148953207,
    "eps": 0.49,
    "epsdiluted": 0.48,
    "weightedAverageShsOut": 64908142,
    "weightedAverageShsOutDil": 65481915,
    "link": "",
    "finalLink": ""
  },
  {
    "date": "2001-12-31",
    "symbol": "BLK",
    "reportedCurrency": "USD",
    "cik": "0002012383",
    "fillingDate": "2001-12-31",
    "acceptedDate": "2001-12-30 19:00:00",
    "calendarYear": "2001",
    "period": "Q4",
    "revenue": 129391000,
    "costOfRevenue": 0,
    "grossProfit": 129391000,
    "grossProfitRatio": 1,
    "researchAndDevelopmentExpenses": 0,
    "generalAndAdministrativeExpenses": 20139000,
    "sellingAndMarketingExpenses": 0,
    "sellingGeneralAndAdministrativeExpenses": 20139000,
    "otherExpenses": 66236000,
    "operatingExpenses": 86375000,
    "costAndExpenses": 86375000,
    "interestIncome": 0,
    "interestExpense": 0,
    "depreciationAndAmortization": 7122000,
    "ebitda": 50138000,
    "ebitdaratio": 0.3874921749,
    "operatingIncome": 43016000,
    "operatingIncomeRatio": 0.3324497067,
    "totalOtherIncomeExpensesNet": 4005000,
    "incomeBeforeTax": 47021000,
    "incomeBeforeTaxRatio": 0.3634024005,
    "incomeTaxExpense": 18689000,
    "netIncome": 28332000,
    "netIncomeRatio": 0.2189642247,
    "eps": 0.44,
    "epsdiluted": 0.43,
    "weightedAverageShsOut": 64648511,
    "weightedAverageShsOutDil": 65219988,
    "link": "",
    "finalLink": ""
  },
  {
    "date": "2001-09-30",
    "symbol": "BLK",
    "reportedCurrency": "USD",
    "cik": "0002012383",
    "fillingDate": "2001-09-30",
    "acceptedDate": "2001-09-29 20:00:00",
    "calendarYear": "2001",
    "period": "Q3",
    "revenue": 134782000,
    "costOfRevenue": 0,
    "grossProfit": 134782000,
    "grossProfitRatio": 1,
    "researchAndDevelopmentExpenses": 0,
    "generalAndAdministrativeExpenses": 20689000,
    "sellingAndMarketingExpenses": 0,
    "sellingGeneralAndAdministrativeExpenses": 20689000,
    "otherExpenses": 71561000,
    "operatingExpenses": 92250000,
    "costAndExpenses": 92250000,
    "interestIncome": 0,
    "interestExpense": 0,
    "depreciationAndAmortization": 6768000,
    "ebitda": 49300000,
    "ebitdaratio": 0.3657758454,
    "operatingIncome": 42532000,
    "operatingIncomeRatio": 0.3155614251,
    "totalOtherIncomeExpensesNet": 2718000,
    "incomeBeforeTax": 45250000,
    "incomeBeforeTaxRatio": 0.3357273226,
    "incomeTaxExpense": 17874000,
    "netIncome": 27376000,
    "netIncomeRatio": 0.2031131753,
    "eps": 0.43,
    "epsdiluted": 0.42,
    "weightedAverageShsOut": 64542939,
    "weightedAverageShsOutDil": 65208674,
    "link": "",
    "finalLink": ""
  },
  {
    "date": "2001-06-30",
    "symbol": "BLK",
    "reportedCurrency": "USD",
    "cik": "0002012383",
    "fillingDate": "2001-06-30",
    "acceptedDate": "2001-06-29 20:00:00",
    "calendarYear": "2001",
    "period": "Q2",
    "revenue": 135262000,
    "costOfRevenue": 0,
    "grossProfit": 135262000,
    "grossProfitRatio": 1,
    "researchAndDevelopmentExpenses": 0,
    "generalAndAdministrativeExpenses": 18684000,
    "sellingAndMarketingExpenses": 0,
    "sellingGeneralAndAdministrativeExpenses": 18684000,
    "otherExpenses": 73870000,
    "operatingExpenses": 92554000,
    "costAndExpenses": 92554000,
    "interestIncome": 0,
    "interestExpense": 0,
    "depreciationAndAmortization": 6382000,
    "ebitda": 181296000,
    "ebitdaratio": 1.3403320962,
    "operatingIncome": 42708000,
    "operatingIncomeRatio": 0.3157427807,
    "totalOtherIncomeExpensesNet": 2431000,
    "incomeBeforeTax": 45139000,
    "incomeBeforeTaxRatio": 0.3337153081,
    "incomeTaxExpense": 18909000,
    "netIncome": 26230000,
    "netIncomeRatio": 0.193919948,
    "eps": 0.41,
    "epsdiluted": 0.4,
    "weightedAverageShsOut": 64506655,
    "weightedAverageShsOutDil": 65137940,
    "link": "",
    "finalLink": ""
  },
  {
    "date": "2001-03-31",
    "symbol": "BLK",
    "reportedCurrency": "USD",
    "cik": "0002012383",
    "fillingDate": "2001-03-31",
    "acceptedDate": "2001-03-30 19:00:00",
    "calendarYear": "2001",
    "period": "Q1",
    "revenue": 133709000,
    "costOfRevenue": 0,
    "grossProfit": 133709000,
    "grossProfitRatio": 1,
    "researchAndDevelopmentExpenses": 0,
    "generalAndAdministrativeExpenses": 17055000,
    "sellingAndMarketingExpenses": 0,
    "sellingGeneralAndAdministrativeExpenses": 17055000,
    "otherExpenses": 74734000,
    "operatingExpenses": 91789000,
    "costAndExpenses": 91789000,
    "interestIncome": 0,
    "interestExpense": 0,
    "depreciationAndAmortization": 5749000,
    "ebitda": 47669000,
    "ebitdaratio": 0.3565130246,
    "operatingIncome": 41920000,
    "operatingIncomeRatio": 0.3135166668,
    "totalOtherIncomeExpensesNet": 1661000,
    "incomeBeforeTax": 43581000,
    "incomeBeforeTaxRatio": 0.3259391664,
    "incomeTaxExpense": 18085000,
    "netIncome": 25496000,
    "netIncomeRatio": 0.1906827513,
    "eps": 0.4,
    "epsdiluted": 0.39,
    "weightedAverageShsOut": 64416915,
    "weightedAverageShsOutDil": 65158117,
    "link": "",
    "finalLink": ""
  },
  {
    "date": "2000-12-31",
    "symbol": "BLK",
    "reportedCurrency": "USD",
    "cik": "0002012383",
    "fillingDate": "2000-12-31",
    "acceptedDate": "2000-12-30 19:00:00",
    "calendarYear": "2000",
    "period": "Q4",
    "revenue": 128540000,
    "costOfRevenue": 0,
    "grossProfit": 128540000,
    "grossProfitRatio": 1,
    "researchAndDevelopmentExpenses": 0,
    "generalAndAdministrativeExpenses": 15029000,
    "sellingAndMarketingExpenses": 0,
    "sellingGeneralAndAdministrativeExpenses": 15029000,
    "otherExpenses": 73839000,
    "operatingExpenses": 88868000,
    "costAndExpenses": 88868000,
    "interestIncome": 0,
    "interestExpense": 0,
    "depreciationAndAmortization": 5003000,
    "ebitda": 44675000,
    "ebitdaratio": 0.3475571806,
    "operatingIncome": 39672000,
    "operatingIncomeRatio": 0.3086354442,
    "totalOtherIncomeExpensesNet": 2869000,
    "incomeBeforeTax": 42541000,
    "incomeBeforeTaxRatio": 0.3309553446,
    "incomeTaxExpense": 17995000,
    "netIncome": 24546000,
    "netIncomeRatio": 0.1909600124,
    "eps": 0.38,
    "epsdiluted": 0.38,
    "weightedAverageShsOut": 64159248,
    "weightedAverageShsOutDil": 64897486,
    "link": "",
    "finalLink": ""
  },
  {
    "date": "2000-09-30",
    "symbol": "BLK",
    "reportedCurrency": "USD",
    "cik": "0002012383",
    "fillingDate": "2000-09-30",
    "acceptedDate": "2000-09-29 20:00:00",
    "calendarYear": "2000",
    "period": "Q3",
    "revenue": 127701000,
    "costOfRevenue": 0,
    "grossProfit": 127701000,
    "grossProfitRatio": 1,
    "researchAndDevelopmentExpenses": 0,
    "generalAndAdministrativeExpenses": 15577000,
    "sellingAndMarketingExpenses": 0,
    "sellingGeneralAndAdministrativeExpenses": 15577000,
    "otherExpenses": 75198000,
    "operatingExpenses": 90775000,
    "costAndExpenses": 90775000,
    "interestIncome": 0,
    "interestExpense": 0,
    "depreciationAndAmortization": 5457000,
    "ebitda": 42383000,
    "ebitdaratio": 0.3318924676,
    "operatingIncome": 36926000,
    "operatingIncomeRatio": 0.2891598343,
    "totalOtherIncomeExpensesNet": 1982000,
    "incomeBeforeTax": 38908000,
    "incomeBeforeTaxRatio": 0.3046804645,
    "incomeTaxExpense": 16147000,
    "netIncome": 22761000,
    "netIncomeRatio": 0.1782366622,
    "eps": 0.36,
    "epsdiluted": 0.35,
    "weightedAverageShsOut": 64140973,
    "weightedAverageShsOutDil": 64910943,
    "link": "",
    "finalLink": ""
  },
  {
    "date": "2000-06-30",
    "symbol": "BLK",
    "reportedCurrency": "USD",
    "cik": "0002012383",
    "fillingDate": "2000-06-30",
    "acceptedDate": "2000-06-29 20:00:00",
    "calendarYear": "2000",
    "period": "Q2",
    "revenue": 112571000,
    "costOfRevenue": 0,
    "grossProfit": 112571000,
    "grossProfitRatio": 1,
    "researchAndDevelopmentExpenses": 0,
    "generalAndAdministrativeExpenses": 14605000,
    "sellingAndMarketingExpenses": 0,
    "sellingGeneralAndAdministrativeExpenses": 14605000,
    "otherExpenses": 63644000,
    "operatingExpenses": 78249000,
    "costAndExpenses": 78249000,
    "interestIncome": 0,
    "interestExpense": 0,
    "depreciationAndAmortization": 4902000,
    "ebitda": 39224000,
    "ebitdaratio": 0.3484378748,
    "operatingIncome": 34322000,
    "operatingIncomeRatio": 0.3048920237,
    "totalOtherIncomeExpensesNet": 1331000,
    "incomeBeforeTax": 35653000,
    "incomeBeforeTaxRatio": 0.3167156728,
    "incomeTaxExpense": 14796000,
    "netIncome": 20857000,
    "netIncomeRatio": 0.1852786242,
    "eps": 0.33,
    "epsdiluted": 0.32,
    "weightedAverageShsOut": 64122258,
    "weightedAverageShsOutDil": 64751452,
    "link": "",
    "finalLink": ""
  },
  {
    "date": "2000-03-31",
    "symbol": "BLK",
    "reportedCurrency": "USD",
    "cik": "0002012383",
    "fillingDate": "2000-03-31",
    "acceptedDate": "2000-03-30 19:00:00",
    "calendarYear": "2000",
    "period": "Q1",
    "revenue": 108060000,
    "costOfRevenue": 0,
    "grossProfit": 108060000,
    "grossProfitRatio": 1,
    "researchAndDevelopmentExpenses": 0,
    "generalAndAdministrativeExpenses": 13100000,
    "sellingAndMarketingExpenses": 0,
    "sellingGeneralAndAdministrativeExpenses": 13100000,
    "otherExpenses": 62842000,
    "operatingExpenses": 75942000,
    "costAndExpenses": 75942000,
    "interestIncome": 0,
    "interestExpense": 0,
    "depreciationAndAmortization": 4633000,
    "ebitda": 36751000,
    "ebitdaratio": 0.3400980937,
    "operatingIncome": 32118000,
    "operatingIncomeRatio": 0.2972237646,
    "totalOtherIncomeExpensesNet": 697000,
    "incomeBeforeTax": 32815000,
    "incomeBeforeTaxRatio": 0.3036738849,
    "incomeTaxExpense": 13618000,
    "netIncome": 19197000,
    "netIncomeRatio": 0.1776513048,
    "eps": 0.3,
    "epsdiluted": 0.3,
    "weightedAverageShsOut": 64120864,
    "weightedAverageShsOutDil": 64600995,
    "link": "",
    "finalLink": ""
  },
  {
    "date": "1999-12-31",
    "symbol": "BLK",
    "reportedCurrency": "USD",
    "cik": "0002012383",
    "fillingDate": "1999-12-31",
    "acceptedDate": "1999-12-30 19:00:00",
    "calendarYear": "1999",
    "period": "Q4",
    "revenue": 98581000,
    "costOfRevenue": 0,
    "grossProfit": 98581000,
    "grossProfitRatio": 1,
    "researchAndDevelopmentExpenses": 0,
    "generalAndAdministrativeExpenses": -83030000,
    "sellingAndMarketingExpenses": 0,
    "sellingGeneralAndAdministrativeExpenses": -83030000,
    "otherExpenses": 420368000,
    "operatingExpenses": 337338000,
    "costAndExpenses": 337338000,
    "interestIncome": 0,
    "interestExpense": 0,
    "depreciationAndAmortization": 4453000,
    "ebitda": -234304000,
    "ebitdaratio": -2.376766314,
    "operatingIncome": -238757000,
    "operatingIncomeRatio": -2.4219372901,
    "totalOtherIncomeExpensesNet": 268907000,
    "incomeBeforeTax": 30150000,
    "incomeBeforeTaxRatio": 0.3058398677,
    "incomeTaxExpense": 12933000,
    "netIncome": 17217000,
    "netIncomeRatio": 0.1746482588,
    "eps": 0.27,
    "epsdiluted": 0.27,
    "weightedAverageShsOut": 63864382,
    "weightedAverageShsOutDil": 64342592,
    "link": "",
    "finalLink": ""
  },
  {
    "date": "1999-09-30",
    "symbol": "BLK",
    "reportedCurrency": "USD",
    "cik": "0002012383",
    "fillingDate": "1999-09-30",
    "acceptedDate": "1999-09-29 20:00:00",
    "calendarYear": "1999",
    "period": "Q3",
    "revenue": 101000000,
    "costOfRevenue": 0,
    "grossProfit": 101000000,
    "grossProfitRatio": 1,
    "researchAndDevelopmentExpenses": 0,
    "generalAndAdministrativeExpenses": 43300000,
    "sellingAndMarketingExpenses": 0,
    "sellingGeneralAndAdministrativeExpenses": 43300000,
    "otherExpenses": -69400000,
    "operatingExpenses": -26100000,
    "costAndExpenses": -26100000,
    "interestIncome": 0,
    "interestExpense": 0,
    "depreciationAndAmortization": 0,
    "ebitda": 127100000,
    "ebitdaratio": 1.2584158416,
    "operatingIncome": 127100000,
    "operatingIncomeRatio": 1.2584158416,
    "totalOtherIncomeExpensesNet": -98700000,
    "incomeBeforeTax": 28400000,
    "incomeBeforeTaxRatio": 0.2811881188,
    "incomeTaxExpense": 12200000,
    "netIncome": 16200000,
    "netIncomeRatio": 0.1603960396,
    "eps": 0.3,
    "epsdiluted": 0.3,
    "weightedAverageShsOut": 54216867,
    "weightedAverageShsOutDil": 54216867,
    "link": "",
    "finalLink": ""
  },
  {
    "date": "1999-06-30",
    "symbol": "BLK",
    "reportedCurrency": "USD",
    "cik": "0002012383",
    "fillingDate": "1999-06-30",
    "acceptedDate": "1999-06-29 20:00:00",
    "calendarYear": "1999",
    "period": "Q2",
    "revenue": 90700000,
    "costOfRevenue": 0,
    "grossProfit": 90700000,
    "grossProfitRatio": 1,
    "researchAndDevelopmentExpenses": 0,
    "generalAndAdministrativeExpenses": 0,
    "sellingAndMarketingExpenses": 0,
    "sellingGeneralAndAdministrativeExpenses": 0,
    "otherExpenses": 0,
    "operatingExpenses": 0,
    "costAndExpenses": 0,
    "interestIncome": 0,
    "interestExpense": 0,
    "depreciationAndAmortization": 0,
    "ebitda": 90700000,
    "ebitdaratio": 1,
    "operatingIncome": 90700000,
    "operatingIncomeRatio": 1,
    "totalOtherIncomeExpensesNet": -90700000,
    "incomeBeforeTax": 0,
    "incomeBeforeTaxRatio": 0,
    "incomeTaxExpense": -13000000,
    "netIncome": 13000000,
    "netIncomeRatio": 0.1433296582,
    "eps": 0.24,
    "epsdiluted": 0.24,
    "weightedAverageShsOut": 54384203,
    "weightedAverageShsOutDil": 54384203,
    "link": "",
    "finalLink": ""
  },
  {
    "date": "1999-03-31",
    "symbol": "BLK",
    "reportedCurrency": "USD",
    "cik": "0002012383",
    "fillingDate": "1999-03-31",
    "acceptedDate": "1999-03-30 19:00:00",
    "calendarYear": "1999",
    "period": "Q1",
    "revenue": 90700000,
    "costOfRevenue": 0,
    "grossProfit": 90700000,
    "grossProfitRatio": 1,
    "researchAndDevelopmentExpenses": 0,
    "generalAndAdministrativeExpenses": 0,
    "sellingAndMarketingExpenses": 0,
    "sellingGeneralAndAdministrativeExpenses": 0,
    "otherExpenses": 0,
    "operatingExpenses": 0,
    "costAndExpenses": 0,
    "interestIncome": 0,
    "interestExpense": 0,
    "depreciationAndAmortization": 0,
    "ebitda": 90700000,
    "ebitdaratio": 1,
    "operatingIncome": 90700000,
    "operatingIncomeRatio": 1,
    "totalOtherIncomeExpensesNet": -90700000,
    "incomeBeforeTax": 0,
    "incomeBeforeTaxRatio": 0,
    "incomeTaxExpense": -13000000,
    "netIncome": 13000000,
    "netIncomeRatio": 0.1433296582,
    "eps": 0.24,
    "epsdiluted": 0.24,
    "weightedAverageShsOut": 54384203,
    "weightedAverageShsOutDil": 54384203,
    "link": "",
    "finalLink": ""
  }
]