[
  {
    "date": "2024-12-31",
    "symbol": "BLK",
    "reportedCurrency": "USD",
    "cik": "0002012383",
    "fillingDate": "2025-02-25",
    "acceptedDate": "2025-02-25 15:59:36",
    "calendarYear": "2024",
    "period": "FY",
    "revenue": 20407000000,
    "costOfRevenue": 10321000000,
    "grossProfit": 10086000000,
    "grossProfitRatio": 0.4942421718,
    "researchAndDevelopmentExpenses": 674000000,
    "generalAndAdministrativeExpenses": 1943000000,
    "sellingAndMarketingExpenses": 314000000,
    "sellingGeneralAndAdministrativeExpenses": 2257000000,
    "otherExpenses": -419000000,
    "operatingExpenses": 2512000000,
    "costAndExpenses": 12833000000,
    "interestIncome": 767000000,
    "interestExpense": 538000000,
    "depreciationAndAmortization": 529000000,
    "ebitda": 8207000000,
    "ebitdaratio": 0.4021659235,
    "operatingIncome": 7574000000,
    "operatingIncomeRatio": 0.3711471554,
    "totalOtherIncomeExpensesNet": 721000000,
    "incomeBeforeTax": 8295000000,
    "incomeBeforeTaxRatio": 0.4064781693,
    "incomeTaxExpense": 1783000000,
    "netIncome": 6369000000,
    "netIncomeRatio": 0.3120987896,
    "eps": 42.45,
    "epsdiluted": 42.01,
    "weightedAverageShsOut": 150042269,
    "weightedAverageShsOutDil": 151600000,
    "link": "https://www.sec.gov/Archives/edgar/data/2012383/000095017025026584/0000950170-25-026584-index.htm",
    "finalLink": "https://www.sec.gov/Archives/edgar/data/2012383/000095017025026584/blk-20241231.htm"
  },
  {
    "date": "2023-12-31",
    "symbol": "BLK",
    "reportedCurrency": "USD",
    "cik": "0002012383",
    "fillingDate": "2024-02-23",
    "acceptedDate": "2024-02-23 14:28:07",
    "calendarYear": "2023",
    "period": "FY",
    "revenue": 17859000000,
    "costOfRevenue": 9277000000,
    "grossProfit": 8582000000,
    "grossProfitRatio": 0.4805420236,
    "researchAndDevelopmentExpenses": 607000000,
    "generalAndAdministrativeExpenses": 1789000000,
    "sellingAndMarketingExpenses": 309000000,
    "sellingGeneralAndAdministrativeExpenses": 2098000000,
    "otherExpenses": -398000000,
    "operatingExpenses": 2307000000,
    "costAndExpenses": 11584000000,
    "interestIncome": 473000000,
    "interestExpense": 292000000,
    "depreciationAndAmortization": 427000000,
    "ebitda": 6773000000,
    "ebitdaratio": 0.3792485581,
    "operatingIncome": 6275000000,
    "operatingIncomeRatio": 0.3513634582,
    "totalOtherIncomeExpensesNet": 880000000,
    "incomeBeforeTax": 7155000000,
    "incomeBeforeTaxRatio": 0.4006383336,
    "incomeTaxExpense": 1479000000,
    "netIncome": 5502000000,
    "netIncomeRatio": 0.3080799597,
    "eps": 36.85,
    "epsdiluted": 36.51,
    "weightedAverageShsOut": 149300000,
    "weightedAverageShsOutDil": 150706451,
    "link": "https://www.sec.gov/Archives/edgar/data/1364742/000095017024019271/0000950170-24-019271-index.htm",
    "finalLink": "https://www.sec.gov/Archives/edgar/data/1364742/000095017024019271/blk-20231231.htm"
  },
  {
    "date": "2022-12-31",
    "symbol": "BLK",
    "reportedCurrency": "USD",
    "cik": "0002012383",
    "fillingDate": "2023-02-24",
    "acceptedDate": "2023-02-24 14:35:17",
    "calendarYear": "2022",
    "period": "FY",
    "revenue": 17873000000,
    "costOfRevenue": 9189000000,
    "grossProfit": 8684000000,
    "grossProfitRatio": 0.4858725452,
    "researchAndDevelopmentExpenses": 0,
    "generalAndAdministrativeExpenses": 1799000000,
    "sellingAndMarketingExpenses": 255000000,
    "sellingGeneralAndAdministrativeExpenses": 2054000000,
    "otherExpenses": 245000000,
    "operatingExpenses": 2299000000,
    "costAndExpenses": 11488000000,
    "interestIncome": 152000000,
    "interestExpense": 212000000,
    "depreciationAndAmortization": 418000000,
    "ebitda": 6897000000,
    "ebitdaratio": 0.3858893303,
    "operatingIncome": 6385000000,
    "operatingIncomeRatio": 0.3572427684,
    "totalOtherIncomeExpensesNet": -95000000,
    "incomeBeforeTax": 6290000000,
    "incomeBeforeTaxRatio": 0.3519274884,
    "incomeTaxExpense": 1296000000,
    "netIncome": 5178000000,
    "netIncomeRatio": 0.2897107369,
    "eps": 34.31,
    "epsdiluted": 33.97,
    "weightedAverageShsOut": 150921161,
    "weightedAverageShsOutDil": 152440471,
    "link": "https://www.sec.gov/Archives/edgar/data/1364742/000095017023004343/0000950170-23-004343-index.htm",
    "finalLink": "https://www.sec.gov/Archives/edgar/data/1364742/000095017023004343/blk-20221231.htm"
  },
  {
    "date": "2021-12-31",
    "symbol": "BLK",
    "reportedCurrency": "USD",
    "cik": "0002012383",
    "fillingDate": "2022-02-25",
    "acceptedDate": "2022-02-25 15:15:26",
    "calendarYear": "2021",
    "period": "FY",
    "revenue": 19374000000,
    "costOfRevenue": 9556000000,
    "grossProfit": 9818000000,
    "grossProfitRatio": 0.5067616393,
    "researchAndDevelopmentExpenses": 0,
    "generalAndAdministrativeExpenses": 1959000000,
    "sellingAndMarketingExpenses": 228000000,
    "sellingGeneralAndAdministrativeExpenses": 2187000000,
    "otherExpenses": 181000000,
    "operatingExpenses": 2368000000,
    "costAndExpenses": 11886000000,
    "interestIncome": 87000000,
    "interestExpense": 205000000,
    "depreciationAndAmortization": 415000000,
    "ebitda": 7899000000,
    "ebitdaratio": 0.4077113657,
    "operatingIncome": 7450000000,
    "operatingIncomeRatio": 0.3845359761,
    "totalOtherIncomeExpensesNet": 723000000,
    "incomeBeforeTax": 8173000000,
    "incomeBeforeTaxRatio": 0.4218540312,
    "incomeTaxExpense": 1968000000,
    "netIncome": 5901000000,
    "netIncomeRatio": 0.3045834624,
    "eps": 38.76,
    "epsdiluted": 38.22,
    "weightedAverageShsOut": 152236047,
    "weightedAverageShsOutDil": 154404357,
    "link": "https://www.sec.gov/Archives/edgar/data/1364742/000156459022007117/0001564590-22-007117-index.htm",
    "finalLink": "https://www.sec.gov/Archives/edgar/data/1364742/000156459022007117/blk-10k_20211231.htm"
  },
  {
    "date": "2020-12-31",
    "symbol": "BLK",
    "reportedCurrency": "USD",
    "cik": "0002012383",
    "fillingDate": "2021-02-25",
    "acceptedDate": "2021-02-25 15:55:29",
    "calendarYear": "2020",
    "period": "FY",
    "revenue": 16205000000,
    "costOfRevenue": 7939000000,
    "grossProfit": 8266000000,
    "grossProfitRatio": 0.5100894786,
    "researchAndDevelopmentExpenses": 0,
    "generalAndAdministrativeExpenses": 2255000000,
    "sellingAndMarketingExpenses": 187000000,
    "sellingGeneralAndAdministrativeExpenses": 2442000000,
    "otherExpenses": 129000000,
    "operatingExpenses": 2571000000,
    "costAndExpenses": 10510000000,
    "interestIncome": 62000000,
    "interestExpense": 205000000,
    "depreciationAndAmortization": 358000000,
    "ebitda": 6076000000,
    "ebitdaratio": 0.3749460043,
    "operatingIncome": 5695000000,
    "operatingIncomeRatio": 0.3514347424,
    "totalOtherIncomeExpensesNet": 829000000,
    "incomeBeforeTax": 6524000000,
    "incomeBeforeTaxRatio": 0.4025917927,
    "incomeTaxExpense": 1238000000,
    "netIncome": 4932000000,
    "netIncomeRatio": 0.3043505091,
    "eps": 32.13,
    "epsdiluted": 31.85,
    "weightedAverageShsOut": 153489422,
    "weightedAverageShsOutDil": 154840582,
    "link": "https://www.sec.gov/Archives/edgar/data/1364742/000156459021008796/0001564590-21-008796-index.htm",
    "finalLink": "https://www.sec.gov/Archives/edgar/data/1364742/000156459021008796/blk-10k_20201231.htm"
  },
  {
    "date": "2019-12-31",
    "symbol": "BLK",
    "reportedCurrency": "USD",
    "cik": "0002012383",
    "fillingDate": "2020-02-28",
    "acceptedDate": "2020-02-28 16:30:05",
    "calendarYear": "2019",
    "period": "FY",
    "revenue": 14539000000,
    "costOfRevenue": 7133000000,
    "grossProfit": 7406000000,
    "grossProfitRatio": 0.5093885412,
    "researchAndDevelopmentExpenses": 0,
    "generalAndAdministrativeExpenses": 1525000000,
    "sellingAndMarketingExpenses": 180000000,
    "sellingGeneralAndAdministrativeExpenses": 1705000000,
    "otherExpenses": 150000000,
    "operatingExpenses": 1855000000,
    "costAndExpenses": 8988000000,
    "interestIncome": 97000000,
    "interestExpense": 203000000,
    "depreciationAndAmortization": 296000000,
    "ebitda": 5900000000,
    "ebitdaratio": 0.405805076,
    "operatingIncome": 5551000000,
    "operatingIncomeRatio": 0.381800674,
    "totalOtherIncomeExpensesNet": 236000000,
    "incomeBeforeTax": 5787000000,
    "incomeBeforeTaxRatio": 0.3980328771,
    "incomeTaxExpense": 1261000000,
    "netIncome": 4476000000,
    "netIncomeRatio": 0.3078616136,
    "eps": 28.69,
    "epsdiluted": 28.43,
    "weightedAverageShsOut": 156014343,
    "weightedAverageShsOutDil": 157459546,
    "link": "https://www.sec.gov/Archives/edgar/data/1364742/000156459020007807/0001564590-20-007807-index.htm",
    "finalLink": "https://www.sec.gov/Archives/edgar/data/1364742/000156459020007807/blk-10k_20191231.htm"
  },
  {
    "date": "2018-12-31",
    "symbol": "BLK",
    "reportedCurrency": "USD",
    "cik": "0002012383",
    "fillingDate": "2019-02-28",
    "acceptedDate": "2019-02-28 16:25:04",
    "calendarYear": "2018",
    "period": "FY",
    "revenue": 14198000000,
    "costOfRevenue": 6993000000,
    "grossProfit": 7205000000,
    "grossProfitRatio": 0.5074658403,
    "researchAndDevelopmentExpenses": 0,
    "generalAndAdministrativeExpenses": 1438000000,
    "sellingAndMarketingExpenses": 135000000,
    "sellingGeneralAndAdministrativeExpenses": 1573000000,
    "otherExpenses": 175000000,
    "operatingExpenses": 1748000000,
    "costAndExpenses": 8741000000,
    "interestIncome": 104000000,
    "interestExpense": 184000000,
    "depreciationAndAmortization": 220000000,
    "ebitda": 5802000000,
    "ebitdaratio": 0.4086491055,
    "operatingIncome": 5457000000,
    "operatingIncomeRatio": 0.3843499084,
    "totalOtherIncomeExpensesNet": -79000000,
    "incomeBeforeTax": 5378000000,
    "incomeBeforeTaxRatio": 0.3787857445,
    "incomeTaxExpense": 1076000000,
    "netIncome": 4305000000,
    "netIncomeRatio": 0.30321172,
    "eps": 26.75,
    "epsdiluted": 26.48,
    "weightedAverageShsOut": 160944893,
    "weightedAverageShsOutDil": 162599126,
    "link": "https://www.sec.gov/Archives/edgar/data/1364742/000156459019005479/0001564590-19-005479-index.htm",
    "finalLink": "https://www.sec.gov/Archives/edgar/data/1364742/000156459019005479/blk-10k_20181231.htm"
  },
  {
    "date": "2017-12-31",
    "symbol": "BLK",
    "reportedCurrency": "USD",
    "cik": "0002012383",
    "fillingDate": "2018-02-28",
    "acceptedDate": "2018-02-28 14:38:00",
    "calendarYear": "2017",
    "period": "FY",
    "revenue": 13600000000,
    "costOfRevenue": 6811000000,
    "grossProfit": 6789000000,
    "grossProfitRatio": 0.4991911765,
    "researchAndDevelopmentExpenses": 0,
    "generalAndAdministrativeExpenses": 1306000000,
    "sellingAndMarketingExpenses": 132000000,
    "sellingGeneralAndAdministrativeExpenses": 1438000000,
    "otherExpenses": 97000000,
    "operatingExpenses": 1535000000,
    "costAndExpenses": 8346000000,
    "interestIncome": 49000000,
    "interestExpense": 205000000,
    "depreciationAndAmortization": 240000000,
    "ebitda": 5502000000,
    "ebitdaratio": 0.4045588235,
    "operatingIncome": 5254000000,
    "operatingIncomeRatio": 0.3863235294,
    "totalOtherIncomeExpensesNet": 5000000,
    "incomeBeforeTax": 5259000000,
    "incomeBeforeTaxRatio": 0.3866911765,
    "incomeTaxExpense": 270000000,
    "netIncome": 4952000000,
    "netIncomeRatio": 0.3641176471,
    "eps": 30.42,
    "epsdiluted": 30,
    "weightedAverageShsOut": 162811846,
    "weightedAverageShsOutDil": 165075334,
    "link": "https://www.sec.gov/Archives/edgar/data/1364742/000156459018003744/0001564590-18-003744-index.htm",
    "finalLink": "https://www.sec.gov/Archives/edgar/data/1364742/000156459018003744/blk-10k_20171231.htm"
  },
  {
    "date": "2016-12-31",
    "symbol": "BLK",
    "reportedCurrency": "USD",
    "cik": "0002012383",
    "fillingDate": "2017-02-28",
    "acceptedDate": "2017-02-28 15:14:26",
    "calendarYear": "2016",
    "period": "FY",
    "revenue": 11155000000,
    "costOfRevenue": 6243000000,
    "grossProfit": 6018000000,
    "grossProfitRatio": 0.5394890184,
    "researchAndDevelopmentExpenses": 175000000,
    "generalAndAdministrativeExpenses": 955000000,
    "sellingAndMarketingExpenses": 325000000,
    "sellingGeneralAndAdministrativeExpenses": 1280000000,
    "otherExpenses": -2000000,
    "operatingExpenses": 1453000000,
    "costAndExpenses": 7696000000,
    "interestIncome": 40000000,
    "interestExpense": 205000000,
    "depreciationAndAmortization": 263000000,
    "ebitda": 4902000000,
    "ebitdaratio": 0.4394441954,
    "operatingIncome": 4570000000,
    "operatingIncomeRatio": 0.4096817571,
    "totalOtherIncomeExpensesNet": -110000000,
    "incomeBeforeTax": 4460000000,
    "incomeBeforeTaxRatio": 0.3998207082,
    "incomeTaxExpense": 1290000000,
    "netIncome": 3172000000,
    "netIncomeRatio": 0.2843567907,
    "eps": 19.19,
    "epsdiluted": 18.94,
    "weightedAverageShsOut": 165086201,
    "weightedAverageShsOutDil": 167248745,
    "link": "https://www.sec.gov/Archives/edgar/data/1364742/000156459017002816/0001564590-17-002816-index.htm",
    "finalLink": "https://www.sec.gov/Archives/edgar/data/1364742/000156459017002816/blk-10k_20161231.htm"
  },
  {
    "date": "2015-12-31",
    "symbol": "BLK",
    "reportedCurrency": "USD",
    "cik": "0002012383",
    "fillingDate": "2016-02-26",
    "acceptedDate": "2016-02-26 13:40:10",
    "calendarYear": "2015",
    "period": "FY",
    "revenue": 11401000000,
    "costOfRevenue": 5229000000,
    "grossProfit": 6172000000,
    "grossProfitRatio": 0.5413560214,
    "researchAndDevelopmentExpenses": 170000000,
    "generalAndAdministrativeExpenses": 1015000000,
    "sellingAndMarketingExpenses": 365000000,
    "sellingGeneralAndAdministrativeExpenses": 1380000000,
    "otherExpenses": -42000000,
    "operatingExpenses": 1508000000,
    "costAndExpenses": 6737000000,
    "interestIncome": 26000000,
    "interestExpense": 204000000,
    "depreciationAndAmortization": 295000000,
    "ebitda": 4959000000,
    "ebitdaratio": 0.4349618455,
    "operatingIncome": 4664000000,
    "operatingIncomeRatio": 0.4090869222,
    "totalOtherIncomeExpensesNet": -62000000,
    "incomeBeforeTax": 4602000000,
    "incomeBeforeTaxRatio": 0.4036488027,
    "incomeTaxExpense": 1250000000,
    "netIncome": 3345000000,
    "netIncomeRatio": 0.2933953162,
    "eps": 20.02,
    "epsdiluted": 19.71,
    "weightedAverageShsOut": 167058240,
    "weightedAverageShsOutDil": 169717439,
    "link": "https://www.sec.gov/Archives/edgar/data/1364742/000156459016013511/0001564590-16-013511-index.htm",
    "finalLink": "https://www.sec.gov/Archives/edgar/data/1364742/000156459016013511/blk-10k_20151231.htm"
  },
  {
    "date": "2014-12-31",
    "symbol": "BLK",
    "reportedCurrency": "USD",
    "cik": "0002012383",
    "fillingDate": "2015-02-27",
    "acceptedDate": "2015-02-27 16:34:29",
    "calendarYear": "2014",
    "period": "FY",
    "revenue": 11081000000,
    "costOfRevenue": 4997000000,
    "grossProfit": 6084000000,
    "grossProfitRatio": 0.5490479199,
    "researchAndDevelopmentExpenses": 164000000,
    "generalAndAdministrativeExpenses": 1040000000,
    "sellingAndMarketingExpenses": 413000000,
    "sellingGeneralAndAdministrativeExpenses": 1453000000,
    "otherExpenses": -7000000,
    "operatingExpenses": 1610000000,
    "costAndExpenses": 6607000000,
    "interestIncome": 29000000,
    "interestExpense": 232000000,
    "depreciationAndAmortization": 278000000,
    "ebitda": 4752000000,
    "ebitdaratio": 0.4288421623,
    "operatingIncome": 4474000000,
    "operatingIncomeRatio": 0.4037541738,
    "totalOtherIncomeExpensesNet": -79000000,
    "incomeBeforeTax": 4395000000,
    "incomeBeforeTaxRatio": 0.3966248534,
    "incomeTaxExpense": 1131000000,
    "netIncome": 3294000000,
    "netIncomeRatio": 0.2972655897,
    "eps": 19.5,
    "epsdiluted": 19.17,
    "weightedAverageShsOut": 168900755,
    "weightedAverageShsOutDil": 171799457,
    "link": "https://www.sec.gov/Archives/edgar/data/1364742/000119312515069955/0001193125-15-069955-index.htm",
    "finalLink": "https://www.sec.gov/Archives/edgar/data/1364742/000119312515069955/d822114d10k.htm"
  },
  {
    "date": "2013-12-31",
    "symbol": "BLK",
    "reportedCurrency": "USD",
    "cik": "0002012383",
    "fillingDate": "2014-02-28",
    "acceptedDate": "2014-02-28 14:29:28",
    "calendarYear": "2013",
    "period": "FY",
    "revenue": 10180000000,
    "costOfRevenue": 4622000000,
    "grossProfit": 5558000000,
    "grossProfitRatio": 0.5459724951,
    "researchAndDevelopmentExpenses": 160000000,
    "generalAndAdministrativeExpenses": 1007000000,
    "sellingAndMarketingExpenses": 409000000,
    "sellingGeneralAndAdministrativeExpenses": 1416000000,
    "otherExpenses": 125000000,
    "operatingExpenses": 1701000000,
    "costAndExpenses": 6323000000,
    "interestIncome": 22000000,
    "interestExpense": 211000000,
    "depreciationAndAmortization": 291000000,
    "ebitda": 4272000000,
    "ebitdaratio": 0.4196463654,
    "operatingIncome": 3857000000,
    "operatingIncomeRatio": 0.3788801572,
    "totalOtherIncomeExpensesNet": 116000000,
    "incomeBeforeTax": 3973000000,
    "incomeBeforeTaxRatio": 0.3902750491,
    "incomeTaxExpense": 1022000000,
    "netIncome": 2932000000,
    "netIncomeRatio": 0.2880157171,
    "eps": 17.16,
    "epsdiluted": 16.8,
    "weightedAverageShsOut": 170869345,
    "weightedAverageShsOutDil": 174527008,
    "link": "https://www.sec.gov/Archives/edgar/data/1364742/000119312514076587/0001193125-14-076587-index.htm",
    "finalLink": "https://www.sec.gov/Archives/edgar/data/1364742/000119312514076587/d641151d10k.htm"
  },
  {
    "date": "2012-12-31",
    "symbol": "BLK",
    "reportedCurrency": "USD",
    "cik": "0002012383",
    "fillingDate": "2013-03-01",
    "acceptedDate": "2013-02-28 17:48:24",
    "calendarYear": "2012",
    "period": "FY",
    "revenue": 9337000000,
    "costOfRevenue": 4297000000,
    "grossProfit": 5040000000,
    "grossProfitRatio": 0.5397879405,
    "researchAndDevelopmentExpenses": 150000000,
    "generalAndAdministrativeExpenses": 975000000,
    "sellingAndMarketingExpenses": 384000000,
    "sellingGeneralAndAdministrativeExpenses": 1359000000,
    "otherExpenses": 7000000,
    "operatingExpenses": 1391000000,
    "costAndExpenses": 5813000000,
    "interestIncome": 36000000,
    "interestExpense": 215000000,
    "depreciationAndAmortization": 295000000,
    "ebitda": 3819000000,
    "ebitdaratio": 0.4090178858,
    "operatingIncome": 3524000000,
    "operatingIncomeRatio": 0.3774231552,
    "totalOtherIncomeExpensesNet": -54000000,
    "incomeBeforeTax": 3470000000,
    "incomeBeforeTaxRatio": 0.371639713,
    "incomeTaxExpense": 1030000000,
    "netIncome": 2458000000,
    "netIncomeRatio": 0.2632537218,
    "eps": 13.97,
    "epsdiluted": 13.73,
    "weightedAverageShsOut": 175663670,
    "weightedAverageShsOutDil": 178732607,
    "link": "https://www.sec.gov/Archives/edgar/data/1364742/000119312513084957/0001193125-13-084957-index.htm",
    "finalLink": "https://www.sec.gov/Archives/edgar/data/1364742/000119312513084957/d439552d10k.htm"
  },
  {
    "date": "2011-12-31",
    "symbol": "BLK",
    "reportedCurrency": "USD",
    "cik": "0002012383",
    "fillingDate": "2012-02-28",
    "acceptedDate": "2012-02-28 17:27:56",
    "calendarYear": "2011",
    "period": "FY",
    "revenue": 9081000000,
    "costOfRevenue": 3585000000,
    "grossProfit": 5496000000,
    "grossProfitRatio": 0.6052196895,
    "researchAndDevelopmentExpenses": 0,
    "generalAndAdministrativeExpenses": 5177000000,
    "sellingAndMarketingExpenses": -3199000000,
    "sellingGeneralAndAdministrativeExpenses": 1978000000,
    "otherExpenses": -375000000,
    "operatingExpenses": 2215000000,
    "costAndExpenses": 5832000000,
    "interestIncome": 34000000,
    "interestExpense": 176000000,
    "depreciationAndAmortization": 156000000,
    "ebitda": 3471000000,
    "ebitdaratio": 0.382226627,
    "operatingIncome": 3249000000,
    "operatingIncomeRatio": 0.3577799802,
    "totalOtherIncomeExpensesNet": -114000000,
    "incomeBeforeTax": 3135000000,
    "incomeBeforeTaxRatio": 0.3452262967,
    "incomeTaxExpense": 796000000,
    "netIncome": 2337000000,
    "netIncomeRatio": 0.2573505121,
    "eps": 12.51,
    "epsdiluted": 12.32,
    "weightedAverageShsOut": 185005386,
    "weightedAverageShsOutDil": 187867879,
    "link": "https://www.sec.gov/Archives/edgar/data/1364742/000119312512085869/0001193125-12-085869-index.htm",
    "finalLink": "https://www.sec.gov/Archives/edgar/data/1364742/000119312512085869/d270105d10k.htm"
  },
  {
    "date": "2010-12-31",
    "symbol": "BLK",
    "reportedCurrency": "USD",
    "cik": "0002012383",
    "fillingDate": "2011-02-28",
    "acceptedDate": "2011-02-28 17:20:47",
    "calendarYear": "2010",
    "period": "FY",
    "revenue": 8612000000,
    "costOfRevenue": 3505000000,
    "grossProfit": 5107000000,
    "grossProfitRatio": 0.5930097538,
    "researchAndDevelopmentExpenses": 0,
    "generalAndAdministrativeExpenses": 4944000000,
    "sellingAndMarketingExpenses": -3097000000,
    "sellingGeneralAndAdministrativeExpenses": 1847000000,
    "otherExpenses": 262000000,
    "operatingExpenses": 2109000000,
    "costAndExpenses": 5614000000,
    "interestIncome": 29000000,
    "interestExpense": 150000000,
    "depreciationAndAmortization": 305000000,
    "ebitda": 3551000000,
    "ebitdaratio": 0.4123316303,
    "operatingIncome": 2998000000,
    "operatingIncomeRatio": 0.3481189039,
    "totalOtherIncomeExpensesNet": 23000000,
    "incomeBeforeTax": 3021000000,
    "incomeBeforeTaxRatio": 0.3507895959,
    "incomeTaxExpense": 971000000,
    "netIncome": 2063000000,
    "netIncomeRatio": 0.2395494659,
    "eps": 10.63,
    "epsdiluted": 10.51,
    "weightedAverageShsOut": 191319787,
    "weightedAverageShsOutDil": 193465908,
    "link": "https://www.sec.gov/Archives/edgar/data/1364742/000119312511050218/0001193125-11-050218-index.htm",
    "finalLink": "https://www.sec.gov/Archives/edgar/data/1364742/000119312511050218/d10k.htm"
  },
  {
    "date": "2009-12-31",
    "symbol": "BLK",
    "reportedCurrency": "USD",
    "cik": "0002012383",
    "fillingDate": "2010-03-10",
    "acceptedDate": "2010-03-10 17:25:57",
    "calendarYear": "2009",
    "period": "FY",
    "revenue": 4700000000,
    "costOfRevenue": 2279000000,
    "grossProfit": 2421000000,
    "grossProfitRatio": 0.515106383,
    "researchAndDevelopmentExpenses": 0,
    "generalAndAdministrativeExpenses": 2676000000,
    "sellingAndMarketingExpenses": 0,
    "sellingGeneralAndAdministrativeExpenses": 2676000000,
    "otherExpenses": 1150000000,
    "operatingExpenses": 2945000000,
    "costAndExpenses": 3422000000,
    "interestIncome": 20000000,
    "interestExpense": 68000000,
    "depreciationAndAmortization": 232000000,
    "ebitda": 1773000000,
    "ebitdaratio": 0.3772340426,
    "operatingIncome": 1278000000,
    "operatingIncomeRatio": 0.2719148936,
    "totalOtherIncomeExpensesNet": -6000000,
    "incomeBeforeTax": 1272000000,
    "incomeBeforeTaxRatio": 0.2706382979,
    "incomeTaxExpense": 375000000,
    "netIncome": 875000000,
    "netIncomeRatio": 0.1861702128,
    "eps": 6.22,
    "epsdiluted": 6.09,
    "weightedAverageShsOut": 137218034,
    "weightedAverageShsOutDil": 140041614,
    "link": "https://www.sec.gov/Archives/edgar/data/1364742/000119312510052764/0001193125-10-052764-index.htm",
    "finalLink": "https://www.sec.gov/Archives/edgar/data/1364742/000119312510052764/d10k.htm"
  },
  {
    "date": "2008-12-31",
    "symbol": "BLK",
    "reportedCurrency": "USD",
    "cik": "0002012383",
    "fillingDate": "2009-03-02",
    "acceptedDate": "2009-02-27 18:43:16",
    "calendarYear": "2008",
    "period": "FY",
    "revenue": 5063908000,
    "costOfRevenue": 597000000,
    "grossProfit": 4466908000,
    "grossProfitRatio": 0.8821068629,
    "researchAndDevelopmentExpenses": 0,
    "generalAndAdministrativeExpenses": 1342218000,
    "sellingAndMarketingExpenses": 0,
    "sellingGeneralAndAdministrativeExpenses": 1342218000,
    "otherExpenses": 1537782000,
    "operatingExpenses": 2880000000,
    "costAndExpenses": 3471000000,
    "interestIncome": 64721000,
    "interestExpense": 65702000,
    "depreciationAndAmortization": 230000000,
    "ebitda": 1246000000,
    "ebitdaratio": 0.2460550231,
    "operatingIncome": 1592597000,
    "operatingIncomeRatio": 0.314499592,
    "totalOtherIncomeExpensesNet": -577000000,
    "incomeBeforeTax": 1019052000,
    "incomeBeforeTaxRatio": 0.2012382531,
    "incomeTaxExpense": 387340000,
    "netIncome": 786419000,
    "netIncomeRatio": 0.1552988324,
    "eps": 5.84,
    "epsdiluted": 5.76,
    "weightedAverageShsOut": 130063696,
    "weightedAverageShsOutDil": 131904132,
    "link": "https://www.sec.gov/Archives/edgar/data/1364742/000119312509041298/0001193125-09-041298-index.htm",
    "finalLink": "https://www.sec.gov/Archives/edgar/data/1364742/000119312509041298/d10k.htm"
  },
  {
    "date": "2007-12-31",
    "symbol": "BLK",
    "reportedCurrency": "USD",
    "cik": "0002012383",
    "fillingDate": "2008-02-28",
    "acceptedDate": "2008-02-28 16:45:02",
    "calendarYear": "2007",
    "period": "FY",
    "revenue": 4844655000,
    "costOfRevenue": 547620000,
    "grossProfit": 4297035000,
    "grossProfitRatio": 0.8869640872,
    "researchAndDevelopmentExpenses": 0,
    "generalAndAdministrativeExpenses": 2765544000,
    "sellingAndMarketingExpenses": 0,
    "sellingGeneralAndAdministrativeExpenses": 2765544000,
    "otherExpenses": 1594705000,
    "operatingExpenses": 3003371000,
    "costAndExpenses": 3402677000,
    "interestIncome": 74466000,
    "interestExpense": 49412000,
    "depreciationAndAmortization": 197478000,
    "ebitda": 2159954000,
    "ebitdaratio": 0.4458426864,
    "operatingIncome": 1293664000,
    "operatingIncomeRatio": 0.267029128,
    "totalOtherIncomeExpensesNet": -139757000,
    "incomeBeforeTax": 1822719000,
    "incomeBeforeTaxRatio": 0.3762329825,
    "incomeTaxExpense": 463832000,
    "netIncome": 995272000,
    "netIncomeRatio": 0.2054371261,
    "eps": 7.5,
    "epsdiluted": 7.34,
    "weightedAverageShsOut": 129004578,
    "weightedAverageShsOutDil": 131905682,
    "link": "https://www.sec.gov/Archives/edgar/data/1364742/000119312508041884/0001193125-08-041884-index.htm",
    "finalLink": "https://www.sec.gov/Archives/edgar/data/1364742/000119312508041884/d10k.htm"
  },
  {
    "date": "2006-12-31",
    "symbol": "BLK",
    "reportedCurrency": "USD",
    "cik": "0002012383",
    "fillingDate": "2007-03-13",
    "acceptedDate": "2007-03-13 14:24:33",
    "calendarYear": "2006",
    "period": "FY",
    "revenue": 2097976000,
    "costOfRevenue": 0,
    "grossProfit": 2097976000,
    "grossProfitRatio": 1,
    "researchAndDevelopmentExpenses": 0,
    "generalAndAdministrativeExpenses": 443260000,
    "sellingAndMarketingExpenses": 0,
    "sellingGeneralAndAdministrativeExpenses": 443260000,
    "otherExpenses": 1182916000,
    "operatingExpenses": 1626176000,
    "costAndExpenses": 1626176000,
    "interestIncome": 29000000,
    "interestExpense": 10000000,
    "depreciationAndAmortization": 72809000,
    "ebitda": 720956000,
    "ebitdaratio": 0.3436435879,
    "operatingIncome": 471800000,
    "operatingIncomeRatio": 0.2248834114,
    "totalOtherIncomeExpensesNet": 56233000,
    "incomeBeforeTax": 528233000,
    "incomeBeforeTaxRatio": 0.2517821939,
    "incomeTaxExpense": 189463000,
    "netIncome": 322602000,
    "netIncomeRatio": 0.1537682033,
    "eps": 3.98,
    "epsdiluted": 3.85,
    "weightedAverageShsOut": 80962014,
    "weightedAverageShsOutDil": 83693165,
    "link": "https://www.sec.gov/Archives/edgar/data/1364742/000119312507053304/0001193125-07-053304-index.htm",
    "finalLink": "https://www.sec.gov/Archives/edgar/data/1364742/000119312507053304/d10k.htm"
  },
  {
    "date": "2005-12-31",
    "symbol": "BLK",
    "reportedCurrency": "USD",
    "cik": "0002012383",
    "fillingDate": "2005-12-31",
    "acceptedDate": "2005-12-30 19:00:00",
    "calendarYear": "2005",
    "period": "FY",
    "revenue": 1191386000,
    "costOfRevenue": 0,
    "grossProfit": 1191386000,
    "grossProfitRatio": 1,
    "researchAndDevelopmentExpenses": 0,
    "generalAndAdministrativeExpenses": 204850000,
    "sellingAndMarketingExpenses": 0,
    "sellingGeneralAndAdministrativeExpenses": 204850000,
    "otherExpenses": 645995000,
    "operatingExpenses": 850845000,
    "costAndExpenses": 850845000,
    "interestIncome": 18912000,
    "interestExpense": 7924000,
    "depreciationAndAmortization": 30902000,
    "ebitda": 371443000,
    "ebitdaratio": 0.31177385,
    "operatingIncome": 340541000,
    "operatingIncomeRatio": 0.2858359927,
    "totalOtherIncomeExpensesNet": 35214000,
    "incomeBeforeTax": 375755000,
    "incomeBeforeTaxRatio": 0.3153931639,
    "incomeTaxExpense": 138558000,
    "netIncome": 233908000,
    "netIncomeRatio": 0.1963326747,
    "eps": 3.63,
    "epsdiluted": 3.49,
    "weightedAverageShsOut": 64440527,
    "weightedAverageShsOutDil": 67143723,
    "link": "",
    "finalLink": ""
  },
  {
    "date": "2004-12-31",
    "symbol": "BLK",
    "reportedCurrency": "USD",
    "cik": "0002012383",
    "fillingDate": "2004-12-31",
    "acceptedDate": "2004-12-30 19:00:00",
    "calendarYear": "2004",
    "period": "FY",
    "revenue": 725311000,
    "costOfRevenue": 0,
    "grossProfit": 725311000,
    "grossProfitRatio": 1,
    "researchAndDevelopmentExpenses": 0,
    "generalAndAdministrativeExpenses": 128738000,
    "sellingAndMarketingExpenses": 0,
    "sellingGeneralAndAdministrativeExpenses": 128738000,
    "otherExpenses": 424678000,
    "operatingExpenses": 553416000,
    "costAndExpenses": 553416000,
    "interestIncome": 0,
    "interestExpense": 0,
    "depreciationAndAmortization": 20686000,
    "ebitda": 192581000,
    "ebitdaratio": 0.2655150687,
    "operatingIncome": 165798000,
    "operatingIncomeRatio": 0.2285888398,
    "totalOtherIncomeExpensesNet": 28543000,
    "incomeBeforeTax": 200438000,
    "incomeBeforeTaxRatio": 0.2763476633,
    "incomeTaxExpense": 52264000,
    "netIncome": 143141000,
    "netIncomeRatio": 0.1973512052,
    "eps": 2.24,
    "epsdiluted": 2.16,
    "weightedAverageShsOut": 63944733,
    "weightedAverageShsOutDil": 66225373,
    "link": "",
    "finalLink": ""
  },
  {
    "date": "2003-12-31",
    "symbol": "BLK",
    "reportedCurrency": "USD",
    "cik": "0002012383",
    "fillingDate": "2003-12-31",
    "acceptedDate": "2003-12-30 19:00:00",
    "calendarYear": "2003",
    "period": "FY",
    "revenue": 598212000,
    "costOfRevenue": 0,
    "grossProfit": 598212000,
    "grossProfitRatio": 1,
    "researchAndDevelopmentExpenses": 0,
    "generalAndAdministrativeExpenses": 107333000,
    "sellingAndMarketingExpenses": 0,
    "sellingGeneralAndAdministrativeExpenses": 107333000,
    "otherExpenses": 262603000,
    "operatingExpenses": 369936000,
    "costAndExpenses": 369936000,
    "interestIncome": 0,
    "interestExpense": 0,
    "depreciationAndAmortization": 21366000,
    "ebitda": 249642000,
    "ebitdaratio": 0.4173135945,
    "operatingIncome": 228276000,
    "operatingIncomeRatio": 0.3815971595,
    "totalOtherIncomeExpensesNet": 22626000,
    "incomeBeforeTax": 250902000,
    "incomeBeforeTaxRatio": 0.4194198712,
    "incomeTaxExpense": 95247000,
    "netIncome": 155402000,
    "netIncomeRatio": 0.2597774702,
    "eps": 2.39,
    "epsdiluted": 2.35,
    "weightedAverageShsOut": 64913003,
    "weightedAverageShsOutDil": 66124866,
    "link": "",
    "finalLink": ""
  },
  {
    "date": "2002-12-31",
    "symbol": "BLK",
    "reportedCurrency": "USD",
    "cik": "0002012383",
    "fillingDate": "2002-12-31",
    "acceptedDate": "2002-12-30 19:00:00",
    "calendarYear": "2002",
    "period": "FY",
    "revenue": 576977000,
    "costOfRevenue": 0,
    "grossProfit": 576977000,
    "grossProfitRatio": 1,
    "researchAndDevelopmentExpenses": 0,
    "generalAndAdministrativeExpenses": 90076000,
    "sellingAndMarketingExpenses": 0,
    "sellingGeneralAndAdministrativeExpenses": 90076000,
    "otherExpenses": 271762000,
    "operatingExpenses": 361838000,
    "costAndExpenses": 361838000,
    "interestIncome": 0,
    "interestExpense": 0,
    "depreciationAndAmortization": 20238000,
    "ebitda": 235377000,
    "ebitdaratio": 0.4079486704,
    "operatingIncome": 215139000,
    "operatingIncomeRatio": 0.3728727488,
    "totalOtherIncomeExpensesNet": 8809000,
    "incomeBeforeTax": 223948000,
    "incomeBeforeTaxRatio": 0.3881402552,
    "incomeTaxExpense": 90699000,
    "netIncome": 133249000,
    "netIncomeRatio": 0.2309433478,
    "eps": 2.05,
    "epsdiluted": 2.03,
    "weightedAverageShsOut": 65016354,
    "weightedAverageShsOutDil": 65569826,
    "link": "",
    "finalLink": ""
  },
  {
    "date": "2001-12-31",
    "symbol": "BLK",
    "reportedCurrency": "USD",
    "cik": "0002012383",
    "fillingDate": "2001-12-31",
    "acceptedDate": "2001-12-30 19:00:00",
    "calendarYear": "2001",
    "period": "FY",
    "revenue": 533144000,
    "costOfRevenue": 0,
    "grossProfit": 533144000,
    "grossProfitRatio": 1,
    "researchAndDevelopmentExpenses": 0,
    "generalAndAdministrativeExpenses": 76567000,
    "sellingAndMarketingExpenses": 0,
    "sellingGeneralAndAdministrativeExpenses": 76567000,
    "otherExpenses": 286401000,
    "operatingExpenses": 362968000,
    "costAndExpenses": 362968000,
    "interestIncome": 0,
    "interestExpense": 0,
    "depreciationAndAmortization": 26021000,
    "ebitda": 196197000,
    "ebitdaratio": 0.368000015,
    "operatingIncome": 170176000,
    "operatingIncomeRatio": 0.3191933136,
    "totalOtherIncomeExpensesNet": 10815000,
    "incomeBeforeTax": 180991000,
    "incomeBeforeTaxRatio": 0.3394786399,
    "incomeTaxExpense": 73557000,
    "netIncome": 107434000,
    "netIncomeRatio": 0.2015102862,
    "eps": 1.66,
    "epsdiluted": 1.64,
    "weightedAverageShsOut": 64529655,
    "weightedAverageShsOutDil": 65186946,
    "link": "",
    "finalLink": ""
  },
  {
    "date": "2000-12-31",
    "symbol": "BLK",
    "reportedCurrency": "USD",
    "cik": "0002012383",
    "fillingDate": "2000-12-31",
    "acceptedDate": "2000-12-30 19:00:00",
    "calendarYear": "2000",
    "period": "FY",
    "revenue": 476872000,
    "costOfRevenue": 0,
    "grossProfit": 476872000,
    "grossProfitRatio": 1,
    "researchAndDevelopmentExpenses": 0,
    "generalAndAdministrativeExpenses": 58311000,
    "sellingAndMarketingExpenses": 0,
    "sellingGeneralAndAdministrativeExpenses": 58311000,
    "otherExpenses": 275523000,
    "operatingExpenses": 333834000,
    "costAndExpenses": 333834000,
    "interestIncome": 0,
    "interestExpense": 0,
    "depreciationAndAmortization": 19995000,
    "ebitda": 163033000,
    "ebitdaratio": 0.3418800013,
    "operatingIncome": 143038000,
    "operatingIncomeRatio": 0.2999505108,
    "totalOtherIncomeExpensesNet": 6879000,
    "incomeBeforeTax": 149917000,
    "incomeBeforeTaxRatio": 0.3143757654,
    "incomeTaxExpense": 62556000,
    "netIncome": 87361000,
    "netIncomeRatio": 0.18319591,
    "eps": 1.36,
    "epsdiluted": 1.34,
    "weightedAverageShsOut": 64142924,
    "weightedAverageShsOutDil": 64850106,
    "link": "",
    "finalLink": ""
  },
  {
    "date": "1999-12-31",
    "symbol": "BLK",
    "reportedCurrency": "USD",
    "cik": "0002012383",
    "fillingDate": "1999-12-31",
    "acceptedDate": "1999-12-30 19:00:00",
    "calendarYear": "1999",
    "period": "FY",
    "revenue": 380981000,
    "costOfRevenue": 0,
    "grossProfit": 380981000,
    "grossProfitRatio": 1,
    "researchAndDevelopmentExpenses": 0,
    "generalAndAdministrativeExpenses": 48570000,
    "sellingAndMarketingExpenses": 0,
    "sellingGeneralAndAdministrativeExpenses": 48570000,
    "otherExpenses": 221468000,
    "operatingExpenses": 270038000,
    "costAndExpenses": 270038000,
    "interestIncome": 0,
    "interestExpense": 0,
    "depreciationAndAmortization": 18153000,
    "ebitda": 129096000,
    "ebitdaratio": 0.3388515438,
    "operatingIncome": 110943000,
    "operatingIncomeRatio": 0.2912034983,
    "totalOtherIncomeExpensesNet": -7493000,
    "incomeBeforeTax": 103450000,
    "incomeBeforeTaxRatio": 0.2715358509,
    "incomeTaxExpense": 44033000,
    "netIncome": 59417000,
    "netIncomeRatio": 0.1559579087,
    "eps": 1.04,
    "epsdiluted": 1.04,
    "weightedAverageShsOut": 57286158,
    "weightedAverageShsOutDil": 57498907,
    "link": "",
    "finalLink": ""
  },
  {
    "date": "1998-12-31",
    "symbol": "BLK",
    "reportedCurrency": "USD",
    "cik": "0002012383",
    "fillingDate": "1998-12-31",
    "acceptedDate": "1998-12-30 19:00:00",
    "calendarYear": "1998",
    "period": "FY",
    "revenue": 341500000,
    "costOfRevenue": 0,
    "grossProfit": 341500000,
    "grossProfitRatio": 1,
    "researchAndDevelopmentExpenses": 0,
    "generalAndAdministrativeExpenses": 148400000,
    "sellingAndMarketingExpenses": 0,
    "sellingGeneralAndAdministrativeExpenses": 148400000,
    "otherExpenses": 111720000,
    "operatingExpenses": -107500000,
    "costAndExpenses": 260120000,
    "interestIncome": 0,
    "interestExpense": 0,
    "depreciationAndAmortization": 12900000,
    "ebitda": 96514000,
    "ebitdaratio": 0.2826178624,
    "operatingIncome": 449000000,
    "operatingIncomeRatio": 1.3147877013,
    "totalOtherIncomeExpensesNet": -11362000,
    "incomeBeforeTax": 68000000,
    "incomeBeforeTaxRatio": 0.1991215227,
    "incomeTaxExpense": 32400000,
    "netIncome": 35600000,
    "netIncomeRatio": 0.1042459736,
    "eps": 0.67,
    "epsdiluted": 0.66,
    "weightedAverageShsOut": 53721938,
    "weightedAverageShsOutDil": 53897794,
    "link": "",
    "finalLink": ""
  }
]