[
  {
    "date": "2025-06-30",
    "symbol": "BMY",
    "reportedCurrency": "USD",
    "cik": "0000014272",
    "fillingDate": "2025-07-31",
    "acceptedDate": "2025-07-31 12:17:29",
    "calendarYear": "2025",
    "period": "Q2",
    "revenue": 12269000000,
    "costOfRevenue": 4199000000,
    "grossProfit": 8070000000,
    "grossProfitRatio": 0.6577553183,
    "researchAndDevelopmentExpenses": 2262000000,
    "generalAndAdministrativeExpenses": 0,
    "sellingAndMarketingExpenses": 0,
    "sellingGeneralAndAdministrativeExpenses": 1691000000,
    "otherExpenses": 0,
    "operatingExpenses": 3953000000,
    "costAndExpenses": 8152000000,
    "interestIncome": 139000000,
    "interestExpense": 485000000,
    "depreciationAndAmortization": 1029000000,
    "ebitda": 3287000000,
    "ebitdaratio": 0.2679109952,
    "operatingIncome": 4117000000,
    "operatingIncomeRatio": 0.3355611704,
    "totalOtherIncomeExpensesNet": -2344000000,
    "incomeBeforeTax": 1773000000,
    "incomeBeforeTaxRatio": 0.1445105551,
    "incomeTaxExpense": 460000000,
    "netIncome": 1310000000,
    "netIncomeRatio": 0.1067731681,
    "eps": 0.64,
    "epsdiluted": 0.64,
    "weightedAverageShsOut": 2035000000,
    "weightedAverageShsOutDil": 2038000000,
    "link": "https://www.sec.gov/Archives/edgar/data/14272/000001427225000131/0000014272-25-000131-index.htm",
    "finalLink": "https://www.sec.gov/Archives/edgar/data/14272/000001427225000131/bmy-20250630.htm"
  },
  {
    "date": "2025-03-31",
    "symbol": "BMY",
    "reportedCurrency": "USD",
    "cik": "0000014272",
    "fillingDate": "2025-04-24",
    "acceptedDate": "2025-04-24 11:45:34",
    "calendarYear": "2025",
    "period": "Q1",
    "revenue": 11201000000,
    "costOfRevenue": 3861000000,
    "grossProfit": 7340000000,
    "grossProfitRatio": 0.6552986341,
    "researchAndDevelopmentExpenses": 2236000000,
    "generalAndAdministrativeExpenses": 0,
    "sellingAndMarketingExpenses": 1584000000,
    "sellingGeneralAndAdministrativeExpenses": 1583000000,
    "otherExpenses": 0,
    "operatingExpenses": 3819000000,
    "costAndExpenses": 7680000000,
    "interestIncome": 0,
    "interestExpense": 494000000,
    "depreciationAndAmortization": 1012000000,
    "ebitda": 4477000000,
    "ebitdaratio": 0.3996964557,
    "operatingIncome": 3521000000,
    "operatingIncomeRatio": 0.3143469333,
    "totalOtherIncomeExpensesNet": -550000000,
    "incomeBeforeTax": 2971000000,
    "incomeBeforeTaxRatio": 0.2652441746,
    "incomeTaxExpense": 509000000,
    "netIncome": 2456000000,
    "netIncomeRatio": 0.219266137,
    "eps": 1.21,
    "epsdiluted": 1.2,
    "weightedAverageShsOut": 2031000000,
    "weightedAverageShsOutDil": 2037000000,
    "link": "https://www.sec.gov/Archives/edgar/data/14272/000001427225000091/0000014272-25-000091-index.htm",
    "finalLink": "https://www.sec.gov/Archives/edgar/data/14272/000001427225000091/bmy-20250331.htm"
  },
  {
    "date": "2024-12-31",
    "symbol": "BMY",
    "reportedCurrency": "USD",
    "cik": "0000014272",
    "fillingDate": "2025-02-12",
    "acceptedDate": "2025-02-12 12:52:08",
    "calendarYear": "2024",
    "period": "Q4",
    "revenue": 12342000000,
    "costOfRevenue": 4918000000,
    "grossProfit": 7424000000,
    "grossProfitRatio": 0.6015232539,
    "researchAndDevelopmentExpenses": 2788000000,
    "generalAndAdministrativeExpenses": 0,
    "sellingAndMarketingExpenses": 0,
    "sellingGeneralAndAdministrativeExpenses": 2105000000,
    "otherExpenses": 0,
    "operatingExpenses": 4893000000,
    "costAndExpenses": 9811000000,
    "interestIncome": 0,
    "interestExpense": 496000000,
    "depreciationAndAmortization": 1880000000,
    "ebitda": 2551000000,
    "ebitdaratio": 0.2066925944,
    "operatingIncome": 2531000000,
    "operatingIncomeRatio": 0.2050721115,
    "totalOtherIncomeExpensesNet": -2356000000,
    "incomeBeforeTax": 175000000,
    "incomeBeforeTaxRatio": 0.0141792254,
    "incomeTaxExpense": 99000000,
    "netIncome": 72000000,
    "netIncomeRatio": 0.0058337385,
    "eps": 0.0355,
    "epsdiluted": 0.0353,
    "weightedAverageShsOut": 2029026349,
    "weightedAverageShsOutDil": 2037000000,
    "link": "https://www.sec.gov/Archives/edgar/data/14272/000001427225000039/0000014272-25-000039-index.htm",
    "finalLink": "https://www.sec.gov/Archives/edgar/data/14272/000001427225000039/bmy-20241231.htm"
  },
  {
    "date": "2024-09-30",
    "symbol": "BMY",
    "reportedCurrency": "USD",
    "cik": "0000014272",
    "fillingDate": "2024-10-31",
    "acceptedDate": "2024-10-31 11:43:44",
    "calendarYear": "2024",
    "period": "Q3",
    "revenue": 11892000000,
    "costOfRevenue": 5275000000,
    "grossProfit": 6617000000,
    "grossProfitRatio": 0.5564244871,
    "researchAndDevelopmentExpenses": 2353000000,
    "generalAndAdministrativeExpenses": 0,
    "sellingAndMarketingExpenses": 1983000000,
    "sellingGeneralAndAdministrativeExpenses": 1976000000,
    "otherExpenses": 0,
    "operatingExpenses": 4329000000,
    "costAndExpenses": 9604000000,
    "interestIncome": 0,
    "interestExpense": 505000000,
    "depreciationAndAmortization": 2592000000,
    "ebitda": 4773000000,
    "ebitdaratio": 0.4013622603,
    "operatingIncome": 2288000000,
    "operatingIncomeRatio": 0.1923982509,
    "totalOtherIncomeExpensesNet": -612000000,
    "incomeBeforeTax": 1676000000,
    "incomeBeforeTaxRatio": 0.1409350824,
    "incomeTaxExpense": 461000000,
    "netIncome": 1211000000,
    "netIncomeRatio": 0.1018331652,
    "eps": 0.6,
    "epsdiluted": 0.6,
    "weightedAverageShsOut": 2028000000,
    "weightedAverageShsOutDil": 2031000000,
    "link": "https://www.sec.gov/Archives/edgar/data/14272/000001427224000147/0000014272-24-000147-index.htm",
    "finalLink": "https://www.sec.gov/Archives/edgar/data/14272/000001427224000147/bmy-20240930.htm"
  },
  {
    "date": "2024-06-30",
    "symbol": "BMY",
    "reportedCurrency": "USD",
    "cik": "0000014272",
    "fillingDate": "2024-07-26",
    "acceptedDate": "2024-07-26 12:04:02",
    "calendarYear": "2024",
    "period": "Q2",
    "revenue": 12201000000,
    "costOfRevenue": 5400000000,
    "grossProfit": 6801000000,
    "grossProfitRatio": 0.5574133268,
    "researchAndDevelopmentExpenses": 2295000000,
    "generalAndAdministrativeExpenses": 0,
    "sellingAndMarketingExpenses": 0,
    "sellingGeneralAndAdministrativeExpenses": 1922000000,
    "otherExpenses": 0,
    "operatingExpenses": 4217000000,
    "costAndExpenses": 9617000000,
    "interestIncome": 0,
    "interestExpense": 521000000,
    "depreciationAndAmortization": 2596000000,
    "ebitda": 4403000000,
    "ebitdaratio": 0.3608720597,
    "operatingIncome": 2584000000,
    "operatingIncomeRatio": 0.2117859192,
    "totalOtherIncomeExpensesNet": -1298000000,
    "incomeBeforeTax": 1286000000,
    "incomeBeforeTaxRatio": 0.1054011966,
    "incomeTaxExpense": -398000000,
    "netIncome": 1680000000,
    "netIncomeRatio": 0.1376936317,
    "eps": 0.83,
    "epsdiluted": 0.83,
    "weightedAverageShsOut": 2027000000,
    "weightedAverageShsOutDil": 2029000000,
    "link": "https://www.sec.gov/Archives/edgar/data/14272/000001427224000123/0000014272-24-000123-index.htm",
    "finalLink": "https://www.sec.gov/Archives/edgar/data/14272/000001427224000123/bmy-20240630.htm"
  },
  {
    "date": "2024-03-31",
    "symbol": "BMY",
    "reportedCurrency": "USD",
    "cik": "0000014272",
    "fillingDate": "2024-04-25",
    "acceptedDate": "2024-04-25 12:38:46",
    "calendarYear": "2024",
    "period": "Q1",
    "revenue": 11865000000,
    "costOfRevenue": 5275000000,
    "grossProfit": 6590000000,
    "grossProfitRatio": 0.5554150864,
    "researchAndDevelopmentExpenses": 2694000000,
    "generalAndAdministrativeExpenses": 0,
    "sellingAndMarketingExpenses": 0,
    "sellingGeneralAndAdministrativeExpenses": 2361000000,
    "otherExpenses": 0,
    "operatingExpenses": 5055000000,
    "costAndExpenses": 10330000000,
    "interestIncome": 0,
    "interestExpense": 425000000,
    "depreciationAndAmortization": 2532000000,
    "ebitda": -8559000000,
    "ebitdaratio": -0.7213653603,
    "operatingIncome": 1535000000,
    "operatingIncomeRatio": 0.1293721028,
    "totalOtherIncomeExpensesNet": -13051000000,
    "incomeBeforeTax": -11516000000,
    "incomeBeforeTaxRatio": -0.9705857564,
    "incomeTaxExpense": 392000000,
    "netIncome": -11911000000,
    "netIncomeRatio": -1.003876949,
    "eps": -5.89,
    "epsdiluted": -5.89,
    "weightedAverageShsOut": 2023000000,
    "weightedAverageShsOutDil": 2023000000,
    "link": "https://www.sec.gov/Archives/edgar/data/14272/000001427224000096/0000014272-24-000096-index.htm",
    "finalLink": "https://www.sec.gov/Archives/edgar/data/14272/000001427224000096/bmy-20240331.htm"
  },
  {
    "date": "2023-12-31",
    "symbol": "BMY",
    "reportedCurrency": "USD",
    "cik": "0000014272",
    "fillingDate": "2024-02-13",
    "acceptedDate": "2024-02-13 11:54:06",
    "calendarYear": "2023",
    "period": "Q4",
    "revenue": 11477000000,
    "costOfRevenue": 4985000000,
    "grossProfit": 6492000000,
    "grossProfitRatio": 0.5656530452,
    "researchAndDevelopmentExpenses": 2476000000,
    "generalAndAdministrativeExpenses": 0,
    "sellingAndMarketingExpenses": 0,
    "sellingGeneralAndAdministrativeExpenses": 2064000000,
    "otherExpenses": 0,
    "operatingExpenses": 4540000000,
    "costAndExpenses": 9525000000,
    "interestIncome": 0,
    "interestExpense": 316000000,
    "depreciationAndAmortization": 2464000000,
    "ebitda": 4454000000,
    "ebitdaratio": 0.3880805088,
    "operatingIncome": 1952000000,
    "operatingIncomeRatio": 0.170079289,
    "totalOtherIncomeExpensesNet": -278000000,
    "incomeBeforeTax": 1674000000,
    "incomeBeforeTaxRatio": 0.1458569313,
    "incomeTaxExpense": -88000000,
    "netIncome": 1762000000,
    "netIncomeRatio": 0.1535244402,
    "eps": 0.87,
    "epsdiluted": 0.87,
    "weightedAverageShsOut": 2027000000,
    "weightedAverageShsOutDil": 2033000000,
    "link": "https://www.sec.gov/Archives/edgar/data/14272/000001427224000044/0000014272-24-000044-index.htm",
    "finalLink": "https://www.sec.gov/Archives/edgar/data/14272/000001427224000044/bmy-20231231.htm"
  },
  {
    "date": "2023-09-30",
    "symbol": "BMY",
    "reportedCurrency": "USD",
    "cik": "0000014272",
    "fillingDate": "2023-10-26",
    "acceptedDate": "2023-10-26 12:33:30",
    "calendarYear": "2023",
    "period": "Q3",
    "revenue": 10966000000,
    "costOfRevenue": 4746000000,
    "grossProfit": 6220000000,
    "grossProfitRatio": 0.567207733,
    "researchAndDevelopmentExpenses": 2178000000,
    "generalAndAdministrativeExpenses": 0,
    "sellingAndMarketingExpenses": 0,
    "sellingGeneralAndAdministrativeExpenses": 1938000000,
    "otherExpenses": 0,
    "operatingExpenses": 4116000000,
    "costAndExpenses": 8862000000,
    "interestIncome": 0,
    "interestExpense": 280000000,
    "depreciationAndAmortization": 2435000000,
    "ebitda": 4852000000,
    "ebitdaratio": 0.4424585081,
    "operatingIncome": 2104000000,
    "operatingIncomeRatio": 0.1918657669,
    "totalOtherIncomeExpensesNet": 33000000,
    "incomeBeforeTax": 2137000000,
    "incomeBeforeTaxRatio": 0.1948750684,
    "incomeTaxExpense": 203000000,
    "netIncome": 1928000000,
    "netIncomeRatio": 0.175816159,
    "eps": 0.94,
    "epsdiluted": 0.93,
    "weightedAverageShsOut": 2057000000,
    "weightedAverageShsOutDil": 2064000000,
    "link": "https://www.sec.gov/Archives/edgar/data/14272/000001427223000181/0000014272-23-000181-index.htm",
    "finalLink": "https://www.sec.gov/Archives/edgar/data/14272/000001427223000181/bmy-20230930.htm"
  },
  {
    "date": "2023-06-30",
    "symbol": "BMY",
    "reportedCurrency": "USD",
    "cik": "0000014272",
    "fillingDate": "2023-07-27",
    "acceptedDate": "2023-07-27 12:28:24",
    "calendarYear": "2023",
    "period": "Q2",
    "revenue": 11226000000,
    "costOfRevenue": 5097000000,
    "grossProfit": 6129000000,
    "grossProfitRatio": 0.5459647247,
    "researchAndDevelopmentExpenses": 2258000000,
    "generalAndAdministrativeExpenses": 0,
    "sellingAndMarketingExpenses": 0,
    "sellingGeneralAndAdministrativeExpenses": 1928000000,
    "otherExpenses": 0,
    "operatingExpenses": 4186000000,
    "costAndExpenses": 9283000000,
    "interestIncome": 0,
    "interestExpense": 282000000,
    "depreciationAndAmortization": 2432000000,
    "ebitda": 4573000000,
    "ebitdaratio": 0.4073579191,
    "operatingIncome": 1943000000,
    "operatingIncomeRatio": 0.1730803492,
    "totalOtherIncomeExpensesNet": -84000000,
    "incomeBeforeTax": 1859000000,
    "incomeBeforeTaxRatio": 0.1655977196,
    "incomeTaxExpense": -218000000,
    "netIncome": 2073000000,
    "netIncomeRatio": 0.1846606093,
    "eps": 0.99,
    "epsdiluted": 0.99,
    "weightedAverageShsOut": 2093000000,
    "weightedAverageShsOutDil": 2102000000,
    "link": "https://www.sec.gov/Archives/edgar/data/14272/000001427223000152/0000014272-23-000152-index.htm",
    "finalLink": "https://www.sec.gov/Archives/edgar/data/14272/000001427223000152/bmy-20230630.htm"
  },
  {
    "date": "2023-03-31",
    "symbol": "BMY",
    "reportedCurrency": "USD",
    "cik": "0000014272",
    "fillingDate": "2023-04-27",
    "acceptedDate": "2023-04-27 11:56:52",
    "calendarYear": "2023",
    "period": "Q1",
    "revenue": 11337000000,
    "costOfRevenue": 4821000000,
    "grossProfit": 6516000000,
    "grossProfitRatio": 0.5747552263,
    "researchAndDevelopmentExpenses": 2301000000,
    "generalAndAdministrativeExpenses": 0,
    "sellingAndMarketingExpenses": 0,
    "sellingGeneralAndAdministrativeExpenses": 1762000000,
    "otherExpenses": 0,
    "operatingExpenses": 4063000000,
    "costAndExpenses": 8884000000,
    "interestIncome": 0,
    "interestExpense": 288000000,
    "depreciationAndAmortization": 2429000000,
    "ebitda": 5487000000,
    "ebitdaratio": 0.4839904737,
    "operatingIncome": 2453000000,
    "operatingIncomeRatio": 0.216371174,
    "totalOtherIncomeExpensesNet": 317000000,
    "incomeBeforeTax": 2770000000,
    "incomeBeforeTaxRatio": 0.2443327159,
    "incomeTaxExpense": 503000000,
    "netIncome": 2262000000,
    "netIncomeRatio": 0.1995236835,
    "eps": 1.08,
    "epsdiluted": 1.07,
    "weightedAverageShsOut": 2099000000,
    "weightedAverageShsOutDil": 2113000000,
    "link": "https://www.sec.gov/Archives/edgar/data/14272/000001427223000104/0000014272-23-000104-index.htm",
    "finalLink": "https://www.sec.gov/Archives/edgar/data/14272/000001427223000104/bmy-20230331.htm"
  },
  {
    "date": "2022-12-31",
    "symbol": "BMY",
    "reportedCurrency": "USD",
    "cik": "0000014272",
    "fillingDate": "2023-02-14",
    "acceptedDate": "2023-02-14 16:24:27",
    "calendarYear": "2022",
    "period": "Q4",
    "revenue": 11406000000,
    "costOfRevenue": 4916000000,
    "grossProfit": 6490000000,
    "grossProfitRatio": 0.5689987726,
    "researchAndDevelopmentExpenses": 2510000000,
    "generalAndAdministrativeExpenses": 0,
    "sellingAndMarketingExpenses": 0,
    "sellingGeneralAndAdministrativeExpenses": 2266000000,
    "otherExpenses": 0,
    "operatingExpenses": 4776000000,
    "costAndExpenses": 9692000000,
    "interestIncome": 0,
    "interestExpense": 294000000,
    "depreciationAndAmortization": 2521000000,
    "ebitda": 4674000000,
    "ebitdaratio": 0.409784324,
    "operatingIncome": 1714000000,
    "operatingIncomeRatio": 0.1502717868,
    "totalOtherIncomeExpensesNet": 145000000,
    "incomeBeforeTax": 1859000000,
    "incomeBeforeTaxRatio": 0.1629843942,
    "incomeTaxExpense": -166000000,
    "netIncome": 2022000000,
    "netIncomeRatio": 0.1772751184,
    "eps": 0.96,
    "epsdiluted": 0.95,
    "weightedAverageShsOut": 2108000000,
    "weightedAverageShsOutDil": 2124000000,
    "link": "https://www.sec.gov/Archives/edgar/data/14272/000001427223000046/0000014272-23-000046-index.htm",
    "finalLink": "https://www.sec.gov/Archives/edgar/data/14272/000001427223000046/bmy-20221231.htm"
  },
  {
    "date": "2022-09-30",
    "symbol": "BMY",
    "reportedCurrency": "USD",
    "cik": "0000014272",
    "fillingDate": "2022-10-26",
    "acceptedDate": "2022-10-26 11:37:24",
    "calendarYear": "2022",
    "period": "Q3",
    "revenue": 11218000000,
    "costOfRevenue": 4771000000,
    "grossProfit": 6447000000,
    "grossProfitRatio": 0.5747013728,
    "researchAndDevelopmentExpenses": 2360000000,
    "generalAndAdministrativeExpenses": 0,
    "sellingAndMarketingExpenses": 0,
    "sellingGeneralAndAdministrativeExpenses": 1857000000,
    "otherExpenses": 0,
    "operatingExpenses": 4217000000,
    "costAndExpenses": 8988000000,
    "interestIncome": 0,
    "interestExpense": 299000000,
    "depreciationAndAmortization": 2588000000,
    "ebitda": 5096000000,
    "ebitdaratio": 0.4542699233,
    "operatingIncome": 2230000000,
    "operatingIncomeRatio": 0.1987876627,
    "totalOtherIncomeExpensesNet": -21000000,
    "incomeBeforeTax": 2209000000,
    "incomeBeforeTaxRatio": 0.1969156712,
    "incomeTaxExpense": 601000000,
    "netIncome": 1606000000,
    "netIncomeRatio": 0.1431627741,
    "eps": 0.75,
    "epsdiluted": 0.75,
    "weightedAverageShsOut": 2133000000,
    "weightedAverageShsOutDil": 2148000000,
    "link": "https://www.sec.gov/Archives/edgar/data/14272/000001427222000196/0000014272-22-000196-index.htm",
    "finalLink": "https://www.sec.gov/Archives/edgar/data/14272/000001427222000196/bmy-20220930.htm"
  },
  {
    "date": "2022-06-30",
    "symbol": "BMY",
    "reportedCurrency": "USD",
    "cik": "0000014272",
    "fillingDate": "2022-07-27",
    "acceptedDate": "2022-07-27 11:01:40",
    "calendarYear": "2022",
    "period": "Q2",
    "revenue": 11887000000,
    "costOfRevenue": 5094000000,
    "grossProfit": 6793000000,
    "grossProfitRatio": 0.5714646252,
    "researchAndDevelopmentExpenses": 2321000000,
    "generalAndAdministrativeExpenses": 0,
    "sellingAndMarketingExpenses": 0,
    "sellingGeneralAndAdministrativeExpenses": 1783000000,
    "otherExpenses": 0,
    "operatingExpenses": 4104000000,
    "costAndExpenses": 9198000000,
    "interestIncome": 0,
    "interestExpense": 313000000,
    "depreciationAndAmortization": 2583000000,
    "ebitda": 4854000000,
    "ebitdaratio": 0.4083452511,
    "operatingIncome": 2689000000,
    "operatingIncomeRatio": 0.2262135106,
    "totalOtherIncomeExpensesNet": -731000000,
    "incomeBeforeTax": 1958000000,
    "incomeBeforeTaxRatio": 0.1647177589,
    "incomeTaxExpense": 529000000,
    "netIncome": 1421000000,
    "netIncomeRatio": 0.1195423572,
    "eps": 0.67,
    "epsdiluted": 0.66,
    "weightedAverageShsOut": 2133000000,
    "weightedAverageShsOutDil": 2149000000,
    "link": "https://www.sec.gov/Archives/edgar/data/14272/000001427222000166/0000014272-22-000166-index.htm",
    "finalLink": "https://www.sec.gov/Archives/edgar/data/14272/000001427222000166/bmy-20220630.htm"
  },
  {
    "date": "2022-03-31",
    "symbol": "BMY",
    "reportedCurrency": "USD",
    "cik": "0000014272",
    "fillingDate": "2022-04-29",
    "acceptedDate": "2022-04-29 10:47:47",
    "calendarYear": "2022",
    "period": "Q1",
    "revenue": 11648000000,
    "costOfRevenue": 4888000000,
    "grossProfit": 6760000000,
    "grossProfitRatio": 0.5803571429,
    "researchAndDevelopmentExpenses": 2220000000,
    "generalAndAdministrativeExpenses": 0,
    "sellingAndMarketingExpenses": 0,
    "sellingGeneralAndAdministrativeExpenses": 1829000000,
    "otherExpenses": 0,
    "operatingExpenses": 4049000000,
    "costAndExpenses": 8937000000,
    "interestIncome": 0,
    "interestExpense": 326000000,
    "depreciationAndAmortization": 2584000000,
    "ebitda": 4597000000,
    "ebitdaratio": 0.3946600275,
    "operatingIncome": 2711000000,
    "operatingIncomeRatio": 0.2327438187,
    "totalOtherIncomeExpensesNet": -1024000000,
    "incomeBeforeTax": 1687000000,
    "incomeBeforeTaxRatio": 0.1448317308,
    "incomeTaxExpense": 404000000,
    "netIncome": 1278000000,
    "netIncomeRatio": 0.1097184066,
    "eps": 0.6,
    "epsdiluted": 0.59,
    "weightedAverageShsOut": 2146000000,
    "weightedAverageShsOutDil": 2164000000,
    "link": "https://www.sec.gov/Archives/edgar/data/14272/000001427222000114/0000014272-22-000114-index.htm",
    "finalLink": "https://www.sec.gov/Archives/edgar/data/14272/000001427222000114/bmy-20220331.htm"
  },
  {
    "date": "2021-12-31",
    "symbol": "BMY",
    "reportedCurrency": "USD",
    "cik": "0000014272",
    "fillingDate": "2022-02-09",
    "acceptedDate": "2022-02-09 11:44:38",
    "calendarYear": "2021",
    "period": "Q4",
    "revenue": 11985000000,
    "costOfRevenue": 4792000000,
    "grossProfit": 7193000000,
    "grossProfitRatio": 0.6001668753,
    "researchAndDevelopmentExpenses": 2607000000,
    "generalAndAdministrativeExpenses": 0,
    "sellingAndMarketingExpenses": 0,
    "sellingGeneralAndAdministrativeExpenses": 2352000000,
    "otherExpenses": 0,
    "operatingExpenses": 4959000000,
    "costAndExpenses": 9751000000,
    "interestIncome": 0,
    "interestExpense": 323000000,
    "depreciationAndAmortization": 2579000000,
    "ebitda": 4760000000,
    "ebitdaratio": 0.3971631206,
    "operatingIncome": 2234000000,
    "operatingIncomeRatio": 0.1863996662,
    "totalOtherIncomeExpensesNet": -376000000,
    "incomeBeforeTax": 1858000000,
    "incomeBeforeTaxRatio": 0.1550271172,
    "incomeTaxExpense": -514000000,
    "netIncome": 2372000000,
    "netIncomeRatio": 0.1979140592,
    "eps": 1.1,
    "epsdiluted": 1.07,
    "weightedAverageShsOut": 2153000000,
    "weightedAverageShsOutDil": 2219000000,
    "link": "https://www.sec.gov/Archives/edgar/data/14272/000001427222000051/0000014272-22-000051-index.htm",
    "finalLink": "https://www.sec.gov/Archives/edgar/data/14272/000001427222000051/bmy-20211231.htm"
  },
  {
    "date": "2021-09-30",
    "symbol": "BMY",
    "reportedCurrency": "USD",
    "cik": "0000014272",
    "fillingDate": "2021-10-27",
    "acceptedDate": "2021-10-27 11:26:21",
    "calendarYear": "2021",
    "period": "Q3",
    "revenue": 11624000000,
    "costOfRevenue": 4855000000,
    "grossProfit": 6769000000,
    "grossProfitRatio": 0.5823296628,
    "researchAndDevelopmentExpenses": 3250000000,
    "generalAndAdministrativeExpenses": 0,
    "sellingAndMarketingExpenses": 0,
    "sellingGeneralAndAdministrativeExpenses": 1787000000,
    "otherExpenses": 0,
    "operatingExpenses": 5037000000,
    "costAndExpenses": 9892000000,
    "interestIncome": 0,
    "interestExpense": 328000000,
    "depreciationAndAmortization": 2727000000,
    "ebitda": 5212000000,
    "ebitdaratio": 0.4483826566,
    "operatingIncome": 1732000000,
    "operatingIncomeRatio": 0.1490020647,
    "totalOtherIncomeExpensesNet": 425000000,
    "incomeBeforeTax": 2157000000,
    "incomeBeforeTaxRatio": 0.1855643496,
    "incomeTaxExpense": 605000000,
    "netIncome": 1546000000,
    "netIncomeRatio": 0.1330006882,
    "eps": 0.7,
    "epsdiluted": 0.69,
    "weightedAverageShsOut": 2219000000,
    "weightedAverageShsOutDil": 2243000000,
    "link": "https://www.sec.gov/Archives/edgar/data/14272/000001427221000224/0000014272-21-000224-index.htm",
    "finalLink": "https://www.sec.gov/Archives/edgar/data/14272/000001427221000224/bmy-20210930.htm"
  },
  {
    "date": "2021-06-30",
    "symbol": "BMY",
    "reportedCurrency": "USD",
    "cik": "0000014272",
    "fillingDate": "2021-07-28",
    "acceptedDate": "2021-07-28 10:37:42",
    "calendarYear": "2021",
    "period": "Q2",
    "revenue": 11703000000,
    "costOfRevenue": 4992000000,
    "grossProfit": 6711000000,
    "grossProfitRatio": 0.573442707,
    "researchAndDevelopmentExpenses": 3271000000,
    "generalAndAdministrativeExpenses": 0,
    "sellingAndMarketingExpenses": 0,
    "sellingGeneralAndAdministrativeExpenses": 1882000000,
    "otherExpenses": 0,
    "operatingExpenses": 5153000000,
    "costAndExpenses": 10145000000,
    "interestIncome": 0,
    "interestExpense": 330000000,
    "depreciationAndAmortization": 2712000000,
    "ebitda": 4595000000,
    "ebitdaratio": 0.3926343673,
    "operatingIncome": 1558000000,
    "operatingIncomeRatio": 0.1331282577,
    "totalOtherIncomeExpensesNet": -5000000,
    "incomeBeforeTax": 1553000000,
    "incomeBeforeTaxRatio": 0.1327010168,
    "incomeTaxExpense": 492000000,
    "netIncome": 1055000000,
    "netIncomeRatio": 0.0901478253,
    "eps": 0.47,
    "epsdiluted": 0.47,
    "weightedAverageShsOut": 2227000000,
    "weightedAverageShsOutDil": 2252000000,
    "link": "https://www.sec.gov/Archives/edgar/data/14272/000001427221000186/0000014272-21-000186-index.htm",
    "finalLink": "https://www.sec.gov/Archives/edgar/data/14272/000001427221000186/bmy-20210630.htm"
  },
  {
    "date": "2021-03-31",
    "symbol": "BMY",
    "reportedCurrency": "USD",
    "cik": "0000014272",
    "fillingDate": "2021-04-29",
    "acceptedDate": "2021-04-29 10:08:59",
    "calendarYear": "2021",
    "period": "Q1",
    "revenue": 11073000000,
    "costOfRevenue": 4985000000,
    "grossProfit": 6088000000,
    "grossProfitRatio": 0.549805834,
    "researchAndDevelopmentExpenses": 2224000000,
    "generalAndAdministrativeExpenses": 0,
    "sellingAndMarketingExpenses": 0,
    "sellingGeneralAndAdministrativeExpenses": 1667000000,
    "otherExpenses": 0,
    "operatingExpenses": 3891000000,
    "costAndExpenses": 8876000000,
    "interestIncome": 0,
    "interestExpense": 353000000,
    "depreciationAndAmortization": 2668000000,
    "ebitda": 5551000000,
    "ebitdaratio": 0.5013094916,
    "operatingIncome": 2197000000,
    "operatingIncomeRatio": 0.1984105482,
    "totalOtherIncomeExpensesNet": 333000000,
    "incomeBeforeTax": 2530000000,
    "incomeBeforeTaxRatio": 0.2284836991,
    "incomeTaxExpense": 501000000,
    "netIncome": 2021000000,
    "netIncomeRatio": 0.18251603,
    "eps": 0.9,
    "epsdiluted": 0.89,
    "weightedAverageShsOut": 2236000000,
    "weightedAverageShsOutDil": 2265000000,
    "link": "https://www.sec.gov/Archives/edgar/data/14272/000001427221000126/0000014272-21-000126-index.htm",
    "finalLink": "https://www.sec.gov/Archives/edgar/data/14272/000001427221000126/bmy-20210331.htm"
  },
  {
    "date": "2020-12-31",
    "symbol": "BMY",
    "reportedCurrency": "USD",
    "cik": "0000014272",
    "fillingDate": "2021-02-10",
    "acceptedDate": "2021-02-10 15:13:50",
    "calendarYear": "2020",
    "period": "Q4",
    "revenue": 11068000000,
    "costOfRevenue": 4829000000,
    "grossProfit": 6239000000,
    "grossProfitRatio": 0.5636971449,
    "researchAndDevelopmentExpenses": 2790000000,
    "generalAndAdministrativeExpenses": 0,
    "sellingAndMarketingExpenses": 0,
    "sellingGeneralAndAdministrativeExpenses": 2718000000,
    "otherExpenses": 0,
    "operatingExpenses": 5508000000,
    "costAndExpenses": 10337000000,
    "interestIncome": 0,
    "interestExpense": 355000000,
    "depreciationAndAmortization": 2690000000,
    "ebitda": -7406000000,
    "ebitdaratio": -0.6691362486,
    "operatingIncome": 731000000,
    "operatingIncomeRatio": 0.0660462595,
    "totalOtherIncomeExpensesNet": -11182000000,
    "incomeBeforeTax": -10451000000,
    "incomeBeforeTaxRatio": -0.9442537044,
    "incomeTaxExpense": -424000000,
    "netIncome": -10027000000,
    "netIncomeRatio": -0.9059450669,
    "eps": -4.45,
    "epsdiluted": -4.45,
    "weightedAverageShsOut": 2252000000,
    "weightedAverageShsOutDil": 2252000000,
    "link": "https://www.sec.gov/Archives/edgar/data/14272/000001427221000066/0000014272-21-000066-index.htm",
    "finalLink": "https://www.sec.gov/Archives/edgar/data/14272/000001427221000066/bmy-20201231.htm"
  },
  {
    "date": "2020-09-30",
    "symbol": "BMY",
    "reportedCurrency": "USD",
    "cik": "0000014272",
    "fillingDate": "2020-11-05",
    "acceptedDate": "2020-11-05 10:25:37",
    "calendarYear": "2020",
    "period": "Q3",
    "revenue": 10540000000,
    "costOfRevenue": 4978000000,
    "grossProfit": 5562000000,
    "grossProfitRatio": 0.5277039848,
    "researchAndDevelopmentExpenses": 2496000000,
    "generalAndAdministrativeExpenses": 0,
    "sellingAndMarketingExpenses": 0,
    "sellingGeneralAndAdministrativeExpenses": 1700000000,
    "otherExpenses": 0,
    "operatingExpenses": 4196000000,
    "costAndExpenses": 9174000000,
    "interestIncome": 0,
    "interestExpense": 346000000,
    "depreciationAndAmortization": 2655000000,
    "ebitda": 5258000000,
    "ebitdaratio": 0.4988614801,
    "operatingIncome": 1366000000,
    "operatingIncomeRatio": 0.129601518,
    "totalOtherIncomeExpensesNet": 891000000,
    "incomeBeforeTax": 2257000000,
    "incomeBeforeTaxRatio": 0.2141366224,
    "incomeTaxExpense": 379000000,
    "netIncome": 1872000000,
    "netIncomeRatio": 0.1776091082,
    "eps": 0.83,
    "epsdiluted": 0.82,
    "weightedAverageShsOut": 2257000000,
    "weightedAverageShsOutDil": 2290000000,
    "link": "https://www.sec.gov/Archives/edgar/data/14272/000001427220000279/0000014272-20-000279-index.htm",
    "finalLink": "https://www.sec.gov/Archives/edgar/data/14272/000001427220000279/bmy-20200930.htm"
  },
  {
    "date": "2020-06-30",
    "symbol": "BMY",
    "reportedCurrency": "USD",
    "cik": "0000014272",
    "fillingDate": "2020-08-06",
    "acceptedDate": "2020-08-06 10:10:15",
    "calendarYear": "2020",
    "period": "Q2",
    "revenue": 10129000000,
    "costOfRevenue": 5080000000,
    "grossProfit": 5049000000,
    "grossProfitRatio": 0.4984697403,
    "researchAndDevelopmentExpenses": 2483000000,
    "generalAndAdministrativeExpenses": 0,
    "sellingAndMarketingExpenses": 0,
    "sellingGeneralAndAdministrativeExpenses": 1627000000,
    "otherExpenses": 0,
    "operatingExpenses": 4110000000,
    "costAndExpenses": 9190000000,
    "interestIncome": 0,
    "interestExpense": 357000000,
    "depreciationAndAmortization": 2558000000,
    "ebitda": 4542000000,
    "ebitdaratio": 0.4484154408,
    "operatingIncome": 939000000,
    "operatingIncomeRatio": 0.0927041169,
    "totalOtherIncomeExpensesNet": 688000000,
    "incomeBeforeTax": 1627000000,
    "incomeBeforeTaxRatio": 0.1606279001,
    "incomeTaxExpense": 1707000000,
    "netIncome": -85000000,
    "netIncomeRatio": -0.0083917465,
    "eps": -0.0376,
    "epsdiluted": -0.0376,
    "weightedAverageShsOut": 2263000000,
    "weightedAverageShsOutDil": 2263000000,
    "link": "https://www.sec.gov/Archives/edgar/data/14272/000001427220000229/0000014272-20-000229-index.htm",
    "finalLink": "https://www.sec.gov/Archives/edgar/data/14272/000001427220000229/bmy-20200630.htm"
  },
  {
    "date": "2020-03-31",
    "symbol": "BMY",
    "reportedCurrency": "USD",
    "cik": "0000014272",
    "fillingDate": "2020-05-07",
    "acceptedDate": "2020-05-07 09:54:07",
    "calendarYear": "2020",
    "period": "Q1",
    "revenue": 10781000000,
    "costOfRevenue": 5931000000,
    "grossProfit": 4850000000,
    "grossProfitRatio": 0.4498655041,
    "researchAndDevelopmentExpenses": 2316000000,
    "generalAndAdministrativeExpenses": 0,
    "sellingAndMarketingExpenses": 0,
    "sellingGeneralAndAdministrativeExpenses": 1606000000,
    "otherExpenses": 0,
    "operatingExpenses": 3922000000,
    "costAndExpenses": 9853000000,
    "interestIncome": 0,
    "interestExpense": 362000000,
    "depreciationAndAmortization": 2477000000,
    "ebitda": 2535000000,
    "ebitdaratio": 0.2351358872,
    "operatingIncome": 928000000,
    "operatingIncomeRatio": 0.0860773583,
    "totalOtherIncomeExpensesNet": -1232000000,
    "incomeBeforeTax": -304000000,
    "incomeBeforeTaxRatio": -0.0281977553,
    "incomeTaxExpense": 462000000,
    "netIncome": -775000000,
    "netIncomeRatio": -0.0718857249,
    "eps": -0.34,
    "epsdiluted": -0.34,
    "weightedAverageShsOut": 2258000000,
    "weightedAverageShsOutDil": 2258000000,
    "link": "https://www.sec.gov/Archives/edgar/data/14272/000001427220000168/0000014272-20-000168-index.htm",
    "finalLink": "https://www.sec.gov/Archives/edgar/data/14272/000001427220000168/bmy-20200331x10q.htm"
  },
  {
    "date": "2019-12-31",
    "symbol": "BMY",
    "reportedCurrency": "USD",
    "cik": "0000014272",
    "fillingDate": "2020-02-24",
    "acceptedDate": "2020-02-24 16:10:27",
    "calendarYear": "2019",
    "period": "Q4",
    "revenue": 7945000000,
    "costOfRevenue": 3530000000,
    "grossProfit": 4415000000,
    "grossProfitRatio": 0.5556954059,
    "researchAndDevelopmentExpenses": 1988000000,
    "generalAndAdministrativeExpenses": 0,
    "sellingAndMarketingExpenses": 0,
    "sellingGeneralAndAdministrativeExpenses": 1726000000,
    "otherExpenses": 0,
    "operatingExpenses": 3714000000,
    "costAndExpenses": 7244000000,
    "interestIncome": 0,
    "interestExpense": 279000000,
    "depreciationAndAmortization": 1236000000,
    "ebitda": 1386000000,
    "ebitdaratio": 0.1744493392,
    "operatingIncome": 701000000,
    "operatingIncomeRatio": 0.0882315922,
    "totalOtherIncomeExpensesNet": -830000000,
    "incomeBeforeTax": -129000000,
    "incomeBeforeTaxRatio": -0.0162366268,
    "incomeTaxExpense": 931000000,
    "netIncome": -1056000000,
    "netIncomeRatio": -0.1329137823,
    "eps": -0.55,
    "epsdiluted": -0.55,
    "weightedAverageShsOut": 1914593883,
    "weightedAverageShsOutDil": 1918000000,
    "link": "https://www.sec.gov/Archives/edgar/data/14272/000001427220000082/0000014272-20-000082-index.htm",
    "finalLink": "https://www.sec.gov/Archives/edgar/data/14272/000001427220000082/bmy-20191231x10xk.htm"
  },
  {
    "date": "2019-09-30",
    "symbol": "BMY",
    "reportedCurrency": "USD",
    "cik": "0000014272",
    "fillingDate": "2019-10-31",
    "acceptedDate": "2019-10-31 09:39:45",
    "calendarYear": "2019",
    "period": "Q3",
    "revenue": 6007000000,
    "costOfRevenue": 1788000000,
    "grossProfit": 4219000000,
    "grossProfitRatio": 0.7023472615,
    "researchAndDevelopmentExpenses": 1362000000,
    "generalAndAdministrativeExpenses": 0,
    "sellingAndMarketingExpenses": 0,
    "sellingGeneralAndAdministrativeExpenses": 1055000000,
    "otherExpenses": 0,
    "operatingExpenses": 2417000000,
    "costAndExpenses": 4205000000,
    "interestIncome": 0,
    "interestExpense": 209000000,
    "depreciationAndAmortization": 171000000,
    "ebitda": 1729000000,
    "ebitdaratio": 0.287830864,
    "operatingIncome": 1802000000,
    "operatingIncomeRatio": 0.2999833528,
    "totalOtherIncomeExpensesNet": -453000000,
    "incomeBeforeTax": 1349000000,
    "incomeBeforeTaxRatio": 0.2245713334,
    "incomeTaxExpense": -17000000,
    "netIncome": 1353000000,
    "netIncomeRatio": 0.2252372232,
    "eps": 0.83,
    "epsdiluted": 0.83,
    "weightedAverageShsOut": 1632000000,
    "weightedAverageShsOutDil": 1634000000,
    "link": "https://www.sec.gov/Archives/edgar/data/14272/000001427219000194/0000014272-19-000194-index.htm",
    "finalLink": "https://www.sec.gov/Archives/edgar/data/14272/000001427219000194/bmy-20190930x10q.htm"
  },
  {
    "date": "2019-06-30",
    "symbol": "BMY",
    "reportedCurrency": "USD",
    "cik": "0000014272",
    "fillingDate": "2019-07-25",
    "acceptedDate": "2019-07-25 11:33:59",
    "calendarYear": "2019",
    "period": "Q2",
    "revenue": 6273000000,
    "costOfRevenue": 1870000000,
    "grossProfit": 4403000000,
    "grossProfitRatio": 0.701897019,
    "researchAndDevelopmentExpenses": 1309000000,
    "generalAndAdministrativeExpenses": 0,
    "sellingAndMarketingExpenses": 0,
    "sellingGeneralAndAdministrativeExpenses": 1076000000,
    "otherExpenses": 0,
    "operatingExpenses": 2385000000,
    "costAndExpenses": 4255000000,
    "interestIncome": 0,
    "interestExpense": 123000000,
    "depreciationAndAmortization": 169000000,
    "ebitda": 2068000000,
    "ebitdaratio": 0.3296668261,
    "operatingIncome": 2018000000,
    "operatingIncomeRatio": 0.3216961581,
    "totalOtherIncomeExpensesNet": -242000000,
    "incomeBeforeTax": 1776000000,
    "incomeBeforeTaxRatio": 0.2831181253,
    "incomeTaxExpense": 337000000,
    "netIncome": 1432000000,
    "netIncomeRatio": 0.2282799299,
    "eps": 0.88,
    "epsdiluted": 0.87,
    "weightedAverageShsOut": 1635766530,
    "weightedAverageShsOutDil": 1637000000,
    "link": "https://www.sec.gov/Archives/edgar/data/14272/000001427219000160/0000014272-19-000160-index.htm",
    "finalLink": "https://www.sec.gov/Archives/edgar/data/14272/000001427219000160/bmy-20190630x10q.htm"
  },
  {
    "date": "2019-03-31",
    "symbol": "BMY",
    "reportedCurrency": "USD",
    "cik": "0000014272",
    "fillingDate": "2019-04-25",
    "acceptedDate": "2019-04-25 11:39:35",
    "calendarYear": "2019",
    "period": "Q1",
    "revenue": 5920000000,
    "costOfRevenue": 1832000000,
    "grossProfit": 4088000000,
    "grossProfitRatio": 0.6905405405,
    "researchAndDevelopmentExpenses": 1300000000,
    "generalAndAdministrativeExpenses": 0,
    "sellingAndMarketingExpenses": 0,
    "sellingGeneralAndAdministrativeExpenses": 1005000000,
    "otherExpenses": 0,
    "operatingExpenses": 2305000000,
    "costAndExpenses": 4137000000,
    "interestIncome": 0,
    "interestExpense": 45000000,
    "depreciationAndAmortization": 170000000,
    "ebitda": 2194000000,
    "ebitdaratio": 0.3706081081,
    "operatingIncome": 1783000000,
    "operatingIncomeRatio": 0.3011824324,
    "totalOtherIncomeExpensesNet": 196000000,
    "incomeBeforeTax": 1979000000,
    "incomeBeforeTaxRatio": 0.3342905405,
    "incomeTaxExpense": 264000000,
    "netIncome": 1710000000,
    "netIncomeRatio": 0.2888513514,
    "eps": 1.05,
    "epsdiluted": 1.04,
    "weightedAverageShsOut": 1634000000,
    "weightedAverageShsOutDil": 1637000000,
    "link": "https://www.sec.gov/Archives/edgar/data/14272/000001427219000107/0000014272-19-000107-index.htm",
    "finalLink": "https://www.sec.gov/Archives/edgar/data/14272/000001427219000107/bmy-20190331x10q.htm"
  },
  {
    "date": "2018-12-31",
    "symbol": "BMY",
    "reportedCurrency": "USD",
    "cik": "0000014272",
    "fillingDate": "2019-02-25",
    "acceptedDate": "2019-02-25 16:52:22",
    "calendarYear": "2018",
    "period": "Q4",
    "revenue": 5973000000,
    "costOfRevenue": 1688000000,
    "grossProfit": 4285000000,
    "grossProfitRatio": 0.7173949439,
    "researchAndDevelopmentExpenses": 1358000000,
    "generalAndAdministrativeExpenses": 0,
    "sellingAndMarketingExpenses": 0,
    "sellingGeneralAndAdministrativeExpenses": 1337000000,
    "otherExpenses": 0,
    "operatingExpenses": 2695000000,
    "costAndExpenses": 4383000000,
    "interestIncome": 0,
    "interestExpense": 48000000,
    "depreciationAndAmortization": 172000000,
    "ebitda": 1725000000,
    "ebitdaratio": 0.2887995982,
    "operatingIncome": 1590000000,
    "operatingIncomeRatio": 0.2661978905,
    "totalOtherIncomeExpensesNet": -43000000,
    "incomeBeforeTax": 1505000000,
    "incomeBeforeTaxRatio": 0.2519671857,
    "incomeTaxExpense": 347000000,
    "netIncome": 1160000000,
    "netIncomeRatio": 0.194207266,
    "eps": 0.73,
    "epsdiluted": 0.73,
    "weightedAverageShsOut": 1632000000,
    "weightedAverageShsOutDil": 1637000000,
    "link": "https://www.sec.gov/Archives/edgar/data/14272/000001427219000047/0000014272-19-000047-index.htm",
    "finalLink": "https://www.sec.gov/Archives/edgar/data/14272/000001427219000047/bmy-20181231x10xk.htm"
  },
  {
    "date": "2018-09-30",
    "symbol": "BMY",
    "reportedCurrency": "USD",
    "cik": "0000014272",
    "fillingDate": "2018-10-25",
    "acceptedDate": "2018-10-25 11:36:04",
    "calendarYear": "2018",
    "period": "Q3",
    "revenue": 5691000000,
    "costOfRevenue": 1649000000,
    "grossProfit": 4042000000,
    "grossProfitRatio": 0.7102442453,
    "researchAndDevelopmentExpenses": 1262000000,
    "generalAndAdministrativeExpenses": 0,
    "sellingAndMarketingExpenses": 0,
    "sellingGeneralAndAdministrativeExpenses": 1103000000,
    "otherExpenses": 0,
    "operatingExpenses": 2365000000,
    "costAndExpenses": 4014000000,
    "interestIncome": 0,
    "interestExpense": 44000000,
    "depreciationAndAmortization": 165000000,
    "ebitda": 2376000000,
    "ebitdaratio": 0.4175013179,
    "operatingIncome": 1677000000,
    "operatingIncomeRatio": 0.2946758039,
    "totalOtherIncomeExpensesNet": 490000000,
    "incomeBeforeTax": 2167000000,
    "incomeBeforeTaxRatio": 0.3807766649,
    "incomeTaxExpense": 255000000,
    "netIncome": 1901000000,
    "netIncomeRatio": 0.3340361975,
    "eps": 1.16,
    "epsdiluted": 1.16,
    "weightedAverageShsOut": 1632000000,
    "weightedAverageShsOutDil": 1636000000,
    "link": "https://www.sec.gov/Archives/edgar/data/14272/000001427218000197/0000014272-18-000197-index.htm",
    "finalLink": "https://www.sec.gov/Archives/edgar/data/14272/000001427218000197/bmy-20180930x10q.htm"
  },
  {
    "date": "2018-06-30",
    "symbol": "BMY",
    "reportedCurrency": "USD",
    "cik": "0000014272",
    "fillingDate": "2018-07-26",
    "acceptedDate": "2018-07-26 11:32:21",
    "calendarYear": "2018",
    "period": "Q2",
    "revenue": 5704000000,
    "costOfRevenue": 1598000000,
    "grossProfit": 4106000000,
    "grossProfitRatio": 0.7198457223,
    "researchAndDevelopmentExpenses": 2416000000,
    "generalAndAdministrativeExpenses": 0,
    "sellingAndMarketingExpenses": 0,
    "sellingGeneralAndAdministrativeExpenses": 1131000000,
    "otherExpenses": 0,
    "operatingExpenses": 3547000000,
    "costAndExpenses": 5145000000,
    "interestIncome": 0,
    "interestExpense": 45000000,
    "depreciationAndAmortization": 157000000,
    "ebitda": 719000000,
    "ebitdaratio": 0.1260518934,
    "operatingIncome": 559000000,
    "operatingIncomeRatio": 0.0980014025,
    "totalOtherIncomeExpensesNet": -42000000,
    "incomeBeforeTax": 517000000,
    "incomeBeforeTaxRatio": 0.0906381487,
    "incomeTaxExpense": 135000000,
    "netIncome": 373000000,
    "netIncomeRatio": 0.0653927069,
    "eps": 0.23,
    "epsdiluted": 0.23,
    "weightedAverageShsOut": 1633000000,
    "weightedAverageShsOutDil": 1636000000,
    "link": "https://www.sec.gov/Archives/edgar/data/14272/000001427218000160/0000014272-18-000160-index.htm",
    "finalLink": "https://www.sec.gov/Archives/edgar/data/14272/000001427218000160/bmy-20180630x10q.htm"
  },
  {
    "date": "2018-03-31",
    "symbol": "BMY",
    "reportedCurrency": "USD",
    "cik": "0000014272",
    "fillingDate": "2018-04-26",
    "acceptedDate": "2018-04-26 12:08:19",
    "calendarYear": "2018",
    "period": "Q1",
    "revenue": 5193000000,
    "costOfRevenue": 1591000000,
    "grossProfit": 3602000000,
    "grossProfitRatio": 0.693626035,
    "researchAndDevelopmentExpenses": 1230000000,
    "generalAndAdministrativeExpenses": 0,
    "sellingAndMarketingExpenses": 0,
    "sellingGeneralAndAdministrativeExpenses": 979000000,
    "otherExpenses": 0,
    "operatingExpenses": 2209000000,
    "costAndExpenses": 3800000000,
    "interestIncome": 0,
    "interestExpense": 46000000,
    "depreciationAndAmortization": 143000000,
    "ebitda": 1968000000,
    "ebitdaratio": 0.3789716927,
    "operatingIncome": 1393000000,
    "operatingIncomeRatio": 0.2682457154,
    "totalOtherIncomeExpensesNet": 386000000,
    "incomeBeforeTax": 1779000000,
    "incomeBeforeTaxRatio": 0.3425765453,
    "incomeTaxExpense": 284000000,
    "netIncome": 1486000000,
    "netIncomeRatio": 0.2861544387,
    "eps": 0.91,
    "epsdiluted": 0.91,
    "weightedAverageShsOut": 1633000000,
    "weightedAverageShsOutDil": 1640000000,
    "link": "https://www.sec.gov/Archives/edgar/data/14272/000001427218000117/0000014272-18-000117-index.htm",
    "finalLink": "https://www.sec.gov/Archives/edgar/data/14272/000001427218000117/bmy-20180331x10q.htm"
  },
  {
    "date": "2017-12-31",
    "symbol": "BMY",
    "reportedCurrency": "USD",
    "cik": "0000014272",
    "fillingDate": "2018-02-13",
    "acceptedDate": "2018-02-13 09:26:31",
    "calendarYear": "2017",
    "period": "Q4",
    "revenue": 5449000000,
    "costOfRevenue": 1693000000,
    "grossProfit": 3756000000,
    "grossProfitRatio": 0.6893007891,
    "researchAndDevelopmentExpenses": 1411000000,
    "generalAndAdministrativeExpenses": 0,
    "sellingAndMarketingExpenses": 0,
    "sellingGeneralAndAdministrativeExpenses": 1316000000,
    "otherExpenses": 0,
    "operatingExpenses": 2727000000,
    "costAndExpenses": 4420000000,
    "interestIncome": 0,
    "interestExpense": 51000000,
    "depreciationAndAmortization": 197000000,
    "ebitda": 946000000,
    "ebitdaratio": 0.1736098367,
    "operatingIncome": 1029000000,
    "operatingIncomeRatio": 0.1888419894,
    "totalOtherIncomeExpensesNet": -331000000,
    "incomeBeforeTax": 698000000,
    "incomeBeforeTaxRatio": 0.1280968985,
    "incomeTaxExpense": 3027000000,
    "netIncome": -2328000000,
    "netIncomeRatio": -0.4272343549,
    "eps": -1.42,
    "epsdiluted": -1.42,
    "weightedAverageShsOut": 1636000000,
    "weightedAverageShsOutDil": 1643000000,
    "link": "https://www.sec.gov/Archives/edgar/data/14272/000001427218000055/0000014272-18-000055-index.htm",
    "finalLink": "https://www.sec.gov/Archives/edgar/data/14272/000001427218000055/bmy-20171231x10xk.htm"
  },
  {
    "date": "2017-09-30",
    "symbol": "BMY",
    "reportedCurrency": "USD",
    "cik": "0000014272",
    "fillingDate": "2017-10-26",
    "acceptedDate": "2017-10-26 11:27:47",
    "calendarYear": "2017",
    "period": "Q3",
    "revenue": 5254000000,
    "costOfRevenue": 1564000000,
    "grossProfit": 3690000000,
    "grossProfitRatio": 0.7023220404,
    "researchAndDevelopmentExpenses": 1479000000,
    "generalAndAdministrativeExpenses": 0,
    "sellingAndMarketingExpenses": 0,
    "sellingGeneralAndAdministrativeExpenses": 1147000000,
    "otherExpenses": 0,
    "operatingExpenses": 2626000000,
    "costAndExpenses": 4190000000,
    "interestIncome": 0,
    "interestExpense": 48000000,
    "depreciationAndAmortization": 188000000,
    "ebitda": 1419000000,
    "ebitdaratio": 0.2700799391,
    "operatingIncome": 1064000000,
    "operatingIncomeRatio": 0.2025123715,
    "totalOtherIncomeExpensesNet": 119000000,
    "incomeBeforeTax": 1183000000,
    "incomeBeforeTaxRatio": 0.2251617815,
    "incomeTaxExpense": 327000000,
    "netIncome": 845000000,
    "netIncomeRatio": 0.1608298439,
    "eps": 0.52,
    "epsdiluted": 0.51,
    "weightedAverageShsOut": 1639000000,
    "weightedAverageShsOutDil": 1645000000,
    "link": "https://www.sec.gov/Archives/edgar/data/14272/000001427217000195/0000014272-17-000195-index.htm",
    "finalLink": "https://www.sec.gov/Archives/edgar/data/14272/000001427217000195/bmy-20170930x10q.htm"
  },
  {
    "date": "2017-06-30",
    "symbol": "BMY",
    "reportedCurrency": "USD",
    "cik": "0000014272",
    "fillingDate": "2017-07-27",
    "acceptedDate": "2017-07-27 11:23:30",
    "calendarYear": "2017",
    "period": "Q2",
    "revenue": 5144000000,
    "costOfRevenue": 1387000000,
    "grossProfit": 3757000000,
    "grossProfitRatio": 0.7303654743,
    "researchAndDevelopmentExpenses": 1088000000,
    "generalAndAdministrativeExpenses": 0,
    "sellingAndMarketingExpenses": 0,
    "sellingGeneralAndAdministrativeExpenses": 1167000000,
    "otherExpenses": 0,
    "operatingExpenses": 2255000000,
    "costAndExpenses": 3642000000,
    "interestIncome": 0,
    "interestExpense": 52000000,
    "depreciationAndAmortization": 211000000,
    "ebitda": 1558000000,
    "ebitdaratio": 0.3028771384,
    "operatingIncome": 1502000000,
    "operatingIncomeRatio": 0.2919906687,
    "totalOtherIncomeExpensesNet": -207000000,
    "incomeBeforeTax": 1295000000,
    "incomeBeforeTaxRatio": 0.2517496112,
    "incomeTaxExpense": 373000000,
    "netIncome": 916000000,
    "netIncomeRatio": 0.1780715397,
    "eps": 0.56,
    "epsdiluted": 0.56,
    "weightedAverageShsOut": 1644000000,
    "weightedAverageShsOutDil": 1650000000,
    "link": "https://www.sec.gov/Archives/edgar/data/14272/000001427217000165/0000014272-17-000165-index.htm",
    "finalLink": "https://www.sec.gov/Archives/edgar/data/14272/000001427217000165/bmy-20170630x10q.htm"
  },
  {
    "date": "2017-03-31",
    "symbol": "BMY",
    "reportedCurrency": "USD",
    "cik": "0000014272",
    "fillingDate": "2017-04-27",
    "acceptedDate": "2017-04-27 11:29:01",
    "calendarYear": "2017",
    "period": "Q1",
    "revenue": 4929000000,
    "costOfRevenue": 1219000000,
    "grossProfit": 3710000000,
    "grossProfitRatio": 0.752688172,
    "researchAndDevelopmentExpenses": 1021000000,
    "generalAndAdministrativeExpenses": 0,
    "sellingAndMarketingExpenses": 0,
    "sellingGeneralAndAdministrativeExpenses": 1074000000,
    "otherExpenses": 0,
    "operatingExpenses": 2095000000,
    "costAndExpenses": 3314000000,
    "interestIncome": 0,
    "interestExpense": 45000000,
    "depreciationAndAmortization": 193000000,
    "ebitda": 2193000000,
    "ebitdaratio": 0.4449178332,
    "operatingIncome": 1615000000,
    "operatingIncomeRatio": 0.3276526679,
    "totalOtherIncomeExpensesNet": 340000000,
    "incomeBeforeTax": 1955000000,
    "incomeBeforeTaxRatio": 0.3966321769,
    "incomeTaxExpense": 429000000,
    "netIncome": 1574000000,
    "netIncomeRatio": 0.3193345506,
    "eps": 0.95,
    "epsdiluted": 0.94,
    "weightedAverageShsOut": 1662000000,
    "weightedAverageShsOutDil": 1671000000,
    "link": "https://www.sec.gov/Archives/edgar/data/14272/000001427217000132/0000014272-17-000132-index.htm",
    "finalLink": "https://www.sec.gov/Archives/edgar/data/14272/000001427217000132/bmy-20170331x10q.htm"
  },
  {
    "date": "2016-12-31",
    "symbol": "BMY",
    "reportedCurrency": "USD",
    "cik": "0000014272",
    "fillingDate": "2017-02-21",
    "acceptedDate": "2017-02-21 12:04:14",
    "calendarYear": "2016",
    "period": "Q4",
    "revenue": 5243000000,
    "costOfRevenue": 1571000000,
    "grossProfit": 3672000000,
    "grossProfitRatio": 0.7003623879,
    "researchAndDevelopmentExpenses": 1214000000,
    "generalAndAdministrativeExpenses": 0,
    "sellingAndMarketingExpenses": 0,
    "sellingGeneralAndAdministrativeExpenses": 1461000000,
    "otherExpenses": 0,
    "operatingExpenses": 2675000000,
    "costAndExpenses": 4246000000,
    "interestIncome": 0,
    "interestExpense": 40000000,
    "depreciationAndAmortization": 122000000,
    "ebitda": 1248000000,
    "ebitdaratio": 0.2380316613,
    "operatingIncome": 997000000,
    "operatingIncomeRatio": 0.1901583063,
    "totalOtherIncomeExpensesNet": 89000000,
    "incomeBeforeTax": 1086000000,
    "incomeBeforeTaxRatio": 0.2071333206,
    "incomeTaxExpense": 188000000,
    "netIncome": 894000000,
    "netIncomeRatio": 0.170513065,
    "eps": 0.53,
    "epsdiluted": 0.53,
    "weightedAverageShsOut": 1672000000,
    "weightedAverageShsOutDil": 1680000000,
    "link": "https://www.sec.gov/Archives/edgar/data/14272/000001427217000047/0000014272-17-000047-index.htm",
    "finalLink": "https://www.sec.gov/Archives/edgar/data/14272/000001427217000047/bmy-20161231x10xk.htm"
  },
  {
    "date": "2016-09-30",
    "symbol": "BMY",
    "reportedCurrency": "USD",
    "cik": "0000014272",
    "fillingDate": "2016-10-27",
    "acceptedDate": "2016-10-27 11:35:27",
    "calendarYear": "2016",
    "period": "Q3",
    "revenue": 4922000000,
    "costOfRevenue": 1305000000,
    "grossProfit": 3617000000,
    "grossProfitRatio": 0.7348638765,
    "researchAndDevelopmentExpenses": 1138000000,
    "generalAndAdministrativeExpenses": 0,
    "sellingAndMarketingExpenses": 0,
    "sellingGeneralAndAdministrativeExpenses": 1144000000,
    "otherExpenses": 0,
    "operatingExpenses": 2282000000,
    "costAndExpenses": 3587000000,
    "interestIncome": 0,
    "interestExpense": 42000000,
    "depreciationAndAmortization": 105000000,
    "ebitda": 1706000000,
    "ebitdaratio": 0.3466070703,
    "operatingIncome": 1335000000,
    "operatingIncomeRatio": 0.2712312068,
    "totalOtherIncomeExpensesNet": 224000000,
    "incomeBeforeTax": 1559000000,
    "incomeBeforeTaxRatio": 0.3167411621,
    "incomeTaxExpense": 344000000,
    "netIncome": 1202000000,
    "netIncomeRatio": 0.2442096709,
    "eps": 0.72,
    "epsdiluted": 0.72,
    "weightedAverageShsOut": 1671000000,
    "weightedAverageShsOutDil": 1679000000,
    "link": "https://www.sec.gov/Archives/edgar/data/14272/000001427216000491/0000014272-16-000491-index.htm",
    "finalLink": "https://www.sec.gov/Archives/edgar/data/14272/000001427216000491/bmy-20160930x10q.htm"
  },
  {
    "date": "2016-06-30",
    "symbol": "BMY",
    "reportedCurrency": "USD",
    "cik": "0000014272",
    "fillingDate": "2016-07-28",
    "acceptedDate": "2016-07-28 11:32:27",
    "calendarYear": "2016",
    "period": "Q2",
    "revenue": 4871000000,
    "costOfRevenue": 1206000000,
    "grossProfit": 3665000000,
    "grossProfitRatio": 0.7524122357,
    "researchAndDevelopmentExpenses": 1266000000,
    "generalAndAdministrativeExpenses": 25000000,
    "sellingAndMarketingExpenses": 1238000000,
    "sellingGeneralAndAdministrativeExpenses": 1263000000,
    "otherExpenses": 0,
    "operatingExpenses": 2529000000,
    "costAndExpenses": 3735000000,
    "interestIncome": 0,
    "interestExpense": 42000000,
    "depreciationAndAmortization": 90000000,
    "ebitda": 1747000000,
    "ebitdaratio": 0.358653254,
    "operatingIncome": 1136000000,
    "operatingIncomeRatio": 0.2332169986,
    "totalOtherIncomeExpensesNet": 479000000,
    "incomeBeforeTax": 1615000000,
    "incomeBeforeTaxRatio": 0.3315540957,
    "incomeTaxExpense": 427000000,
    "netIncome": 1166000000,
    "netIncomeRatio": 0.2393758982,
    "eps": 0.7,
    "epsdiluted": 0.69,
    "weightedAverageShsOut": 1670000000,
    "weightedAverageShsOutDil": 1679000000,
    "link": "https://www.sec.gov/Archives/edgar/data/14272/000001427216000461/0000014272-16-000461-index.htm",
    "finalLink": "https://www.sec.gov/Archives/edgar/data/14272/000001427216000461/bmy-20160630x10q.htm"
  },
  {
    "date": "2016-03-31",
    "symbol": "BMY",
    "reportedCurrency": "USD",
    "cik": "0000014272",
    "fillingDate": "2016-04-28",
    "acceptedDate": "2016-04-28 11:32:42",
    "calendarYear": "2016",
    "period": "Q1",
    "revenue": 4391000000,
    "costOfRevenue": 1052000000,
    "grossProfit": 3339000000,
    "grossProfitRatio": 0.7604190389,
    "researchAndDevelopmentExpenses": 1136000000,
    "generalAndAdministrativeExpenses": 22000000,
    "sellingAndMarketingExpenses": 1068000000,
    "sellingGeneralAndAdministrativeExpenses": 1090000000,
    "otherExpenses": 0,
    "operatingExpenses": 2226000000,
    "costAndExpenses": 3278000000,
    "interestIncome": 0,
    "interestExpense": 43000000,
    "depreciationAndAmortization": 65000000,
    "ebitda": 1763000000,
    "ebitdaratio": 0.4015030745,
    "operatingIncome": 1113000000,
    "operatingIncomeRatio": 0.253473013,
    "totalOtherIncomeExpensesNet": 542000000,
    "incomeBeforeTax": 1655000000,
    "incomeBeforeTaxRatio": 0.3769073104,
    "incomeTaxExpense": 449000000,
    "netIncome": 1195000000,
    "netIncomeRatio": 0.2721475746,
    "eps": 0.72,
    "epsdiluted": 0.71,
    "weightedAverageShsOut": 1669000000,
    "weightedAverageShsOutDil": 1680000000,
    "link": "https://www.sec.gov/Archives/edgar/data/14272/000001427216000399/0000014272-16-000399-index.htm",
    "finalLink": "https://www.sec.gov/Archives/edgar/data/14272/000001427216000399/bmy-20160331x10q.htm"
  },
  {
    "date": "2015-12-31",
    "symbol": "BMY",
    "reportedCurrency": "USD",
    "cik": "0000014272",
    "fillingDate": "2016-02-12",
    "acceptedDate": "2016-02-12 08:02:37",
    "calendarYear": "2015",
    "period": "Q4",
    "revenue": 4287000000,
    "costOfRevenue": 952000000,
    "grossProfit": 3335000000,
    "grossProfitRatio": 0.7779332867,
    "researchAndDevelopmentExpenses": 1916000000,
    "generalAndAdministrativeExpenses": 49000000,
    "sellingAndMarketingExpenses": 1501000000,
    "sellingGeneralAndAdministrativeExpenses": 1550000000,
    "otherExpenses": 0,
    "operatingExpenses": 3466000000,
    "costAndExpenses": 4418000000,
    "interestIncome": 0,
    "interestExpense": 43000000,
    "depreciationAndAmortization": 76000000,
    "ebitda": -291000000,
    "ebitdaratio": -0.0678796361,
    "operatingIncome": -131000000,
    "operatingIncomeRatio": -0.0305574994,
    "totalOtherIncomeExpensesNet": -279000000,
    "incomeBeforeTax": -410000000,
    "incomeBeforeTaxRatio": -0.0956379753,
    "incomeTaxExpense": -222000000,
    "netIncome": -197000000,
    "netIncomeRatio": -0.0459528808,
    "eps": -0.12,
    "epsdiluted": -0.12,
    "weightedAverageShsOut": 1649087560,
    "weightedAverageShsOutDil": 1669000000,
    "link": "https://www.sec.gov/Archives/edgar/data/14272/000001427216000288/0000014272-16-000288-index.htm",
    "finalLink": "https://www.sec.gov/Archives/edgar/data/14272/000001427216000288/bmy-20151231x10xk.htm"
  },
  {
    "date": "2015-09-30",
    "symbol": "BMY",
    "reportedCurrency": "USD",
    "cik": "0000014272",
    "fillingDate": "2015-10-27",
    "acceptedDate": "2015-10-27 12:36:09",
    "calendarYear": "2015",
    "period": "Q3",
    "revenue": 4069000000,
    "costOfRevenue": 1097000000,
    "grossProfit": 2972000000,
    "grossProfitRatio": 0.7304005898,
    "researchAndDevelopmentExpenses": 1132000000,
    "generalAndAdministrativeExpenses": 48000000,
    "sellingAndMarketingExpenses": 1176000000,
    "sellingGeneralAndAdministrativeExpenses": 1224000000,
    "otherExpenses": 0,
    "operatingExpenses": 2356000000,
    "costAndExpenses": 3453000000,
    "interestIncome": 0,
    "interestExpense": 41000000,
    "depreciationAndAmortization": 105000000,
    "ebitda": 1133000000,
    "ebitdaratio": 0.2784467928,
    "operatingIncome": 616000000,
    "operatingIncomeRatio": 0.1513885476,
    "totalOtherIncomeExpensesNet": 371000000,
    "incomeBeforeTax": 987000000,
    "incomeBeforeTaxRatio": 0.242565741,
    "incomeTaxExpense": 257000000,
    "netIncome": 706000000,
    "netIncomeRatio": 0.1735070042,
    "eps": 0.42,
    "epsdiluted": 0.42,
    "weightedAverageShsOut": 1668000000,
    "weightedAverageShsOutDil": 1678000000,
    "link": "https://www.sec.gov/Archives/edgar/data/14272/000001427215000235/0000014272-15-000235-index.htm",
    "finalLink": "https://www.sec.gov/Archives/edgar/data/14272/000001427215000235/bmy-20150930x10q.htm"
  },
  {
    "date": "2015-06-30",
    "symbol": "BMY",
    "reportedCurrency": "USD",
    "cik": "0000014272",
    "fillingDate": "2015-07-23",
    "acceptedDate": "2015-07-23 11:35:16",
    "calendarYear": "2015",
    "period": "Q2",
    "revenue": 4163000000,
    "costOfRevenue": 1013000000,
    "grossProfit": 3150000000,
    "grossProfitRatio": 0.756665866,
    "researchAndDevelopmentExpenses": 1856000000,
    "generalAndAdministrativeExpenses": 36000000,
    "sellingAndMarketingExpenses": 1135000000,
    "sellingGeneralAndAdministrativeExpenses": 1171000000,
    "otherExpenses": 0,
    "operatingExpenses": 3027000000,
    "costAndExpenses": 4040000000,
    "interestIncome": 0,
    "interestExpense": 49000000,
    "depreciationAndAmortization": 91000000,
    "ebitda": 192000000,
    "ebitdaratio": 0.0461205861,
    "operatingIncome": 123000000,
    "operatingIncomeRatio": 0.0295460005,
    "totalOtherIncomeExpensesNet": -71000000,
    "incomeBeforeTax": 52000000,
    "incomeBeforeTaxRatio": 0.0124909921,
    "incomeTaxExpense": 162000000,
    "netIncome": -130000000,
    "netIncomeRatio": -0.0312274802,
    "eps": -0.08,
    "epsdiluted": -0.078,
    "weightedAverageShsOut": 1625000000,
    "weightedAverageShsOutDil": 1667000000,
    "link": "https://www.sec.gov/Archives/edgar/data/14272/000001427215000212/0000014272-15-000212-index.htm",
    "finalLink": "https://www.sec.gov/Archives/edgar/data/14272/000001427215000212/bmy-20150630x10q.htm"
  },
  {
    "date": "2015-03-31",
    "symbol": "BMY",
    "reportedCurrency": "USD",
    "cik": "0000014272",
    "fillingDate": "2015-04-28",
    "acceptedDate": "2015-04-28 07:36:01",
    "calendarYear": "2015",
    "period": "Q1",
    "revenue": 4041000000,
    "costOfRevenue": 847000000,
    "grossProfit": 3194000000,
    "grossProfitRatio": 0.7903984162,
    "researchAndDevelopmentExpenses": 1016000000,
    "generalAndAdministrativeExpenses": 27000000,
    "sellingAndMarketingExpenses": 1029000000,
    "sellingGeneralAndAdministrativeExpenses": 1056000000,
    "otherExpenses": 0,
    "operatingExpenses": 2072000000,
    "costAndExpenses": 2919000000,
    "interestIncome": 0,
    "interestExpense": 51000000,
    "depreciationAndAmortization": 104000000,
    "ebitda": 1603000000,
    "ebitdaratio": 0.3966839891,
    "operatingIncome": 1122000000,
    "operatingIncomeRatio": 0.277654046,
    "totalOtherIncomeExpensesNet": 326000000,
    "incomeBeforeTax": 1448000000,
    "incomeBeforeTaxRatio": 0.3583271467,
    "incomeTaxExpense": 249000000,
    "netIncome": 1186000000,
    "netIncomeRatio": 0.29349171,
    "eps": 0.71,
    "epsdiluted": 0.71,
    "weightedAverageShsOut": 1663000000,
    "weightedAverageShsOutDil": 1676000000,
    "link": "https://www.sec.gov/Archives/edgar/data/14272/000001427215000178/0000014272-15-000178-index.htm",
    "finalLink": "https://www.sec.gov/Archives/edgar/data/14272/000001427215000178/bmy-20150331x10q.htm"
  },
  {
    "date": "2014-12-31",
    "symbol": "BMY",
    "reportedCurrency": "USD",
    "cik": "0000014272",
    "fillingDate": "2015-02-13",
    "acceptedDate": "2015-02-13 09:38:42",
    "calendarYear": "2014",
    "period": "Q4",
    "revenue": 4258000000,
    "costOfRevenue": 966000000,
    "grossProfit": 3292000000,
    "grossProfitRatio": 0.7731329263,
    "researchAndDevelopmentExpenses": 1189000000,
    "generalAndAdministrativeExpenses": 740000000,
    "sellingAndMarketingExpenses": 1364000000,
    "sellingGeneralAndAdministrativeExpenses": 2104000000,
    "otherExpenses": 0,
    "operatingExpenses": 3293000000,
    "costAndExpenses": 4259000000,
    "interestIncome": 0,
    "interestExpense": 53000000,
    "depreciationAndAmortization": 103000000,
    "ebitda": 96000000,
    "ebitdaratio": 0.0225457961,
    "operatingIncome": -1000000,
    "operatingIncomeRatio": -0.000234852,
    "totalOtherIncomeExpensesNet": -59000000,
    "incomeBeforeTax": -60000000,
    "incomeBeforeTaxRatio": -0.0140911226,
    "incomeTaxExpense": -87000000,
    "netIncome": 13000000,
    "netIncomeRatio": 0.0030530766,
    "eps": 0.0078,
    "epsdiluted": 0.0078,
    "weightedAverageShsOut": 1660000000,
    "weightedAverageShsOutDil": 1673000000,
    "link": "https://www.sec.gov/Archives/edgar/data/14272/000001427215000055/0000014272-15-000055-index.htm",
    "finalLink": "https://www.sec.gov/Archives/edgar/data/14272/000001427215000055/bmy-20141231x10xk.htm"
  },
  {
    "date": "2014-09-30",
    "symbol": "BMY",
    "reportedCurrency": "USD",
    "cik": "0000014272",
    "fillingDate": "2014-10-24",
    "acceptedDate": "2014-10-24 11:16:25",
    "calendarYear": "2014",
    "period": "Q3",
    "revenue": 3921000000,
    "costOfRevenue": 1007000000,
    "grossProfit": 2914000000,
    "grossProfitRatio": 0.7431777608,
    "researchAndDevelopmentExpenses": 983000000,
    "generalAndAdministrativeExpenses": 28000000,
    "sellingAndMarketingExpenses": 1200000000,
    "sellingGeneralAndAdministrativeExpenses": 1228000000,
    "otherExpenses": 0,
    "operatingExpenses": 2211000000,
    "costAndExpenses": 3218000000,
    "interestIncome": 0,
    "interestExpense": 50000000,
    "depreciationAndAmortization": 112000000,
    "ebitda": 1170000000,
    "ebitdaratio": 0.298393267,
    "operatingIncome": 703000000,
    "operatingIncomeRatio": 0.1792909972,
    "totalOtherIncomeExpensesNet": 305000000,
    "incomeBeforeTax": 1008000000,
    "incomeBeforeTaxRatio": 0.2570772762,
    "incomeTaxExpense": 276000000,
    "netIncome": 721000000,
    "netIncomeRatio": 0.1838816628,
    "eps": 0.43,
    "epsdiluted": 0.43,
    "weightedAverageShsOut": 1658000000,
    "weightedAverageShsOutDil": 1670000000,
    "link": "https://www.sec.gov/Archives/edgar/data/14272/000001427214000257/0000014272-14-000257-index.htm",
    "finalLink": "https://www.sec.gov/Archives/edgar/data/14272/000001427214000257/bmy-20140930x10q.htm"
  },
  {
    "date": "2014-06-30",
    "symbol": "BMY",
    "reportedCurrency": "USD",
    "cik": "0000014272",
    "fillingDate": "2014-07-24",
    "acceptedDate": "2014-07-24 11:18:20",
    "calendarYear": "2014",
    "period": "Q2",
    "revenue": 3889000000,
    "costOfRevenue": 991000000,
    "grossProfit": 2898000000,
    "grossProfitRatio": 0.7451787092,
    "researchAndDevelopmentExpenses": 1416000000,
    "generalAndAdministrativeExpenses": 45000000,
    "sellingAndMarketingExpenses": 1138000000,
    "sellingGeneralAndAdministrativeExpenses": 1183000000,
    "otherExpenses": 0,
    "operatingExpenses": 2599000000,
    "costAndExpenses": 3590000000,
    "interestIncome": 0,
    "interestExpense": 46000000,
    "depreciationAndAmortization": 115000000,
    "ebitda": 609000000,
    "ebitdaratio": 0.1565955258,
    "operatingIncome": 299000000,
    "operatingIncomeRatio": 0.0768835176,
    "totalOtherIncomeExpensesNet": 149000000,
    "incomeBeforeTax": 448000000,
    "incomeBeforeTaxRatio": 0.1151967087,
    "incomeTaxExpense": 114000000,
    "netIncome": 333000000,
    "netIncomeRatio": 0.085626125,
    "eps": 0.2,
    "epsdiluted": 0.2,
    "weightedAverageShsOut": 1657000000,
    "weightedAverageShsOutDil": 1669000000,
    "link": "https://www.sec.gov/Archives/edgar/data/14272/000001427214000214/0000014272-14-000214-index.htm",
    "finalLink": "https://www.sec.gov/Archives/edgar/data/14272/000001427214000214/bmy-20140630x10q.htm"
  },
  {
    "date": "2014-03-31",
    "symbol": "BMY",
    "reportedCurrency": "USD",
    "cik": "0000014272",
    "fillingDate": "2014-04-29",
    "acceptedDate": "2014-04-29 09:49:04",
    "calendarYear": "2014",
    "period": "Q1",
    "revenue": 3811000000,
    "costOfRevenue": 968000000,
    "grossProfit": 2843000000,
    "grossProfitRatio": 0.7459984256,
    "researchAndDevelopmentExpenses": 946000000,
    "generalAndAdministrativeExpenses": 64000000,
    "sellingAndMarketingExpenses": 1120000000,
    "sellingGeneralAndAdministrativeExpenses": 1184000000,
    "otherExpenses": 0,
    "operatingExpenses": 2130000000,
    "costAndExpenses": 3098000000,
    "interestIncome": 0,
    "interestExpense": 54000000,
    "depreciationAndAmortization": 137000000,
    "ebitda": 1176000000,
    "ebitdaratio": 0.3085804251,
    "operatingIncome": 713000000,
    "operatingIncomeRatio": 0.1870900026,
    "totalOtherIncomeExpensesNet": 272000000,
    "incomeBeforeTax": 985000000,
    "incomeBeforeTaxRatio": 0.2584623458,
    "incomeTaxExpense": 49000000,
    "netIncome": 937000000,
    "netIncomeRatio": 0.2458672264,
    "eps": 0.57,
    "epsdiluted": 0.56,
    "weightedAverageShsOut": 1652000000,
    "weightedAverageShsOutDil": 1666000000,
    "link": "https://www.sec.gov/Archives/edgar/data/14272/000001427214000175/0000014272-14-000175-index.htm",
    "finalLink": "https://www.sec.gov/Archives/edgar/data/14272/000001427214000175/bmy-20140331x10q.htm"
  },
  {
    "date": "2013-12-31",
    "symbol": "BMY",
    "reportedCurrency": "USD",
    "cik": "0000014272",
    "fillingDate": "2014-02-14",
    "acceptedDate": "2014-02-14 09:37:38",
    "calendarYear": "2013",
    "period": "Q4",
    "revenue": 4441000000,
    "costOfRevenue": 1273000000,
    "grossProfit": 3168000000,
    "grossProfitRatio": 0.7133528485,
    "researchAndDevelopmentExpenses": 957000000,
    "generalAndAdministrativeExpenses": 27000000,
    "sellingAndMarketingExpenses": 1322000000,
    "sellingGeneralAndAdministrativeExpenses": 1349000000,
    "otherExpenses": 0,
    "operatingExpenses": 2306000000,
    "costAndExpenses": 3579000000,
    "interestIncome": 0,
    "interestExpense": 53000000,
    "depreciationAndAmortization": 181000000,
    "ebitda": 1103000000,
    "ebitdaratio": 0.2483674848,
    "operatingIncome": 862000000,
    "operatingIncomeRatio": 0.1941004278,
    "totalOtherIncomeExpensesNet": 7000000,
    "incomeBeforeTax": 869000000,
    "incomeBeforeTaxRatio": 0.1956766494,
    "incomeTaxExpense": 134000000,
    "netIncome": 726000000,
    "netIncomeRatio": 0.1634766944,
    "eps": 0.44,
    "epsdiluted": 0.44,
    "weightedAverageShsOut": 1648000000,
    "weightedAverageShsOutDil": 1666000000,
    "link": "https://www.sec.gov/Archives/edgar/data/14272/000001427214000054/0000014272-14-000054-index.htm",
    "finalLink": "https://www.sec.gov/Archives/edgar/data/14272/000001427214000054/bmy-20131231x10xk.htm"
  },
  {
    "date": "2013-09-30",
    "symbol": "BMY",
    "reportedCurrency": "USD",
    "cik": "0000014272",
    "fillingDate": "2013-10-23",
    "acceptedDate": "2013-10-23 10:50:53",
    "calendarYear": "2013",
    "period": "Q3",
    "revenue": 4065000000,
    "costOfRevenue": 1175000000,
    "grossProfit": 2890000000,
    "grossProfitRatio": 0.7109471095,
    "researchAndDevelopmentExpenses": 893000000,
    "generalAndAdministrativeExpenses": 37000000,
    "sellingAndMarketingExpenses": 1174000000,
    "sellingGeneralAndAdministrativeExpenses": 1211000000,
    "otherExpenses": 0,
    "operatingExpenses": 2104000000,
    "costAndExpenses": 3279000000,
    "interestIncome": 0,
    "interestExpense": 46000000,
    "depreciationAndAmortization": 180000000,
    "ebitda": 1044000000,
    "ebitdaratio": 0.2568265683,
    "operatingIncome": 786000000,
    "operatingIncomeRatio": 0.1933579336,
    "totalOtherIncomeExpensesNet": 32000000,
    "incomeBeforeTax": 818000000,
    "incomeBeforeTaxRatio": 0.2012300123,
    "incomeTaxExpense": 126000000,
    "netIncome": 692000000,
    "netIncomeRatio": 0.1702337023,
    "eps": 0.42,
    "epsdiluted": 0.42,
    "weightedAverageShsOut": 1646000000,
    "weightedAverageShsOutDil": 1662000000,
    "link": "https://www.sec.gov/Archives/edgar/data/14272/000001427213000029/0000014272-13-000029-index.htm",
    "finalLink": "https://www.sec.gov/Archives/edgar/data/14272/000001427213000029/bmy-20130930x10q.htm"
  },
  {
    "date": "2013-06-30",
    "symbol": "BMY",
    "reportedCurrency": "USD",
    "cik": "0000014272",
    "fillingDate": "2013-07-25",
    "acceptedDate": "2013-07-25 11:31:51",
    "calendarYear": "2013",
    "period": "Q2",
    "revenue": 4048000000,
    "costOfRevenue": 1108000000,
    "grossProfit": 2940000000,
    "grossProfitRatio": 0.726284585,
    "researchAndDevelopmentExpenses": 951000000,
    "generalAndAdministrativeExpenses": 101000000,
    "sellingAndMarketingExpenses": 1260000000,
    "sellingGeneralAndAdministrativeExpenses": 1361000000,
    "otherExpenses": 0,
    "operatingExpenses": 2312000000,
    "costAndExpenses": 3420000000,
    "interestIncome": 0,
    "interestExpense": 50000000,
    "depreciationAndAmortization": 189000000,
    "ebitda": 769000000,
    "ebitdaratio": 0.1899703557,
    "operatingIncome": 628000000,
    "operatingIncomeRatio": 0.1551383399,
    "totalOtherIncomeExpensesNet": -98000000,
    "incomeBeforeTax": 530000000,
    "incomeBeforeTaxRatio": 0.1309288538,
    "incomeTaxExpense": 0,
    "netIncome": 536000000,
    "netIncomeRatio": 0.1324110672,
    "eps": 0.33,
    "epsdiluted": 0.32,
    "weightedAverageShsOut": 1644000000,
    "weightedAverageShsOutDil": 1660000000,
    "link": "https://www.sec.gov/Archives/edgar/data/14272/000001427213000005/0000014272-13-000005-index.htm",
    "finalLink": "https://www.sec.gov/Archives/edgar/data/14272/000001427213000005/bmy-20130630x10q.htm"
  },
  {
    "date": "2013-03-31",
    "symbol": "BMY",
    "reportedCurrency": "USD",
    "cik": "0000014272",
    "fillingDate": "2013-04-25",
    "acceptedDate": "2013-04-25 11:28:06",
    "calendarYear": "2013",
    "period": "Q1",
    "revenue": 3831000000,
    "costOfRevenue": 1063000000,
    "grossProfit": 2768000000,
    "grossProfitRatio": 0.7225267554,
    "researchAndDevelopmentExpenses": 930000000,
    "generalAndAdministrativeExpenses": 0,
    "sellingAndMarketingExpenses": 1183000000,
    "sellingGeneralAndAdministrativeExpenses": 1183000000,
    "otherExpenses": 0,
    "operatingExpenses": 2113000000,
    "costAndExpenses": 3176000000,
    "interestIncome": 0,
    "interestExpense": 50000000,
    "depreciationAndAmortization": 213000000,
    "ebitda": 937000000,
    "ebitdaratio": 0.2445836596,
    "operatingIncome": 655000000,
    "operatingIncomeRatio": 0.1709736361,
    "totalOtherIncomeExpensesNet": 19000000,
    "incomeBeforeTax": 674000000,
    "incomeBeforeTaxRatio": 0.1759331767,
    "incomeTaxExpense": 51000000,
    "netIncome": 609000000,
    "netIncomeRatio": 0.1589663273,
    "eps": 0.37,
    "epsdiluted": 0.37,
    "weightedAverageShsOut": 1638000000,
    "weightedAverageShsOutDil": 1655000000,
    "link": "https://www.sec.gov/Archives/edgar/data/14272/000119312513172698/0001193125-13-172698-index.htm",
    "finalLink": "https://www.sec.gov/Archives/edgar/data/14272/000119312513172698/d523130d10q.htm"
  },
  {
    "date": "2012-12-31",
    "symbol": "BMY",
    "reportedCurrency": "USD",
    "cik": "0000014272",
    "fillingDate": "2013-02-15",
    "acceptedDate": "2013-02-15 08:55:25",
    "calendarYear": "2012",
    "period": "Q4",
    "revenue": 4191000000,
    "costOfRevenue": 1075000000,
    "grossProfit": 3116000000,
    "grossProfitRatio": 0.7434979718,
    "researchAndDevelopmentExpenses": 1082000000,
    "generalAndAdministrativeExpenses": 155000000,
    "sellingAndMarketingExpenses": 1355000000,
    "sellingGeneralAndAdministrativeExpenses": 1510000000,
    "otherExpenses": 175000000,
    "operatingExpenses": 2767000000,
    "costAndExpenses": 3667000000,
    "interestIncome": 0,
    "interestExpense": 51000000,
    "depreciationAndAmortization": 199000000,
    "ebitda": 763000000,
    "ebitdaratio": 0.1820567884,
    "operatingIncome": 521000000,
    "operatingIncomeRatio": 0.1243140062,
    "totalOtherIncomeExpensesNet": -8000000,
    "incomeBeforeTax": 513000000,
    "incomeBeforeTaxRatio": 0.1224051539,
    "incomeTaxExpense": -411000000,
    "netIncome": 925000000,
    "netIncomeRatio": 0.2207110475,
    "eps": 0.56,
    "epsdiluted": 0.56,
    "weightedAverageShsOut": 1644000000,
    "weightedAverageShsOutDil": 1662000000,
    "link": "https://www.sec.gov/Archives/edgar/data/14272/000119312513061678/0001193125-13-061678-index.htm",
    "finalLink": "https://www.sec.gov/Archives/edgar/data/14272/000119312513061678/d450621d10k.htm"
  },
  {
    "date": "2012-09-30",
    "symbol": "BMY",
    "reportedCurrency": "USD",
    "cik": "0000014272",
    "fillingDate": "2012-10-24",
    "acceptedDate": "2012-10-24 11:06:28",
    "calendarYear": "2012",
    "period": "Q3",
    "revenue": 3736000000,
    "costOfRevenue": 987000000,
    "grossProfit": 2749000000,
    "grossProfitRatio": 0.7358137045,
    "researchAndDevelopmentExpenses": 951000000,
    "generalAndAdministrativeExpenses": 1071000000,
    "sellingAndMarketingExpenses": 167000000,
    "sellingGeneralAndAdministrativeExpenses": 1238000000,
    "otherExpenses": 0,
    "operatingExpenses": 2189000000,
    "costAndExpenses": 3176000000,
    "interestIncome": 0,
    "interestExpense": 48000000,
    "depreciationAndAmortization": 195000000,
    "ebitda": -1016000000,
    "ebitdaratio": -0.2719486081,
    "operatingIncome": 557000000,
    "operatingIncomeRatio": 0.1490899358,
    "totalOtherIncomeExpensesNet": -1816000000,
    "incomeBeforeTax": -1259000000,
    "incomeBeforeTaxRatio": -0.3369914347,
    "incomeTaxExpense": -546000000,
    "netIncome": -711000000,
    "netIncomeRatio": -0.1903104925,
    "eps": -0.43,
    "epsdiluted": -0.43,
    "weightedAverageShsOut": 1653488372,
    "weightedAverageShsOutDil": 1666000000,
    "link": "https://www.sec.gov/Archives/edgar/data/14272/000119312512432664/0001193125-12-432664-index.htm",
    "finalLink": "https://www.sec.gov/Archives/edgar/data/14272/000119312512432664/d427346d10q.htm"
  },
  {
    "date": "2012-06-30",
    "symbol": "BMY",
    "reportedCurrency": "USD",
    "cik": "0000014272",
    "fillingDate": "2012-07-25",
    "acceptedDate": "2012-07-25 11:24:20",
    "calendarYear": "2012",
    "period": "Q2",
    "revenue": 4443000000,
    "costOfRevenue": 1245000000,
    "grossProfit": 3198000000,
    "grossProfitRatio": 0.7197839298,
    "researchAndDevelopmentExpenses": 962000000,
    "generalAndAdministrativeExpenses": 1004000000,
    "sellingAndMarketingExpenses": 224000000,
    "sellingGeneralAndAdministrativeExpenses": 1228000000,
    "otherExpenses": 0,
    "operatingExpenses": 2190000000,
    "costAndExpenses": 3435000000,
    "interestIncome": 0,
    "interestExpense": 41000000,
    "depreciationAndAmortization": 148000000,
    "ebitda": 1248000000,
    "ebitdaratio": 0.2808912897,
    "operatingIncome": 1008000000,
    "operatingIncomeRatio": 0.226873734,
    "totalOtherIncomeExpensesNet": 51000000,
    "incomeBeforeTax": 1059000000,
    "incomeBeforeTaxRatio": 0.2383524646,
    "incomeTaxExpense": 251000000,
    "netIncome": 645000000,
    "netIncomeRatio": 0.145172181,
    "eps": 0.38,
    "epsdiluted": 0.38,
    "weightedAverageShsOut": 1683000000,
    "weightedAverageShsOutDil": 1701000000,
    "link": "https://www.sec.gov/Archives/edgar/data/14272/000119312512313811/0001193125-12-313811-index.htm",
    "finalLink": "https://www.sec.gov/Archives/edgar/data/14272/000119312512313811/d384115d10q.htm"
  },
  {
    "date": "2012-03-31",
    "symbol": "BMY",
    "reportedCurrency": "USD",
    "cik": "0000014272",
    "fillingDate": "2012-04-26",
    "acceptedDate": "2012-04-26 11:49:15",
    "calendarYear": "2012",
    "period": "Q1",
    "revenue": 5251000000,
    "costOfRevenue": 1303000000,
    "grossProfit": 3948000000,
    "grossProfitRatio": 0.7518567892,
    "researchAndDevelopmentExpenses": 909000000,
    "generalAndAdministrativeExpenses": 1002000000,
    "sellingAndMarketingExpenses": 194000000,
    "sellingGeneralAndAdministrativeExpenses": 1196000000,
    "otherExpenses": 3000000,
    "operatingExpenses": 2108000000,
    "costAndExpenses": 3408000000,
    "interestIncome": 0,
    "interestExpense": 42000000,
    "depreciationAndAmortization": 139000000,
    "ebitda": 2208000000,
    "ebitdaratio": 0.420491335,
    "operatingIncome": 1843000000,
    "operatingIncomeRatio": 0.3509807656,
    "totalOtherIncomeExpensesNet": 184000000,
    "incomeBeforeTax": 2027000000,
    "incomeBeforeTaxRatio": 0.3860217102,
    "incomeTaxExpense": 545000000,
    "netIncome": 1101000000,
    "netIncomeRatio": 0.2096743477,
    "eps": 0.65,
    "epsdiluted": 0.65,
    "weightedAverageShsOut": 1687000000,
    "weightedAverageShsOutDil": 1706000000,
    "link": "https://www.sec.gov/Archives/edgar/data/14272/000119312512184689/0001193125-12-184689-index.htm",
    "finalLink": "https://www.sec.gov/Archives/edgar/data/14272/000119312512184689/d339536d10q.htm"
  },
  {
    "date": "2011-12-31",
    "symbol": "BMY",
    "reportedCurrency": "USD",
    "cik": "0000014272",
    "fillingDate": "2012-02-17",
    "acceptedDate": "2012-02-17 08:44:56",
    "calendarYear": "2011",
    "period": "Q4",
    "revenue": 5454000000,
    "costOfRevenue": 1367000000,
    "grossProfit": 4087000000,
    "grossProfitRatio": 0.7493582692,
    "researchAndDevelopmentExpenses": 1008000000,
    "generalAndAdministrativeExpenses": 1216000000,
    "sellingAndMarketingExpenses": 285000000,
    "sellingGeneralAndAdministrativeExpenses": 1501000000,
    "otherExpenses": 0,
    "operatingExpenses": 2509000000,
    "costAndExpenses": 3876000000,
    "interestIncome": 22000000,
    "interestExpense": 42000000,
    "depreciationAndAmortization": 207000000,
    "ebitda": 1843000000,
    "ebitdaratio": 0.337917125,
    "operatingIncome": 1578000000,
    "operatingIncomeRatio": 0.2893289329,
    "totalOtherIncomeExpensesNet": 16000000,
    "incomeBeforeTax": 1594000000,
    "incomeBeforeTaxRatio": 0.2922625596,
    "incomeTaxExpense": 363000000,
    "netIncome": 852000000,
    "netIncomeRatio": 0.1562156216,
    "eps": 0.5,
    "epsdiluted": 0.5,
    "weightedAverageShsOut": 1691000000,
    "weightedAverageShsOutDil": 1717000000,
    "link": "https://www.sec.gov/Archives/edgar/data/14272/000119312512066416/0001193125-12-066416-index.htm",
    "finalLink": "https://www.sec.gov/Archives/edgar/data/14272/000119312512066416/d302058d10k.htm"
  },
  {
    "date": "2011-09-30",
    "symbol": "BMY",
    "reportedCurrency": "USD",
    "cik": "0000014272",
    "fillingDate": "2011-10-27",
    "acceptedDate": "2011-10-27 12:01:45",
    "calendarYear": "2011",
    "period": "Q3",
    "revenue": 5345000000,
    "costOfRevenue": 1407000000,
    "grossProfit": 3938000000,
    "grossProfitRatio": 0.7367633302,
    "researchAndDevelopmentExpenses": 973000000,
    "generalAndAdministrativeExpenses": 1019000000,
    "sellingAndMarketingExpenses": 205000000,
    "sellingGeneralAndAdministrativeExpenses": 1224000000,
    "otherExpenses": 0,
    "operatingExpenses": 2197000000,
    "costAndExpenses": 3604000000,
    "interestIncome": 23000000,
    "interestExpense": 40000000,
    "depreciationAndAmortization": 86000000,
    "ebitda": 1956000000,
    "ebitdaratio": 0.3659494855,
    "operatingIncome": 1741000000,
    "operatingIncomeRatio": 0.3257249766,
    "totalOtherIncomeExpensesNet": 89000000,
    "incomeBeforeTax": 1830000000,
    "incomeBeforeTaxRatio": 0.3423760524,
    "incomeTaxExpense": 475000000,
    "netIncome": 969000000,
    "netIncomeRatio": 0.1812909261,
    "eps": 0.57,
    "epsdiluted": 0.57,
    "weightedAverageShsOut": 1698000000,
    "weightedAverageShsOutDil": 1715000000,
    "link": "https://www.sec.gov/Archives/edgar/data/14272/000119312511283608/0001193125-11-283608-index.htm",
    "finalLink": "https://www.sec.gov/Archives/edgar/data/14272/000119312511283608/d245935d10q.htm"
  },
  {
    "date": "2011-06-30",
    "symbol": "BMY",
    "reportedCurrency": "USD",
    "cik": "0000014272",
    "fillingDate": "2011-07-28",
    "acceptedDate": "2011-07-28 10:57:05",
    "calendarYear": "2011",
    "period": "Q2",
    "revenue": 5434000000,
    "costOfRevenue": 1481000000,
    "grossProfit": 3953000000,
    "grossProfitRatio": 0.7274567538,
    "researchAndDevelopmentExpenses": 923000000,
    "generalAndAdministrativeExpenses": 1040000000,
    "sellingAndMarketingExpenses": 253000000,
    "sellingGeneralAndAdministrativeExpenses": 1293000000,
    "otherExpenses": 0,
    "operatingExpenses": 2216000000,
    "costAndExpenses": 3697000000,
    "interestIncome": 0,
    "interestExpense": 32000000,
    "depreciationAndAmortization": 206000000,
    "ebitda": 2028000000,
    "ebitdaratio": 0.3732057416,
    "operatingIncome": 1737000000,
    "operatingIncomeRatio": 0.3196540302,
    "totalOtherIncomeExpensesNet": 53000000,
    "incomeBeforeTax": 1790000000,
    "incomeBeforeTaxRatio": 0.3294074347,
    "incomeTaxExpense": 483000000,
    "netIncome": 902000000,
    "netIncomeRatio": 0.1659919028,
    "eps": 0.53,
    "epsdiluted": 0.52,
    "weightedAverageShsOut": 1707000000,
    "weightedAverageShsOutDil": 1722000000,
    "link": "https://www.sec.gov/Archives/edgar/data/14272/000119312511200164/0001193125-11-200164-index.htm",
    "finalLink": "https://www.sec.gov/Archives/edgar/data/14272/000119312511200164/d10q.htm"
  },
  {
    "date": "2011-03-31",
    "symbol": "BMY",
    "reportedCurrency": "USD",
    "cik": "0000014272",
    "fillingDate": "2011-04-28",
    "acceptedDate": "2011-04-28 11:26:13",
    "calendarYear": "2011",
    "period": "Q1",
    "revenue": 5011000000,
    "costOfRevenue": 1343000000,
    "grossProfit": 3668000000,
    "grossProfitRatio": 0.7319896228,
    "researchAndDevelopmentExpenses": 935000000,
    "generalAndAdministrativeExpenses": 928000000,
    "sellingAndMarketingExpenses": 214000000,
    "sellingGeneralAndAdministrativeExpenses": 1142000000,
    "otherExpenses": 0,
    "operatingExpenses": 2077000000,
    "costAndExpenses": 3420000000,
    "interestIncome": 0,
    "interestExpense": 31000000,
    "depreciationAndAmortization": 190000000,
    "ebitda": 1988000000,
    "ebitdaratio": 0.3967272002,
    "operatingIncome": 1591000000,
    "operatingIncomeRatio": 0.3175014967,
    "totalOtherIncomeExpensesNet": 176000000,
    "incomeBeforeTax": 1767000000,
    "incomeBeforeTaxRatio": 0.3526242267,
    "incomeTaxExpense": 400000000,
    "netIncome": 986000000,
    "netIncomeRatio": 0.1967671124,
    "eps": 0.58,
    "epsdiluted": 0.58,
    "weightedAverageShsOut": 1702000000,
    "weightedAverageShsOutDil": 1714000000,
    "link": "https://www.sec.gov/Archives/edgar/data/14272/000119312511113907/0001193125-11-113907-index.htm",
    "finalLink": "https://www.sec.gov/Archives/edgar/data/14272/000119312511113907/d10q.htm"
  },
  {
    "date": "2010-12-31",
    "symbol": "BMY",
    "reportedCurrency": "USD",
    "cik": "0000014272",
    "fillingDate": "2011-02-18",
    "acceptedDate": "2011-02-18 13:34:50",
    "calendarYear": "2010",
    "period": "Q4",
    "revenue": 5111000000,
    "costOfRevenue": 1414000000,
    "grossProfit": 3697000000,
    "grossProfitRatio": 0.7233418118,
    "researchAndDevelopmentExpenses": 1010000000,
    "generalAndAdministrativeExpenses": 997000000,
    "sellingAndMarketingExpenses": 271000000,
    "sellingGeneralAndAdministrativeExpenses": 1268000000,
    "otherExpenses": 284000000,
    "operatingExpenses": 2562000000,
    "costAndExpenses": 3976000000,
    "interestIncome": 21000000,
    "interestExpense": 42000000,
    "depreciationAndAmortization": 198000000,
    "ebitda": 1653000000,
    "ebitdaratio": 0.3234200743,
    "operatingIncome": 1135000000,
    "operatingIncomeRatio": 0.222070045,
    "totalOtherIncomeExpensesNet": 278000000,
    "incomeBeforeTax": 1413000000,
    "incomeBeforeTaxRatio": 0.2764625318,
    "incomeTaxExpense": 571000000,
    "netIncome": 483000000,
    "netIncomeRatio": 0.0945020544,
    "eps": 0.28,
    "epsdiluted": 0.28,
    "weightedAverageShsOut": 1707000000,
    "weightedAverageShsOutDil": 1730000000,
    "link": "https://www.sec.gov/Archives/edgar/data/14272/000119312511040120/0001193125-11-040120-index.htm",
    "finalLink": "https://www.sec.gov/Archives/edgar/data/14272/000119312511040120/d10k.htm"
  },
  {
    "date": "2010-09-30",
    "symbol": "BMY",
    "reportedCurrency": "USD",
    "cik": "0000014272",
    "fillingDate": "2010-10-26",
    "acceptedDate": "2010-10-26 10:29:00",
    "calendarYear": "2010",
    "period": "Q3",
    "revenue": 4798000000,
    "costOfRevenue": 1280000000,
    "grossProfit": 3518000000,
    "grossProfitRatio": 0.7332221759,
    "researchAndDevelopmentExpenses": 824000000,
    "generalAndAdministrativeExpenses": 892000000,
    "sellingAndMarketingExpenses": 231000000,
    "sellingGeneralAndAdministrativeExpenses": 1123000000,
    "otherExpenses": 0,
    "operatingExpenses": 1947000000,
    "costAndExpenses": 3227000000,
    "interestIncome": 23000000,
    "interestExpense": 38000000,
    "depreciationAndAmortization": 168000000,
    "ebitda": 1820000000,
    "ebitdaratio": 0.3793247186,
    "operatingIncome": 1571000000,
    "operatingIncomeRatio": 0.327428095,
    "totalOtherIncomeExpensesNet": 43000000,
    "incomeBeforeTax": 1614000000,
    "incomeBeforeTaxRatio": 0.3363901626,
    "incomeTaxExpense": 312000000,
    "netIncome": 949000000,
    "netIncomeRatio": 0.1977907461,
    "eps": 0.55,
    "epsdiluted": 0.55,
    "weightedAverageShsOut": 1712000000,
    "weightedAverageShsOutDil": 1726000000,
    "link": "https://www.sec.gov/Archives/edgar/data/14272/000119312510236328/0001193125-10-236328-index.htm",
    "finalLink": "https://www.sec.gov/Archives/edgar/data/14272/000119312510236328/d10q.htm"
  },
  {
    "date": "2010-06-30",
    "symbol": "BMY",
    "reportedCurrency": "USD",
    "cik": "0000014272",
    "fillingDate": "2010-07-22",
    "acceptedDate": "2010-07-22 10:50:12",
    "calendarYear": "2010",
    "period": "Q2",
    "revenue": 4768000000,
    "costOfRevenue": 1277000000,
    "grossProfit": 3491000000,
    "grossProfitRatio": 0.7321728188,
    "researchAndDevelopmentExpenses": 822000000,
    "generalAndAdministrativeExpenses": 894000000,
    "sellingAndMarketingExpenses": 263000000,
    "sellingGeneralAndAdministrativeExpenses": 1157000000,
    "otherExpenses": 0,
    "operatingExpenses": 1979000000,
    "costAndExpenses": 3256000000,
    "interestIncome": 16000000,
    "interestExpense": 32000000,
    "depreciationAndAmortization": 191000000,
    "ebitda": 1815000000,
    "ebitdaratio": 0.3806627517,
    "operatingIncome": 1512000000,
    "operatingIncomeRatio": 0.317114094,
    "totalOtherIncomeExpensesNet": 80000000,
    "incomeBeforeTax": 1592000000,
    "incomeBeforeTaxRatio": 0.3338926174,
    "incomeTaxExpense": 324000000,
    "netIncome": 927000000,
    "netIncomeRatio": 0.1944211409,
    "eps": 0.54,
    "epsdiluted": 0.54,
    "weightedAverageShsOut": 1718000000,
    "weightedAverageShsOutDil": 1728000000,
    "link": "https://www.sec.gov/Archives/edgar/data/14272/000119312510163487/0001193125-10-163487-index.htm",
    "finalLink": "https://www.sec.gov/Archives/edgar/data/14272/000119312510163487/d10q.htm"
  },
  {
    "date": "2010-03-31",
    "symbol": "BMY",
    "reportedCurrency": "USD",
    "cik": "0000014272",
    "fillingDate": "2010-04-29",
    "acceptedDate": "2010-04-29 10:49:28",
    "calendarYear": "2010",
    "period": "Q1",
    "revenue": 4807000000,
    "costOfRevenue": 1306000000,
    "grossProfit": 3501000000,
    "grossProfitRatio": 0.7283128771,
    "researchAndDevelopmentExpenses": 910000000,
    "generalAndAdministrativeExpenses": 900000000,
    "sellingAndMarketingExpenses": 212000000,
    "sellingGeneralAndAdministrativeExpenses": 1112000000,
    "otherExpenses": 0,
    "operatingExpenses": 2022000000,
    "costAndExpenses": 3328000000,
    "interestIncome": 15000000,
    "interestExpense": 33000000,
    "depreciationAndAmortization": 187000000,
    "ebitda": 1672000000,
    "ebitdaratio": 0.347826087,
    "operatingIncome": 1479000000,
    "operatingIncomeRatio": 0.3076763054,
    "totalOtherIncomeExpensesNet": -27000000,
    "incomeBeforeTax": 1452000000,
    "incomeBeforeTaxRatio": 0.3020594966,
    "incomeTaxExpense": 351000000,
    "netIncome": 743000000,
    "netIncomeRatio": 0.1545662575,
    "eps": 0.43,
    "epsdiluted": 0.43,
    "weightedAverageShsOut": 1715000000,
    "weightedAverageShsOutDil": 1725000000,
    "link": "https://www.sec.gov/Archives/edgar/data/14272/000119312510098285/0001193125-10-098285-index.htm",
    "finalLink": "https://www.sec.gov/Archives/edgar/data/14272/000119312510098285/d10q.htm"
  },
  {
    "date": "2009-12-31",
    "symbol": "BMY",
    "reportedCurrency": "USD",
    "cik": "0000014272",
    "fillingDate": "2010-02-19",
    "acceptedDate": "2010-02-19 15:38:21",
    "calendarYear": "2009",
    "period": "Q4",
    "revenue": 2922000000,
    "costOfRevenue": 704000000,
    "grossProfit": 2218000000,
    "grossProfitRatio": 0.7590691307,
    "researchAndDevelopmentExpenses": 1057000000,
    "generalAndAdministrativeExpenses": 688000000,
    "sellingAndMarketingExpenses": 51000000,
    "sellingGeneralAndAdministrativeExpenses": 739000000,
    "otherExpenses": -366000000,
    "operatingExpenses": 1430000000,
    "costAndExpenses": 2134000000,
    "interestIncome": 0,
    "interestExpense": 0,
    "depreciationAndAmortization": 199000000,
    "ebitda": 1035000000,
    "ebitdaratio": 0.3542094456,
    "operatingIncome": 788000000,
    "operatingIncomeRatio": 0.2696783025,
    "totalOtherIncomeExpensesNet": -35000000,
    "incomeBeforeTax": 753000000,
    "incomeBeforeTaxRatio": 0.2577002053,
    "incomeTaxExpense": -158000000,
    "netIncome": 8025000000,
    "netIncomeRatio": 2.7464065708,
    "eps": 4.1,
    "epsdiluted": 4.1,
    "weightedAverageShsOut": 1959000000,
    "weightedAverageShsOutDil": 1959000000,
    "link": "https://www.sec.gov/Archives/edgar/data/14272/000119312510035167/0001193125-10-035167-index.htm",
    "finalLink": "https://www.sec.gov/Archives/edgar/data/14272/000119312510035167/d10k.htm"
  },
  {
    "date": "2009-09-30",
    "symbol": "BMY",
    "reportedCurrency": "USD",
    "cik": "0000014272",
    "fillingDate": "2009-10-22",
    "acceptedDate": "2009-10-22 11:39:55",
    "calendarYear": "2009",
    "period": "Q3",
    "revenue": 5487000000,
    "costOfRevenue": 1562000000,
    "grossProfit": 3925000000,
    "grossProfitRatio": 0.7153271369,
    "researchAndDevelopmentExpenses": 838000000,
    "generalAndAdministrativeExpenses": 953000000,
    "sellingAndMarketingExpenses": 256000000,
    "sellingGeneralAndAdministrativeExpenses": 1117000000,
    "otherExpenses": 1003000000,
    "operatingExpenses": 2958000000,
    "costAndExpenses": 3346000000,
    "interestIncome": 13000000,
    "interestExpense": 47000000,
    "depreciationAndAmortization": 181000000,
    "ebitda": 1793000000,
    "ebitdaratio": 0.3267723711,
    "operatingIncome": 1442000000,
    "operatingIncomeRatio": 0.2628029889,
    "totalOtherIncomeExpensesNet": 123000000,
    "incomeBeforeTax": 1565000000,
    "incomeBeforeTaxRatio": 0.28521961,
    "incomeTaxExpense": 366000000,
    "netIncome": 966000000,
    "netIncomeRatio": 0.1760524877,
    "eps": 0.49,
    "epsdiluted": 0.49,
    "weightedAverageShsOut": 1980000000,
    "weightedAverageShsOutDil": 1984000000,
    "link": "https://www.sec.gov/Archives/edgar/data/14272/000119312509211734/0001193125-09-211734-index.htm",
    "finalLink": "https://www.sec.gov/Archives/edgar/data/14272/000119312509211734/d10q.htm"
  },
  {
    "date": "2009-06-30",
    "symbol": "BMY",
    "reportedCurrency": "USD",
    "cik": "0000014272",
    "fillingDate": "2009-07-23",
    "acceptedDate": "2009-07-23 14:01:55",
    "calendarYear": "2009",
    "period": "Q2",
    "revenue": 5384000000,
    "costOfRevenue": 1461000000,
    "grossProfit": 3923000000,
    "grossProfitRatio": 0.728640416,
    "researchAndDevelopmentExpenses": 829000000,
    "generalAndAdministrativeExpenses": 950000000,
    "sellingAndMarketingExpenses": 298000000,
    "sellingGeneralAndAdministrativeExpenses": 1077000000,
    "otherExpenses": 1067000000,
    "operatingExpenses": 2973000000,
    "costAndExpenses": 3284000000,
    "interestIncome": 14000000,
    "interestExpense": 42000000,
    "depreciationAndAmortization": 177000000,
    "ebitda": 1741000000,
    "ebitdaratio": 0.3233655275,
    "operatingIncome": 1381000000,
    "operatingIncomeRatio": 0.2565007429,
    "totalOtherIncomeExpensesNet": 141000000,
    "incomeBeforeTax": 1522000000,
    "incomeBeforeTaxRatio": 0.2826894502,
    "incomeTaxExpense": 353000000,
    "netIncome": 983000000,
    "netIncomeRatio": 0.1825780089,
    "eps": 0.49,
    "epsdiluted": 0.49,
    "weightedAverageShsOut": 1980000000,
    "weightedAverageShsOutDil": 1983000000,
    "link": "https://www.sec.gov/Archives/edgar/data/14272/000119312509153889/0001193125-09-153889-index.htm",
    "finalLink": "https://www.sec.gov/Archives/edgar/data/14272/000119312509153889/d10q.htm"
  },
  {
    "date": "2009-03-31",
    "symbol": "BMY",
    "reportedCurrency": "USD",
    "cik": "0000014272",
    "fillingDate": "2009-04-28",
    "acceptedDate": "2009-04-28 11:37:59",
    "calendarYear": "2009",
    "period": "Q1",
    "revenue": 5015000000,
    "costOfRevenue": 1413000000,
    "grossProfit": 3602000000,
    "grossProfitRatio": 0.7182452642,
    "researchAndDevelopmentExpenses": 923000000,
    "generalAndAdministrativeExpenses": 1064000000,
    "sellingAndMarketingExpenses": 324000000,
    "sellingGeneralAndAdministrativeExpenses": 1388000000,
    "otherExpenses": 811000000,
    "operatingExpenses": 3122000000,
    "costAndExpenses": 3326000000,
    "interestIncome": 13000000,
    "interestExpense": 52000000,
    "depreciationAndAmortization": 167000000,
    "ebitda": 1414000000,
    "ebitdaratio": 0.2819541376,
    "operatingIncome": 996000000,
    "operatingIncomeRatio": 0.1986041874,
    "totalOtherIncomeExpensesNet": 199000000,
    "incomeBeforeTax": 1195000000,
    "incomeBeforeTaxRatio": 0.2382851446,
    "incomeTaxExpense": 275000000,
    "netIncome": 638000000,
    "netIncomeRatio": 0.127218345,
    "eps": 0.32,
    "epsdiluted": 0.32,
    "weightedAverageShsOut": 1978000000,
    "weightedAverageShsOutDil": 1978000000,
    "link": "https://www.sec.gov/Archives/edgar/data/14272/000119312509089584/0001193125-09-089584-index.htm",
    "finalLink": "https://www.sec.gov/Archives/edgar/data/14272/000119312509089584/d10q.htm"
  },
  {
    "date": "2008-12-31",
    "symbol": "BMY",
    "reportedCurrency": "USD",
    "cik": "0000014272",
    "fillingDate": "2009-02-20",
    "acceptedDate": "2009-02-20 06:11:29",
    "calendarYear": "2008",
    "period": "Q4",
    "revenue": 5249000000,
    "costOfRevenue": 1522000000,
    "grossProfit": 3727000000,
    "grossProfitRatio": 0.7100400076,
    "researchAndDevelopmentExpenses": 1143000000,
    "generalAndAdministrativeExpenses": 1318000000,
    "sellingAndMarketingExpenses": 449000000,
    "sellingGeneralAndAdministrativeExpenses": 1767000000,
    "otherExpenses": 0,
    "operatingExpenses": 2910000000,
    "costAndExpenses": 4432000000,
    "interestIncome": 0,
    "interestExpense": 0,
    "depreciationAndAmortization": 180000000,
    "ebitda": 2227000000,
    "ebitdaratio": 0.4242712898,
    "operatingIncome": 817000000,
    "operatingIncomeRatio": 0.155648695,
    "totalOtherIncomeExpensesNet": 1071000000,
    "incomeBeforeTax": 1888000000,
    "incomeBeforeTaxRatio": 0.3596875595,
    "incomeTaxExpense": 424000000,
    "netIncome": 1244000000,
    "netIncomeRatio": 0.2369975233,
    "eps": 0.63,
    "epsdiluted": 0.63,
    "weightedAverageShsOut": 1980000000,
    "weightedAverageShsOutDil": 1980000000,
    "link": "https://www.sec.gov/Archives/edgar/data/14272/000119312509033538/0001193125-09-033538-index.htm",
    "finalLink": "https://www.sec.gov/Archives/edgar/data/14272/000119312509033538/d10k.htm"
  },
  {
    "date": "2008-09-30",
    "symbol": "BMY",
    "reportedCurrency": "USD",
    "cik": "0000014272",
    "fillingDate": "2008-10-23",
    "acceptedDate": "2008-10-23 11:24:33",
    "calendarYear": "2008",
    "period": "Q3",
    "revenue": 5254000000,
    "costOfRevenue": 1634000000,
    "grossProfit": 3620000000,
    "grossProfitRatio": 0.688998858,
    "researchAndDevelopmentExpenses": 834000000,
    "generalAndAdministrativeExpenses": 1208000000,
    "sellingAndMarketingExpenses": 362000000,
    "sellingGeneralAndAdministrativeExpenses": 1570000000,
    "otherExpenses": 0,
    "operatingExpenses": 2404000000,
    "costAndExpenses": 4038000000,
    "interestIncome": 0,
    "interestExpense": 0,
    "depreciationAndAmortization": 182000000,
    "ebitda": 1398000000,
    "ebitdaratio": 0.2660829844,
    "operatingIncome": 1216000000,
    "operatingIncomeRatio": 0.2314427103,
    "totalOtherIncomeExpensesNet": -61000000,
    "incomeBeforeTax": 1155000000,
    "incomeBeforeTaxRatio": 0.2198325086,
    "incomeTaxExpense": 308000000,
    "netIncome": 2578000000,
    "netIncomeRatio": 0.4906737724,
    "eps": 1.3,
    "epsdiluted": 1.29,
    "weightedAverageShsOut": 1977000000,
    "weightedAverageShsOutDil": 2004000000,
    "link": "https://www.sec.gov/Archives/edgar/data/14272/000119312508214965/0001193125-08-214965-index.htm",
    "finalLink": "https://www.sec.gov/Archives/edgar/data/14272/000119312508214965/d10q.htm"
  },
  {
    "date": "2008-06-30",
    "symbol": "BMY",
    "reportedCurrency": "USD",
    "cik": "0000014272",
    "fillingDate": "2008-07-24",
    "acceptedDate": "2008-07-24 11:28:25",
    "calendarYear": "2008",
    "period": "Q2",
    "revenue": 5203000000,
    "costOfRevenue": 1670000000,
    "grossProfit": 3533000000,
    "grossProfitRatio": 0.6790313281,
    "researchAndDevelopmentExpenses": 826000000,
    "generalAndAdministrativeExpenses": 1165000000,
    "sellingAndMarketingExpenses": 420000000,
    "sellingGeneralAndAdministrativeExpenses": 1585000000,
    "otherExpenses": 0,
    "operatingExpenses": 2411000000,
    "costAndExpenses": 4081000000,
    "interestIncome": 0,
    "interestExpense": 0,
    "depreciationAndAmortization": 203000000,
    "ebitda": 1488000000,
    "ebitdaratio": 0.2859888526,
    "operatingIncome": 1285000000,
    "operatingIncomeRatio": 0.2469729002,
    "totalOtherIncomeExpensesNet": -64000000,
    "incomeBeforeTax": 1221000000,
    "incomeBeforeTaxRatio": 0.2346723044,
    "incomeTaxExpense": 258000000,
    "netIncome": 764000000,
    "netIncomeRatio": 0.1468383625,
    "eps": 0.39,
    "epsdiluted": 0.38,
    "weightedAverageShsOut": 1977000000,
    "weightedAverageShsOutDil": 2006000000,
    "link": "https://www.sec.gov/Archives/edgar/data/14272/000119312508157014/0001193125-08-157014-index.htm",
    "finalLink": "https://www.sec.gov/Archives/edgar/data/14272/000119312508157014/d10q.htm"
  },
  {
    "date": "2008-03-31",
    "symbol": "BMY",
    "reportedCurrency": "USD",
    "cik": "0000014272",
    "fillingDate": "2008-04-24",
    "acceptedDate": "2008-04-24 08:24:23",
    "calendarYear": "2008",
    "period": "Q1",
    "revenue": 5181000000,
    "costOfRevenue": 1657000000,
    "grossProfit": 3524000000,
    "grossProfitRatio": 0.6801775719,
    "researchAndDevelopmentExpenses": 795000000,
    "generalAndAdministrativeExpenses": 1223000000,
    "sellingAndMarketingExpenses": 330000000,
    "sellingGeneralAndAdministrativeExpenses": 1553000000,
    "otherExpenses": -113000000,
    "operatingExpenses": 2235000000,
    "costAndExpenses": 3805000000,
    "interestIncome": 43000000,
    "interestExpense": 73000000,
    "depreciationAndAmortization": 251000000,
    "ebitda": 1531000000,
    "ebitdaratio": 0.2955027987,
    "operatingIncome": 1086000000,
    "operatingIncomeRatio": 0.209612044,
    "totalOtherIncomeExpensesNet": 121000000,
    "incomeBeforeTax": 1207000000,
    "incomeBeforeTaxRatio": 0.2329666088,
    "incomeTaxExpense": 330000000,
    "netIncome": 661000000,
    "netIncomeRatio": 0.127581548,
    "eps": 0.33,
    "epsdiluted": 0.33,
    "weightedAverageShsOut": 1975000000,
    "weightedAverageShsOutDil": 2008000000,
    "link": "https://www.sec.gov/Archives/edgar/data/14272/000119312508088694/0001193125-08-088694-index.htm",
    "finalLink": "https://www.sec.gov/Archives/edgar/data/14272/000119312508088694/d10q.htm"
  },
  {
    "date": "2007-12-31",
    "symbol": "BMY",
    "reportedCurrency": "USD",
    "cik": "0000014272",
    "fillingDate": "2008-02-22",
    "acceptedDate": "2008-02-21 20:40:21",
    "calendarYear": "2007",
    "period": "Q4",
    "revenue": 4894000000,
    "costOfRevenue": 1655000000,
    "grossProfit": 3239000000,
    "grossProfitRatio": 0.6618308132,
    "researchAndDevelopmentExpenses": 870000000,
    "generalAndAdministrativeExpenses": 1274000000,
    "sellingAndMarketingExpenses": 477000000,
    "sellingGeneralAndAdministrativeExpenses": 1751000000,
    "otherExpenses": 0,
    "operatingExpenses": 2621000000,
    "costAndExpenses": 4276000000,
    "interestIncome": 0,
    "interestExpense": 0,
    "depreciationAndAmortization": 254000000,
    "ebitda": 872000000,
    "ebitdaratio": 0.17817736,
    "operatingIncome": 618000000,
    "operatingIncomeRatio": 0.126277074,
    "totalOtherIncomeExpensesNet": -569000000,
    "incomeBeforeTax": 49000000,
    "incomeBeforeTaxRatio": 0.0100122599,
    "incomeTaxExpense": 118000000,
    "netIncome": -89000000,
    "netIncomeRatio": -0.0181855333,
    "eps": -0.045,
    "epsdiluted": -0.045,
    "weightedAverageShsOut": 1976000000,
    "weightedAverageShsOutDil": 1976000000,
    "link": "https://www.sec.gov/Archives/edgar/data/14272/000119312508035566/0001193125-08-035566-index.htm",
    "finalLink": "https://www.sec.gov/Archives/edgar/data/14272/000119312508035566/d10k.htm"
  },
  {
    "date": "2007-09-30",
    "symbol": "BMY",
    "reportedCurrency": "USD",
    "cik": "0000014272",
    "fillingDate": "2007-10-25",
    "acceptedDate": "2007-10-25 16:18:08",
    "calendarYear": "2007",
    "period": "Q3",
    "revenue": 5050000000,
    "costOfRevenue": 1622000000,
    "grossProfit": 3428000000,
    "grossProfitRatio": 0.6788118812,
    "researchAndDevelopmentExpenses": 827000000,
    "generalAndAdministrativeExpenses": 1214000000,
    "sellingAndMarketingExpenses": 351000000,
    "sellingGeneralAndAdministrativeExpenses": 1565000000,
    "otherExpenses": 0,
    "operatingExpenses": 2392000000,
    "costAndExpenses": 3723000000,
    "interestIncome": 0,
    "interestExpense": 0,
    "depreciationAndAmortization": 213000000,
    "ebitda": 1091000000,
    "ebitdaratio": 0.216039604,
    "operatingIncome": 878000000,
    "operatingIncomeRatio": 0.1738613861,
    "totalOtherIncomeExpensesNet": 378000000,
    "incomeBeforeTax": 1256000000,
    "incomeBeforeTaxRatio": 0.2487128713,
    "incomeTaxExpense": 292000000,
    "netIncome": 858000000,
    "netIncomeRatio": 0.1699009901,
    "eps": 0.43,
    "epsdiluted": 0.43,
    "weightedAverageShsOut": 1974000000,
    "weightedAverageShsOutDil": 2012000000,
    "link": "https://www.sec.gov/Archives/edgar/data/14272/000119312507225870/0001193125-07-225870-index.htm",
    "finalLink": "https://www.sec.gov/Archives/edgar/data/14272/000119312507225870/d10q.htm"
  },
  {
    "date": "2007-06-30",
    "symbol": "BMY",
    "reportedCurrency": "USD",
    "cik": "0000014272",
    "fillingDate": "2007-08-01",
    "acceptedDate": "2007-07-31 20:39:32",
    "calendarYear": "2007",
    "period": "Q2",
    "revenue": 4928000000,
    "costOfRevenue": 1549000000,
    "grossProfit": 3379000000,
    "grossProfitRatio": 0.6856737013,
    "researchAndDevelopmentExpenses": 778000000,
    "generalAndAdministrativeExpenses": 1209000000,
    "sellingAndMarketingExpenses": 368000000,
    "sellingGeneralAndAdministrativeExpenses": 1577000000,
    "otherExpenses": 0,
    "operatingExpenses": 2355000000,
    "costAndExpenses": 3904000000,
    "interestIncome": 0,
    "interestExpense": 0,
    "depreciationAndAmortization": 209000000,
    "ebitda": 1060000000,
    "ebitdaratio": 0.2150974026,
    "operatingIncome": 851000000,
    "operatingIncomeRatio": 0.1726866883,
    "totalOtherIncomeExpensesNet": 134000000,
    "incomeBeforeTax": 985000000,
    "incomeBeforeTaxRatio": 0.1998782468,
    "incomeTaxExpense": 203000000,
    "netIncome": 706000000,
    "netIncomeRatio": 0.143262987,
    "eps": 0.36,
    "epsdiluted": 0.35,
    "weightedAverageShsOut": 1968000000,
    "weightedAverageShsOutDil": 2006000000,
    "link": "https://www.sec.gov/Archives/edgar/data/14272/000119312507167018/0001193125-07-167018-index.htm",
    "finalLink": "https://www.sec.gov/Archives/edgar/data/14272/000119312507167018/d10q.htm"
  },
  {
    "date": "2007-03-31",
    "symbol": "BMY",
    "reportedCurrency": "USD",
    "cik": "0000014272",
    "fillingDate": "2007-05-10",
    "acceptedDate": "2007-05-10 17:08:40",
    "calendarYear": "2007",
    "period": "Q1",
    "revenue": 4476000000,
    "costOfRevenue": 1392000000,
    "grossProfit": 3084000000,
    "grossProfitRatio": 0.6890080429,
    "researchAndDevelopmentExpenses": 807000000,
    "generalAndAdministrativeExpenses": 1158000000,
    "sellingAndMarketingExpenses": 269000000,
    "sellingGeneralAndAdministrativeExpenses": 1427000000,
    "otherExpenses": 0,
    "operatingExpenses": 2234000000,
    "costAndExpenses": 3626000000,
    "interestIncome": 0,
    "interestExpense": 0,
    "depreciationAndAmortization": 216000000,
    "ebitda": 1001000000,
    "ebitdaratio": 0.2236371761,
    "operatingIncome": 785000000,
    "operatingIncomeRatio": 0.1753798034,
    "totalOtherIncomeExpensesNet": 67000000,
    "incomeBeforeTax": 852000000,
    "incomeBeforeTaxRatio": 0.1903485255,
    "incomeTaxExpense": 68000000,
    "netIncome": 690000000,
    "netIncomeRatio": 0.154155496,
    "eps": 0.35,
    "epsdiluted": 0.35,
    "weightedAverageShsOut": 1962000000,
    "weightedAverageShsOutDil": 1997000000,
    "link": "https://www.sec.gov/Archives/edgar/data/14272/000119312507110445/0001193125-07-110445-index.htm",
    "finalLink": "https://www.sec.gov/Archives/edgar/data/14272/000119312507110445/d10q.htm"
  },
  {
    "date": "2006-12-31",
    "symbol": "BMY",
    "reportedCurrency": "USD",
    "cik": "0000014272",
    "fillingDate": "2007-02-26",
    "acceptedDate": "2007-02-26 17:25:27",
    "calendarYear": "2006",
    "period": "Q4",
    "revenue": 4213000000,
    "costOfRevenue": 1447000000,
    "grossProfit": 2766000000,
    "grossProfitRatio": 0.6565392832,
    "researchAndDevelopmentExpenses": 821000000,
    "generalAndAdministrativeExpenses": 1311000000,
    "sellingAndMarketingExpenses": 418000000,
    "sellingGeneralAndAdministrativeExpenses": 1729000000,
    "otherExpenses": 0,
    "operatingExpenses": 2550000000,
    "costAndExpenses": 3997000000,
    "interestIncome": 0,
    "interestExpense": 0,
    "depreciationAndAmortization": 234000000,
    "ebitda": 450000000,
    "ebitdaratio": 0.1068122478,
    "operatingIncome": 216000000,
    "operatingIncomeRatio": 0.0512698789,
    "totalOtherIncomeExpensesNet": -501000000,
    "incomeBeforeTax": -285000000,
    "incomeBeforeTaxRatio": -0.0676477569,
    "incomeTaxExpense": -167000000,
    "netIncome": -134000000,
    "netIncomeRatio": -0.0318063138,
    "eps": -0.0683,
    "epsdiluted": -0.0683,
    "weightedAverageShsOut": 1963000000,
    "weightedAverageShsOutDil": 1963000000,
    "link": "https://www.sec.gov/Archives/edgar/data/14272/000119312507039915/0001193125-07-039915-index.htm",
    "finalLink": "https://www.sec.gov/Archives/edgar/data/14272/000119312507039915/d10k.htm"
  },
  {
    "date": "2006-09-30",
    "symbol": "BMY",
    "reportedCurrency": "USD",
    "cik": "0000014272",
    "fillingDate": "2006-11-02",
    "acceptedDate": "2006-11-02 17:22:09",
    "calendarYear": "2006",
    "period": "Q3",
    "revenue": 4154000000,
    "costOfRevenue": 1465000000,
    "grossProfit": 2689000000,
    "grossProfitRatio": 0.6473278767,
    "researchAndDevelopmentExpenses": 756000000,
    "generalAndAdministrativeExpenses": 1189000000,
    "sellingAndMarketingExpenses": 286000000,
    "sellingGeneralAndAdministrativeExpenses": 1475000000,
    "otherExpenses": 0,
    "operatingExpenses": 2231000000,
    "costAndExpenses": 3696000000,
    "interestIncome": 0,
    "interestExpense": 0,
    "depreciationAndAmortization": 230000000,
    "ebitda": 688000000,
    "ebitdaratio": 0.1656234954,
    "operatingIncome": 458000000,
    "operatingIncomeRatio": 0.1102551757,
    "totalOtherIncomeExpensesNet": 159000000,
    "incomeBeforeTax": 617000000,
    "incomeBeforeTaxRatio": 0.1485315359,
    "incomeTaxExpense": 193000000,
    "netIncome": 338000000,
    "netIncomeRatio": 0.0813673568,
    "eps": 0.17,
    "epsdiluted": 0.17,
    "weightedAverageShsOut": 1961000000,
    "weightedAverageShsOutDil": 1992000000,
    "link": "https://www.sec.gov/Archives/edgar/data/14272/000119312506222282/0001193125-06-222282-index.htm",
    "finalLink": "https://www.sec.gov/Archives/edgar/data/14272/000119312506222282/d10q.htm"
  },
  {
    "date": "2006-06-30",
    "symbol": "BMY",
    "reportedCurrency": "USD",
    "cik": "0000014272",
    "fillingDate": "2006-08-08",
    "acceptedDate": "2006-08-08 06:08:37",
    "calendarYear": "2006",
    "period": "Q2",
    "revenue": 4871000000,
    "costOfRevenue": 1568000000,
    "grossProfit": 3303000000,
    "grossProfitRatio": 0.6780948471,
    "researchAndDevelopmentExpenses": 740000000,
    "generalAndAdministrativeExpenses": 1181000000,
    "sellingAndMarketingExpenses": 352000000,
    "sellingGeneralAndAdministrativeExpenses": 1533000000,
    "otherExpenses": 0,
    "operatingExpenses": 2273000000,
    "costAndExpenses": 3841000000,
    "interestIncome": 0,
    "interestExpense": 0,
    "depreciationAndAmortization": 237000000,
    "ebitda": 1267000000,
    "ebitdaratio": 0.2601108602,
    "operatingIncome": 1030000000,
    "operatingIncomeRatio": 0.2114555533,
    "totalOtherIncomeExpensesNet": 80000000,
    "incomeBeforeTax": 1110000000,
    "incomeBeforeTaxRatio": 0.2278792856,
    "incomeTaxExpense": 256000000,
    "netIncome": 667000000,
    "netIncomeRatio": 0.136932868,
    "eps": 0.34,
    "epsdiluted": 0.33,
    "weightedAverageShsOut": 1960000000,
    "weightedAverageShsOutDil": 1994000000,
    "link": "https://www.sec.gov/Archives/edgar/data/14272/000119312506164507/0001193125-06-164507-index.htm",
    "finalLink": "https://www.sec.gov/Archives/edgar/data/14272/000119312506164507/d10q.htm"
  },
  {
    "date": "2006-03-31",
    "symbol": "BMY",
    "reportedCurrency": "USD",
    "cik": "0000014272",
    "fillingDate": "2006-05-08",
    "acceptedDate": "2006-05-08 17:17:37",
    "calendarYear": "2006",
    "period": "Q1",
    "revenue": 4676000000,
    "costOfRevenue": 1476000000,
    "grossProfit": 3200000000,
    "grossProfitRatio": 0.6843455945,
    "researchAndDevelopmentExpenses": 750000000,
    "generalAndAdministrativeExpenses": 1238000000,
    "sellingAndMarketingExpenses": 295000000,
    "sellingGeneralAndAdministrativeExpenses": 1533000000,
    "otherExpenses": 0,
    "operatingExpenses": 2283000000,
    "costAndExpenses": 3759000000,
    "interestIncome": 0,
    "interestExpense": 0,
    "depreciationAndAmortization": 226000000,
    "ebitda": 1143000000,
    "ebitdaratio": 0.244439692,
    "operatingIncome": 917000000,
    "operatingIncomeRatio": 0.1961077844,
    "totalOtherIncomeExpensesNet": 276000000,
    "incomeBeforeTax": 1193000000,
    "incomeBeforeTaxRatio": 0.255132592,
    "incomeTaxExpense": 328000000,
    "netIncome": 714000000,
    "netIncomeRatio": 0.1526946108,
    "eps": 0.36,
    "epsdiluted": 0.36,
    "weightedAverageShsOut": 1957000000,
    "weightedAverageShsOutDil": 1988000000,
    "link": "https://www.sec.gov/Archives/edgar/data/14272/000119312506103709/0001193125-06-103709-index.htm",
    "finalLink": "https://www.sec.gov/Archives/edgar/data/14272/000119312506103709/d10q.htm"
  },
  {
    "date": "2005-12-31",
    "symbol": "BMY",
    "reportedCurrency": "USD",
    "cik": "0000014272",
    "fillingDate": "2006-03-14",
    "acceptedDate": "2006-03-13 17:34:51",
    "calendarYear": "2005",
    "period": "Q4",
    "revenue": 5019000000,
    "costOfRevenue": 1595000000,
    "grossProfit": 3424000000,
    "grossProfitRatio": 0.6822076111,
    "researchAndDevelopmentExpenses": 775000000,
    "generalAndAdministrativeExpenses": 1369000000,
    "sellingAndMarketingExpenses": 444000000,
    "sellingGeneralAndAdministrativeExpenses": 1813000000,
    "otherExpenses": 0,
    "operatingExpenses": 2588000000,
    "costAndExpenses": 4183000000,
    "interestIncome": 0,
    "interestExpense": 0,
    "depreciationAndAmortization": 239000000,
    "ebitda": 1075000000,
    "ebitdaratio": 0.2141860928,
    "operatingIncome": 836000000,
    "operatingIncomeRatio": 0.1665670452,
    "totalOtherIncomeExpensesNet": -4000000,
    "incomeBeforeTax": 832000000,
    "incomeBeforeTaxRatio": 0.1657700737,
    "incomeTaxExpense": 178000000,
    "netIncome": 499000000,
    "netIncomeRatio": 0.0994221957,
    "eps": 0.26,
    "epsdiluted": 0.25,
    "weightedAverageShsOut": 1955000000,
    "weightedAverageShsOutDil": 1983000000,
    "link": "https://www.sec.gov/Archives/edgar/data/14272/000119312506052456/0001193125-06-052456-index.htm",
    "finalLink": "https://www.sec.gov/Archives/edgar/data/14272/000119312506052456/d10k.htm"
  },
  {
    "date": "2005-09-30",
    "symbol": "BMY",
    "reportedCurrency": "USD",
    "cik": "0000014272",
    "fillingDate": "2005-11-03",
    "acceptedDate": "2005-11-03 06:09:55",
    "calendarYear": "2005",
    "period": "Q3",
    "revenue": 4767000000,
    "costOfRevenue": 1483000000,
    "grossProfit": 3284000000,
    "grossProfitRatio": 0.6889028739,
    "researchAndDevelopmentExpenses": 669000000,
    "generalAndAdministrativeExpenses": 1286000000,
    "sellingAndMarketingExpenses": 349000000,
    "sellingGeneralAndAdministrativeExpenses": 1635000000,
    "otherExpenses": 0,
    "operatingExpenses": 2304000000,
    "costAndExpenses": 3787000000,
    "interestIncome": 0,
    "interestExpense": 0,
    "depreciationAndAmortization": 217000000,
    "ebitda": 1197000000,
    "ebitdaratio": 0.2511013216,
    "operatingIncome": 980000000,
    "operatingIncomeRatio": 0.2055800294,
    "totalOtherIncomeExpensesNet": 646000000,
    "incomeBeforeTax": 1626000000,
    "incomeBeforeTaxRatio": 0.3410950283,
    "incomeTaxExpense": 507000000,
    "netIncome": 964000000,
    "netIncomeRatio": 0.2022236207,
    "eps": 0.49,
    "epsdiluted": 0.49,
    "weightedAverageShsOut": 1953000000,
    "weightedAverageShsOutDil": 1984000000,
    "link": "https://www.sec.gov/Archives/edgar/data/14272/000119312505214797/0001193125-05-214797-index.htm",
    "finalLink": "https://www.sec.gov/Archives/edgar/data/14272/000119312505214797/d10q.htm"
  },
  {
    "date": "2005-06-30",
    "symbol": "BMY",
    "reportedCurrency": "USD",
    "cik": "0000014272",
    "fillingDate": "2005-08-03",
    "acceptedDate": "2005-08-03 17:29:31",
    "calendarYear": "2005",
    "period": "Q2",
    "revenue": 4889000000,
    "costOfRevenue": 1483000000,
    "grossProfit": 3406000000,
    "grossProfitRatio": 0.6966659849,
    "researchAndDevelopmentExpenses": 649000000,
    "generalAndAdministrativeExpenses": 1268000000,
    "sellingAndMarketingExpenses": 365000000,
    "sellingGeneralAndAdministrativeExpenses": 1633000000,
    "otherExpenses": 0,
    "operatingExpenses": 2282000000,
    "costAndExpenses": 3765000000,
    "interestIncome": 0,
    "interestExpense": 0,
    "depreciationAndAmortization": 230000000,
    "ebitda": 1354000000,
    "ebitdaratio": 0.2769482512,
    "operatingIncome": 1124000000,
    "operatingIncomeRatio": 0.2299038658,
    "totalOtherIncomeExpensesNet": 6000000,
    "incomeBeforeTax": 1130000000,
    "incomeBeforeTaxRatio": 0.2311311107,
    "incomeTaxExpense": -21000000,
    "netIncome": 1004000000,
    "netIncomeRatio": 0.2053589691,
    "eps": 0.51,
    "epsdiluted": 0.51,
    "weightedAverageShsOut": 1952000000,
    "weightedAverageShsOutDil": 1984000000,
    "link": "https://www.sec.gov/Archives/edgar/data/14272/000119312505156446/0001193125-05-156446-index.htm",
    "finalLink": "https://www.sec.gov/Archives/edgar/data/14272/000119312505156446/d10q.htm"
  },
  {
    "date": "2005-03-31",
    "symbol": "BMY",
    "reportedCurrency": "USD",
    "cik": "0000014272",
    "fillingDate": "2005-05-09",
    "acceptedDate": "2005-05-09 17:27:39",
    "calendarYear": "2005",
    "period": "Q1",
    "revenue": 4532000000,
    "costOfRevenue": 1367000000,
    "grossProfit": 3165000000,
    "grossProfitRatio": 0.6983671668,
    "researchAndDevelopmentExpenses": 653000000,
    "generalAndAdministrativeExpenses": 1183000000,
    "sellingAndMarketingExpenses": 318000000,
    "sellingGeneralAndAdministrativeExpenses": 1501000000,
    "otherExpenses": 0,
    "operatingExpenses": 2154000000,
    "costAndExpenses": 3521000000,
    "interestIncome": 0,
    "interestExpense": 0,
    "depreciationAndAmortization": 243000000,
    "ebitda": 1254000000,
    "ebitdaratio": 0.2766990291,
    "operatingIncome": 1011000000,
    "operatingIncomeRatio": 0.2230803177,
    "totalOtherIncomeExpensesNet": -83000000,
    "incomeBeforeTax": 928000000,
    "incomeBeforeTaxRatio": 0.2047661077,
    "incomeTaxExpense": 268000000,
    "netIncome": 533000000,
    "netIncomeRatio": 0.11760812,
    "eps": 0.27,
    "epsdiluted": 0.27,
    "weightedAverageShsOut": 1949000000,
    "weightedAverageShsOutDil": 1981000000,
    "link": "https://www.sec.gov/Archives/edgar/data/14272/000119312505101082/0001193125-05-101082-index.htm",
    "finalLink": "https://www.sec.gov/Archives/edgar/data/14272/000119312505101082/d10q.htm"
  },
  {
    "date": "2004-12-31",
    "symbol": "BMY",
    "reportedCurrency": "USD",
    "cik": "0000014272",
    "fillingDate": "2005-03-04",
    "acceptedDate": "2005-03-03 17:41:09",
    "calendarYear": "2004",
    "period": "Q4",
    "revenue": 3342000000,
    "costOfRevenue": -105000000,
    "grossProfit": 3447000000,
    "grossProfitRatio": 1.0314183124,
    "researchAndDevelopmentExpenses": 677000000,
    "generalAndAdministrativeExpenses": 1361000000,
    "sellingAndMarketingExpenses": 424000000,
    "sellingGeneralAndAdministrativeExpenses": 1785000000,
    "otherExpenses": 0,
    "operatingExpenses": 2462000000,
    "costAndExpenses": 2357000000,
    "interestIncome": 0,
    "interestExpense": 0,
    "depreciationAndAmortization": 255000000,
    "ebitda": 1240000000,
    "ebitdaratio": 0.3710353082,
    "operatingIncome": 985000000,
    "operatingIncomeRatio": 0.2947336924,
    "totalOtherIncomeExpensesNet": 38000000,
    "incomeBeforeTax": 1023000000,
    "incomeBeforeTaxRatio": 0.3061041293,
    "incomeTaxExpense": 760000000,
    "netIncome": 139000000,
    "netIncomeRatio": 0.0415918612,
    "eps": 0.0715,
    "epsdiluted": 0.0702,
    "weightedAverageShsOut": 1945000000,
    "weightedAverageShsOutDil": 1979000000,
    "link": "https://www.sec.gov/Archives/edgar/data/14272/000119312505041808/0001193125-05-041808-index.htm",
    "finalLink": "https://www.sec.gov/Archives/edgar/data/14272/000119312505041808/d10k.htm"
  },
  {
    "date": "2004-09-30",
    "symbol": "BMY",
    "reportedCurrency": "USD",
    "cik": "0000014272",
    "fillingDate": "2004-11-09",
    "acceptedDate": "2004-11-09 15:42:15",
    "calendarYear": "2004",
    "period": "Q3",
    "revenue": 5427000000,
    "costOfRevenue": 2100000000,
    "grossProfit": 3327000000,
    "grossProfitRatio": 0.6130458817,
    "researchAndDevelopmentExpenses": 615000000,
    "generalAndAdministrativeExpenses": 1209000000,
    "sellingAndMarketingExpenses": 325000000,
    "sellingGeneralAndAdministrativeExpenses": 1534000000,
    "otherExpenses": 0,
    "operatingExpenses": 2149000000,
    "costAndExpenses": 3606000000,
    "interestIncome": 0,
    "interestExpense": 0,
    "depreciationAndAmortization": 238000000,
    "ebitda": 1410000000,
    "ebitdaratio": 0.2598120509,
    "operatingIncome": 1172000000,
    "operatingIncomeRatio": 0.2159572508,
    "totalOtherIncomeExpensesNet": -26000000,
    "incomeBeforeTax": 1146000000,
    "incomeBeforeTaxRatio": 0.2111663903,
    "incomeTaxExpense": 239000000,
    "netIncome": 758000000,
    "netIncomeRatio": 0.1396720103,
    "eps": 0.39,
    "epsdiluted": 0.38,
    "weightedAverageShsOut": 1942000000,
    "weightedAverageShsOutDil": 1975000000,
    "link": "https://www.sec.gov/Archives/edgar/data/14272/000119312504191199/0001193125-04-191199-index.htm",
    "finalLink": "https://www.sec.gov/Archives/edgar/data/14272/000119312504191199/d10q.htm"
  },
  {
    "date": "2004-06-30",
    "symbol": "BMY",
    "reportedCurrency": "USD",
    "cik": "0000014272",
    "fillingDate": "2004-08-06",
    "acceptedDate": "2004-08-05 18:04:54",
    "calendarYear": "2004",
    "period": "Q2",
    "revenue": 5430000000,
    "costOfRevenue": 2095000000,
    "grossProfit": 3335000000,
    "grossProfitRatio": 0.6141804788,
    "researchAndDevelopmentExpenses": 625000000,
    "generalAndAdministrativeExpenses": 1212000000,
    "sellingAndMarketingExpenses": 346000000,
    "sellingGeneralAndAdministrativeExpenses": 1558000000,
    "otherExpenses": 0,
    "operatingExpenses": 2183000000,
    "costAndExpenses": 3672000000,
    "interestIncome": 0,
    "interestExpense": 0,
    "depreciationAndAmortization": 212000000,
    "ebitda": 1359000000,
    "ebitdaratio": 0.2502762431,
    "operatingIncome": 1147000000,
    "operatingIncomeRatio": 0.2112338858,
    "totalOtherIncomeExpensesNet": -378000000,
    "incomeBeforeTax": 769000000,
    "incomeBeforeTaxRatio": 0.1416206262,
    "incomeTaxExpense": 118000000,
    "netIncome": 527000000,
    "netIncomeRatio": 0.097053407,
    "eps": 0.27,
    "epsdiluted": 0.27,
    "weightedAverageShsOut": 1942000000,
    "weightedAverageShsOutDil": 1976000000,
    "link": "https://www.sec.gov/Archives/edgar/data/14272/000119312504132825/0001193125-04-132825-index.htm",
    "finalLink": "https://www.sec.gov/Archives/edgar/data/14272/000119312504132825/d10q.htm"
  },
  {
    "date": "2004-03-31",
    "symbol": "BMY",
    "reportedCurrency": "USD",
    "cik": "0000014272",
    "fillingDate": "2004-05-10",
    "acceptedDate": "2004-05-10 17:16:28",
    "calendarYear": "2004",
    "period": "Q1",
    "revenue": 5181000000,
    "costOfRevenue": 1899000000,
    "grossProfit": 3282000000,
    "grossProfitRatio": 0.6334684424,
    "researchAndDevelopmentExpenses": 583000000,
    "generalAndAdministrativeExpenses": 1234000000,
    "sellingAndMarketingExpenses": 316000000,
    "sellingGeneralAndAdministrativeExpenses": 1550000000,
    "otherExpenses": 0,
    "operatingExpenses": 2133000000,
    "costAndExpenses": 4032000000,
    "interestIncome": 0,
    "interestExpense": 0,
    "depreciationAndAmortization": 204000000,
    "ebitda": 1348000000,
    "ebitdaratio": 0.2601814322,
    "operatingIncome": 1144000000,
    "operatingIncomeRatio": 0.2208067941,
    "totalOtherIncomeExpensesNet": 320000000,
    "incomeBeforeTax": 1464000000,
    "incomeBeforeTaxRatio": 0.2825709323,
    "incomeTaxExpense": 396000000,
    "netIncome": 964000000,
    "netIncomeRatio": 0.1860644663,
    "eps": 0.5,
    "epsdiluted": 0.49,
    "weightedAverageShsOut": 1939000000,
    "weightedAverageShsOutDil": 1976000000,
    "link": "https://www.sec.gov/Archives/edgar/data/14272/000119312504083808/0001193125-04-083808-index.htm",
    "finalLink": "https://www.sec.gov/Archives/edgar/data/14272/000119312504083808/d10q.htm"
  },
  {
    "date": "2003-12-31",
    "symbol": "BMY",
    "reportedCurrency": "USD",
    "cik": "0000014272",
    "fillingDate": "2004-03-15",
    "acceptedDate": "2004-03-15 06:53:11",
    "calendarYear": "2003",
    "period": "Q4",
    "revenue": 5794000000,
    "costOfRevenue": 2203000000,
    "grossProfit": 3591000000,
    "grossProfitRatio": 0.6197790818,
    "researchAndDevelopmentExpenses": 705000000,
    "generalAndAdministrativeExpenses": 1452000000,
    "sellingAndMarketingExpenses": 259000000,
    "sellingGeneralAndAdministrativeExpenses": 1711000000,
    "otherExpenses": 0,
    "operatingExpenses": 2416000000,
    "costAndExpenses": 4619000000,
    "interestIncome": 0,
    "interestExpense": 0,
    "depreciationAndAmortization": 232000000,
    "ebitda": 1407000000,
    "ebitdaratio": 0.242837418,
    "operatingIncome": 1175000000,
    "operatingIncomeRatio": 0.2027959959,
    "totalOtherIncomeExpensesNet": -13000000,
    "incomeBeforeTax": 1162000000,
    "incomeBeforeTaxRatio": 0.2005522955,
    "incomeTaxExpense": 356000000,
    "netIncome": 583000000,
    "netIncomeRatio": 0.1006213324,
    "eps": 0.3,
    "epsdiluted": 0.3,
    "weightedAverageShsOut": 1940000000,
    "weightedAverageShsOutDil": 1974000000,
    "link": "https://www.sec.gov/Archives/edgar/data/14272/000119312504041353/0001193125-04-041353-index.htm",
    "finalLink": "https://www.sec.gov/Archives/edgar/data/14272/000119312504041353/d10k.htm"
  },
  {
    "date": "2003-09-30",
    "symbol": "BMY",
    "reportedCurrency": "USD",
    "cik": "0000014272",
    "fillingDate": "2003-11-12",
    "acceptedDate": "2003-11-12 10:07:21",
    "calendarYear": "2003",
    "period": "Q3",
    "revenue": 5337000000,
    "costOfRevenue": 1908000000,
    "grossProfit": 3429000000,
    "grossProfitRatio": 0.6424957841,
    "researchAndDevelopmentExpenses": 568000000,
    "generalAndAdministrativeExpenses": 1118000000,
    "sellingAndMarketingExpenses": 375000000,
    "sellingGeneralAndAdministrativeExpenses": 1493000000,
    "otherExpenses": 0,
    "operatingExpenses": 2061000000,
    "costAndExpenses": 3969000000,
    "interestIncome": 0,
    "interestExpense": 0,
    "depreciationAndAmortization": 191000000,
    "ebitda": 1586000000,
    "ebitdaratio": 0.2971706951,
    "operatingIncome": 1395000000,
    "operatingIncomeRatio": 0.2613827993,
    "totalOtherIncomeExpensesNet": -34000000,
    "incomeBeforeTax": 1361000000,
    "incomeBeforeTaxRatio": 0.2550121791,
    "incomeTaxExpense": 345000000,
    "netIncome": 906000000,
    "netIncomeRatio": 0.1697582912,
    "eps": 0.46,
    "epsdiluted": 0.45,
    "weightedAverageShsOut": 1937000000,
    "weightedAverageShsOutDil": 1944000000,
    "link": "https://www.sec.gov/Archives/edgar/data/14272/000119312503077700/0001193125-03-077700-index.htm",
    "finalLink": "https://www.sec.gov/Archives/edgar/data/14272/000119312503077700/d10q.htm"
  },
  {
    "date": "2003-06-30",
    "symbol": "BMY",
    "reportedCurrency": "USD",
    "cik": "0000014272",
    "fillingDate": "2003-08-08",
    "acceptedDate": "2003-08-08 16:50:18",
    "calendarYear": "2003",
    "period": "Q2",
    "revenue": 5052000000,
    "costOfRevenue": 1796000000,
    "grossProfit": 3256000000,
    "grossProfitRatio": 0.6444972288,
    "researchAndDevelopmentExpenses": 530000000,
    "generalAndAdministrativeExpenses": 1058000000,
    "sellingAndMarketingExpenses": 418000000,
    "sellingGeneralAndAdministrativeExpenses": 1476000000,
    "otherExpenses": 0,
    "operatingExpenses": 2006000000,
    "costAndExpenses": 3802000000,
    "interestIncome": 0,
    "interestExpense": 0,
    "depreciationAndAmortization": 185000000,
    "ebitda": 1437000000,
    "ebitdaratio": 0.2844418052,
    "operatingIncome": 1252000000,
    "operatingIncomeRatio": 0.2478226445,
    "totalOtherIncomeExpensesNet": -5000000,
    "incomeBeforeTax": 1247000000,
    "incomeBeforeTaxRatio": 0.2468329375,
    "incomeTaxExpense": 262000000,
    "netIncome": 902000000,
    "netIncomeRatio": 0.1785431512,
    "eps": 0.45,
    "epsdiluted": 0.45,
    "weightedAverageShsOut": 1937000000,
    "weightedAverageShsOutDil": 1942000000,
    "link": "https://www.sec.gov/Archives/edgar/data/14272/000119312503031970/0001193125-03-031970-index.htm",
    "finalLink": "https://www.sec.gov/Archives/edgar/data/14272/000119312503031970/d10q.htm"
  },
  {
    "date": "2003-03-31",
    "symbol": "BMY",
    "reportedCurrency": "USD",
    "cik": "0000014272",
    "fillingDate": "2004-03-31",
    "acceptedDate": "2004-03-31 15:18:49",
    "calendarYear": "2003",
    "period": "Q1",
    "revenue": 4711000000,
    "costOfRevenue": 1685000000,
    "grossProfit": 3026000000,
    "grossProfitRatio": 0.64232647,
    "researchAndDevelopmentExpenses": 476000000,
    "generalAndAdministrativeExpenses": 1032000000,
    "sellingAndMarketingExpenses": 364000000,
    "sellingGeneralAndAdministrativeExpenses": 1396000000,
    "otherExpenses": 0,
    "operatingExpenses": 1872000000,
    "costAndExpenses": 3599000000,
    "interestIncome": 0,
    "interestExpense": 0,
    "depreciationAndAmortization": 178000000,
    "ebitda": 1307000000,
    "ebitdaratio": 0.2774357886,
    "operatingIncome": 1129000000,
    "operatingIncomeRatio": 0.2396518786,
    "totalOtherIncomeExpensesNet": 34000000,
    "incomeBeforeTax": 1163000000,
    "incomeBeforeTaxRatio": 0.2468690299,
    "incomeTaxExpense": 316000000,
    "netIncome": 761000000,
    "netIncomeRatio": 0.1615368287,
    "eps": 0.39,
    "epsdiluted": 0.39,
    "weightedAverageShsOut": 1936000000,
    "weightedAverageShsOutDil": 1940000000,
    "link": "https://www.sec.gov/Archives/edgar/data/14272/000119312504054830/0001193125-04-054830-index.htm",
    "finalLink": "https://www.sec.gov/Archives/edgar/data/14272/000119312504054830/d10qa.htm"
  },
  {
    "date": "2002-12-31",
    "symbol": "BMY",
    "reportedCurrency": "USD",
    "cik": "0000014272",
    "fillingDate": "2003-03-28",
    "acceptedDate": "2003-03-28 13:42:11",
    "calendarYear": "2002",
    "period": "Q4",
    "revenue": 4794000000,
    "costOfRevenue": 1766000000,
    "grossProfit": 3028000000,
    "grossProfitRatio": 0.6316228619,
    "researchAndDevelopmentExpenses": 654000000,
    "generalAndAdministrativeExpenses": 1103000000,
    "sellingAndMarketingExpenses": 389000000,
    "sellingGeneralAndAdministrativeExpenses": 1492000000,
    "otherExpenses": 0,
    "operatingExpenses": 2146000000,
    "costAndExpenses": 3912000000,
    "interestIncome": 0,
    "interestExpense": 0,
    "depreciationAndAmortization": 186000000,
    "ebitda": 1068000000,
    "ebitdaratio": 0.2227784731,
    "operatingIncome": 882000000,
    "operatingIncomeRatio": 0.183979975,
    "totalOtherIncomeExpensesNet": -302000000,
    "incomeBeforeTax": 580000000,
    "incomeBeforeTaxRatio": 0.120984564,
    "incomeTaxExpense": 145000000,
    "netIncome": 374000000,
    "netIncomeRatio": 0.0780141844,
    "eps": 0.17,
    "epsdiluted": 0.17,
    "weightedAverageShsOut": 2180785047,
    "weightedAverageShsOutDil": 2235150943,
    "link": "https://www.sec.gov/Archives/edgar/data/14272/000104746903010810/0001047469-03-010810-index.htm",
    "finalLink": "https://www.sec.gov/Archives/edgar/data/14272/000104746903010810/a2106681z10-k.htm"
  },
  {
    "date": "2002-09-30",
    "symbol": "BMY",
    "reportedCurrency": "USD",
    "cik": "0000014272",
    "fillingDate": "2003-03-19",
    "acceptedDate": "2003-03-18 21:54:29",
    "calendarYear": "2002",
    "period": "Q3",
    "revenue": 4537000000,
    "costOfRevenue": 1654000000,
    "grossProfit": 2883000000,
    "grossProfitRatio": 0.635441922,
    "researchAndDevelopmentExpenses": 535000000,
    "generalAndAdministrativeExpenses": 971000000,
    "sellingAndMarketingExpenses": 302000000,
    "sellingGeneralAndAdministrativeExpenses": 1273000000,
    "otherExpenses": 0,
    "operatingExpenses": 1808000000,
    "costAndExpenses": 3462000000,
    "interestIncome": 0,
    "interestExpense": 0,
    "depreciationAndAmortization": 188000000,
    "ebitda": 1263000000,
    "ebitdaratio": 0.2783777827,
    "operatingIncome": 1075000000,
    "operatingIncomeRatio": 0.2369407097,
    "totalOtherIncomeExpensesNet": -960000000,
    "incomeBeforeTax": 115000000,
    "incomeBeforeTaxRatio": 0.0253471457,
    "incomeTaxExpense": -252000000,
    "netIncome": 357000000,
    "netIncomeRatio": 0.0786863566,
    "eps": 0.18,
    "epsdiluted": 0.18,
    "weightedAverageShsOut": 1936000000,
    "weightedAverageShsOutDil": 1941000000,
    "link": "https://www.sec.gov/Archives/edgar/data/14272/000104746903009154/0001047469-03-009154-index.htm",
    "finalLink": "https://www.sec.gov/Archives/edgar/data/14272/000104746903009154/a2105392z10-q.htm"
  },
  {
    "date": "2002-06-30",
    "symbol": "BMY",
    "reportedCurrency": "USD",
    "cik": "0000014272",
    "fillingDate": "2002-08-14",
    "acceptedDate": "2002-08-14 13:31:36",
    "calendarYear": "2002",
    "period": "Q2",
    "revenue": 4053000000,
    "costOfRevenue": 1396000000,
    "grossProfit": 2657000000,
    "grossProfitRatio": 0.6555637799,
    "researchAndDevelopmentExpenses": 536000000,
    "generalAndAdministrativeExpenses": 941000000,
    "sellingAndMarketingExpenses": 390000000,
    "sellingGeneralAndAdministrativeExpenses": 1331000000,
    "otherExpenses": -58000000,
    "operatingExpenses": 1809000000,
    "costAndExpenses": 3263000000,
    "interestIncome": 0,
    "interestExpense": 0,
    "depreciationAndAmortization": 182000000,
    "ebitda": 1034000000,
    "ebitdaratio": 0.2551196644,
    "operatingIncome": 852000000,
    "operatingIncomeRatio": 0.2102146558,
    "totalOtherIncomeExpensesNet": -128000000,
    "incomeBeforeTax": 724000000,
    "incomeBeforeTaxRatio": 0.1786331113,
    "incomeTaxExpense": 209000000,
    "netIncome": 479000000,
    "netIncomeRatio": 0.1181840612,
    "eps": 0.25,
    "epsdiluted": 0.25,
    "weightedAverageShsOut": 1937000000,
    "weightedAverageShsOutDil": 1944000000,
    "link": "https://www.sec.gov/Archives/edgar/data/14272/000095013002005894/0000950130-02-005894-index.htm",
    "finalLink": "https://www.sec.gov/Archives/edgar/data/14272/000095013002005894/d10q.htm"
  },
  {
    "date": "2002-03-31",
    "symbol": "BMY",
    "reportedCurrency": "USD",
    "cik": "0000014272",
    "fillingDate": "2002-05-15",
    "acceptedDate": "2002-05-15 17:25:39",
    "calendarYear": "2002",
    "period": "Q1",
    "revenue": 4082000000,
    "costOfRevenue": 1391000000,
    "grossProfit": 2691000000,
    "grossProfitRatio": 0.6592356688,
    "researchAndDevelopmentExpenses": 512000000,
    "generalAndAdministrativeExpenses": 896000000,
    "sellingAndMarketingExpenses": 288000000,
    "sellingGeneralAndAdministrativeExpenses": 1184000000,
    "otherExpenses": -23000000,
    "operatingExpenses": 1673000000,
    "costAndExpenses": 3175000000,
    "interestIncome": 0,
    "interestExpense": 0,
    "depreciationAndAmortization": 179000000,
    "ebitda": 1665000000,
    "ebitdaratio": 0.4078882901,
    "operatingIncome": 1486000000,
    "operatingIncomeRatio": 0.3640372366,
    "totalOtherIncomeExpensesNet": -258000000,
    "incomeBeforeTax": 1228000000,
    "incomeBeforeTaxRatio": 0.300832925,
    "incomeTaxExpense": 333000000,
    "netIncome": 856000000,
    "netIncomeRatio": 0.2097011269,
    "eps": 0.44,
    "epsdiluted": 0.44,
    "weightedAverageShsOut": 1935000000,
    "weightedAverageShsOutDil": 1952000000,
    "link": "https://www.sec.gov/Archives/edgar/data/14272/000095013002003706/0000950130-02-003706-index.htm",
    "finalLink": "https://www.sec.gov/Archives/edgar/data/14272/000095013002003706/d10q.htm"
  },
  {
    "date": "2001-12-31",
    "symbol": "BMY",
    "reportedCurrency": "USD",
    "cik": "0000014272",
    "fillingDate": "2003-03-19",
    "acceptedDate": "2003-03-18 21:57:12",
    "calendarYear": "2001",
    "period": "Q4",
    "revenue": 5282000000,
    "costOfRevenue": 1614000000,
    "grossProfit": 3668000000,
    "grossProfitRatio": 0.6944339265,
    "researchAndDevelopmentExpenses": 760000000,
    "generalAndAdministrativeExpenses": 1111000000,
    "sellingAndMarketingExpenses": 330000000,
    "sellingGeneralAndAdministrativeExpenses": 1441000000,
    "otherExpenses": 77000000,
    "operatingExpenses": 2278000000,
    "costAndExpenses": 3892000000,
    "interestIncome": 0,
    "interestExpense": 0,
    "depreciationAndAmortization": 248000000,
    "ebitda": 1715000000,
    "ebitdaratio": 0.3246876183,
    "operatingIncome": 1467000000,
    "operatingIncomeRatio": 0.2777357062,
    "totalOtherIncomeExpensesNet": -3434000000,
    "incomeBeforeTax": -1967000000,
    "incomeBeforeTaxRatio": -0.3723968194,
    "incomeTaxExpense": -828000000,
    "netIncome": 1463000000,
    "netIncomeRatio": 0.2769784173,
    "eps": 0.76,
    "epsdiluted": 0.75,
    "weightedAverageShsOut": 1937000000,
    "weightedAverageShsOutDil": 1959000000,
    "link": "https://www.sec.gov/Archives/edgar/data/14272/000104746903009157/0001047469-03-009157-index.htm",
    "finalLink": "https://www.sec.gov/Archives/edgar/data/14272/000104746903009157/a2105268z10-ka.htm"
  },
  {
    "date": "2001-09-30",
    "symbol": "BMY",
    "reportedCurrency": "USD",
    "cik": "0000014272",
    "fillingDate": "2001-11-14",
    "acceptedDate": "2001-11-14 00:00:00",
    "calendarYear": "2001",
    "period": "Q3",
    "revenue": 4743000000,
    "costOfRevenue": 1331000000,
    "grossProfit": 3412000000,
    "grossProfitRatio": 0.7193759224,
    "researchAndDevelopmentExpenses": 496000000,
    "generalAndAdministrativeExpenses": 939000000,
    "sellingAndMarketingExpenses": 302000000,
    "sellingGeneralAndAdministrativeExpenses": 1241000000,
    "otherExpenses": 0,
    "operatingExpenses": 1737000000,
    "costAndExpenses": 3068000000,
    "interestIncome": 0,
    "interestExpense": 0,
    "depreciationAndAmortization": 137000000,
    "ebitda": 1649000000,
    "ebitdaratio": 0.3476702509,
    "operatingIncome": 1512000000,
    "operatingIncomeRatio": 0.3187855787,
    "totalOtherIncomeExpensesNet": 91000000,
    "incomeBeforeTax": 1603000000,
    "incomeBeforeTaxRatio": 0.3379717478,
    "incomeTaxExpense": 385000000,
    "netIncome": 1187000000,
    "netIncomeRatio": 0.2502635463,
    "eps": 0.64,
    "epsdiluted": 0.61,
    "weightedAverageShsOut": 1936000000,
    "weightedAverageShsOutDil": 1960000000,
    "link": "https://www.sec.gov/Archives/edgar/data/14272/000001427201500024/0000014272-01-500024-index.htm",
    "finalLink": "https://www.sec.gov/Archives/edgar/data/14272/000001427201500024/bmssept.htm"
  },
  {
    "date": "2001-06-30",
    "symbol": "BMY",
    "reportedCurrency": "USD",
    "cik": "0000014272",
    "fillingDate": "2001-08-14",
    "acceptedDate": "2001-08-14 00:00:00",
    "calendarYear": "2001",
    "period": "Q2",
    "revenue": 4709000000,
    "costOfRevenue": 1347000000,
    "grossProfit": 3362000000,
    "grossProfitRatio": 0.7139520068,
    "researchAndDevelopmentExpenses": 495000000,
    "generalAndAdministrativeExpenses": 942000000,
    "sellingAndMarketingExpenses": 424000000,
    "sellingGeneralAndAdministrativeExpenses": 1366000000,
    "otherExpenses": 0,
    "operatingExpenses": 1861000000,
    "costAndExpenses": 3208000000,
    "interestIncome": 0,
    "interestExpense": 0,
    "depreciationAndAmortization": 178000000,
    "ebitda": 1655000000,
    "ebitdaratio": 0.3514546613,
    "operatingIncome": 1477000000,
    "operatingIncomeRatio": 0.3136547038,
    "totalOtherIncomeExpensesNet": 24000000,
    "incomeBeforeTax": 1501000000,
    "incomeBeforeTaxRatio": 0.3187513272,
    "incomeTaxExpense": 399000000,
    "netIncome": 1201000000,
    "netIncomeRatio": 0.2550435337,
    "eps": 0.62,
    "epsdiluted": 0.61,
    "weightedAverageShsOut": 1940000000,
    "weightedAverageShsOutDil": 1964000000,
    "link": "https://www.sec.gov/Archives/edgar/data/14272/000100547701500666/0001005477-01-500666-index.htm",
    "finalLink": "https://www.sec.gov/Archives/edgar/data/14272/000100547701500666/form-10q.txt"
  },
  {
    "date": "2001-03-31",
    "symbol": "BMY",
    "reportedCurrency": "USD",
    "cik": "0000014272",
    "fillingDate": "2001-05-16",
    "acceptedDate": "2001-05-16 00:00:00",
    "calendarYear": "2001",
    "period": "Q1",
    "revenue": 4689000000,
    "costOfRevenue": 1283000000,
    "grossProfit": 3406000000,
    "grossProfitRatio": 0.7263808914,
    "researchAndDevelopmentExpenses": 508000000,
    "generalAndAdministrativeExpenses": 834000000,
    "sellingAndMarketingExpenses": 377000000,
    "sellingGeneralAndAdministrativeExpenses": 1211000000,
    "otherExpenses": 0,
    "operatingExpenses": 1719000000,
    "costAndExpenses": 3079000000,
    "interestIncome": 0,
    "interestExpense": 0,
    "depreciationAndAmortization": 185000000,
    "ebitda": 1795000000,
    "ebitdaratio": 0.3828108339,
    "operatingIncome": 1610000000,
    "operatingIncomeRatio": 0.3433567925,
    "totalOtherIncomeExpensesNet": 77000000,
    "incomeBeforeTax": 1687000000,
    "incomeBeforeTaxRatio": 0.3597782043,
    "incomeTaxExpense": 444000000,
    "netIncome": 1336000000,
    "netIncomeRatio": 0.2849221582,
    "eps": 0.69,
    "epsdiluted": 0.68,
    "weightedAverageShsOut": 1948000000,
    "weightedAverageShsOutDil": 1978000000,
    "link": "https://www.sec.gov/Archives/edgar/data/14272/000001427201500007/0000014272-01-500007-index.htm",
    "finalLink": "https://www.sec.gov/Archives/edgar/data/14272/000001427201500007/r10q331.htm"
  },
  {
    "date": "2000-12-31",
    "symbol": "BMY",
    "reportedCurrency": "USD",
    "cik": "0000014272",
    "fillingDate": "2001-04-02",
    "acceptedDate": "2001-04-02 00:00:00",
    "calendarYear": "2000",
    "period": "Q4",
    "revenue": 4784000000,
    "costOfRevenue": 1102000000,
    "grossProfit": 3682000000,
    "grossProfitRatio": 0.7696488294,
    "researchAndDevelopmentExpenses": 520000000,
    "generalAndAdministrativeExpenses": -346000000,
    "sellingAndMarketingExpenses": 1672000000,
    "sellingGeneralAndAdministrativeExpenses": -1150000000,
    "otherExpenses": 2706000000,
    "operatingExpenses": 2076000000,
    "costAndExpenses": 3178000000,
    "interestIncome": 0,
    "interestExpense": 0,
    "depreciationAndAmortization": 186000000,
    "ebitda": 1792000000,
    "ebitdaratio": 0.3745819398,
    "operatingIncome": 1606000000,
    "operatingIncomeRatio": 0.3357023411,
    "totalOtherIncomeExpensesNet": -160000000,
    "incomeBeforeTax": 1446000000,
    "incomeBeforeTaxRatio": 0.3022575251,
    "incomeTaxExpense": 377000000,
    "netIncome": 1163000000,
    "netIncomeRatio": 0.2431020067,
    "eps": 0.6,
    "epsdiluted": 0.59,
    "weightedAverageShsOut": 1953000000,
    "weightedAverageShsOutDil": 1988000000,
    "link": "https://www.sec.gov/Archives/edgar/data/14272/000001427201500006/0000014272-01-500006-index.htm",
    "finalLink": "https://www.sec.gov/Archives/edgar/data/14272/000001427201500006/r10k1231.htm"
  },
  {
    "date": "2000-09-30",
    "symbol": "BMY",
    "reportedCurrency": "USD",
    "cik": "0000014272",
    "fillingDate": "2000-11-14",
    "acceptedDate": "2000-11-14 00:00:00",
    "calendarYear": "2000",
    "period": "Q3",
    "revenue": 4563000000,
    "costOfRevenue": 1013000000,
    "grossProfit": 3550000000,
    "grossProfitRatio": 0.7779969318,
    "researchAndDevelopmentExpenses": 479000000,
    "generalAndAdministrativeExpenses": 1001000000,
    "sellingAndMarketingExpenses": 0,
    "sellingGeneralAndAdministrativeExpenses": 1001000000,
    "otherExpenses": 543000000,
    "operatingExpenses": 2023000000,
    "costAndExpenses": 3036000000,
    "interestIncome": 0,
    "interestExpense": 0,
    "depreciationAndAmortization": 187000000,
    "ebitda": 1714000000,
    "ebitdaratio": 0.3756300679,
    "operatingIncome": 1527000000,
    "operatingIncomeRatio": 0.3346482577,
    "totalOtherIncomeExpensesNet": -386000000,
    "incomeBeforeTax": 1141000000,
    "incomeBeforeTaxRatio": 0.2500547885,
    "incomeTaxExpense": 248000000,
    "netIncome": 1236000000,
    "netIncomeRatio": 0.2708744247,
    "eps": 0.63,
    "epsdiluted": 0.62,
    "weightedAverageShsOut": 1963000000,
    "weightedAverageShsOutDil": 1991000000,
    "link": "https://www.sec.gov/Archives/edgar/data/14272/000001427200500007/0000014272-00-500007-index.htm",
    "finalLink": "https://www.sec.gov/Archives/edgar/data/14272/000001427200500007/r10q930.htm"
  },
  {
    "date": "2000-06-30",
    "symbol": "BMY",
    "reportedCurrency": "USD",
    "cik": "0000014272",
    "fillingDate": "2000-08-15",
    "acceptedDate": "2000-08-15 00:00:00",
    "calendarYear": "2000",
    "period": "Q2",
    "revenue": 5275000000,
    "costOfRevenue": 1200000000,
    "grossProfit": 4075000000,
    "grossProfitRatio": 0.7725118483,
    "researchAndDevelopmentExpenses": 472000000,
    "generalAndAdministrativeExpenses": 0,
    "sellingAndMarketingExpenses": 738000000,
    "sellingGeneralAndAdministrativeExpenses": 1114000000,
    "otherExpenses": 990000000,
    "operatingExpenses": 2576000000,
    "costAndExpenses": 3038000000,
    "interestIncome": 0,
    "interestExpense": 0,
    "depreciationAndAmortization": 186000000,
    "ebitda": 1685000000,
    "ebitdaratio": 0.3194312796,
    "operatingIncome": 1499000000,
    "operatingIncomeRatio": 0.2841706161,
    "totalOtherIncomeExpensesNet": 0,
    "incomeBeforeTax": 1499000000,
    "incomeBeforeTaxRatio": 0.2841706161,
    "incomeTaxExpense": 408000000,
    "netIncome": 1091000000,
    "netIncomeRatio": 0.2068246445,
    "eps": 0.55,
    "epsdiluted": 0.54,
    "weightedAverageShsOut": 1970000000,
    "weightedAverageShsOutDil": 2002000000,
    "link": "https://www.sec.gov/Archives/edgar/data/14272/000001427200500005/0000014272-00-500005-index.htm",
    "finalLink": "https://www.sec.gov/Archives/edgar/data/14272/000001427200500005/r10q630.htm"
  },
  {
    "date": "2000-03-31",
    "symbol": "BMY",
    "reportedCurrency": "USD",
    "cik": "0000014272",
    "fillingDate": "2000-05-15",
    "acceptedDate": "2000-05-15 00:00:00",
    "calendarYear": "2000",
    "period": "Q1",
    "revenue": 5260000000,
    "costOfRevenue": 1192000000,
    "grossProfit": 4068000000,
    "grossProfitRatio": 0.7733840304,
    "researchAndDevelopmentExpenses": 468000000,
    "generalAndAdministrativeExpenses": 0,
    "sellingAndMarketingExpenses": 390000000,
    "sellingGeneralAndAdministrativeExpenses": 931000000,
    "otherExpenses": 991000000,
    "operatingExpenses": 2390000000,
    "costAndExpenses": 3582000000,
    "interestIncome": 0,
    "interestExpense": 0,
    "depreciationAndAmortization": 187000000,
    "ebitda": 1717000000,
    "ebitdaratio": 0.3264258555,
    "operatingIncome": 1530000000,
    "operatingIncomeRatio": 0.2908745247,
    "totalOtherIncomeExpensesNet": 0,
    "incomeBeforeTax": 1530000000,
    "incomeBeforeTaxRatio": 0.2908745247,
    "incomeTaxExpense": 401000000,
    "netIncome": 1221000000,
    "netIncomeRatio": 0.2321292776,
    "eps": 0.62,
    "epsdiluted": 0.61,
    "weightedAverageShsOut": 1976000000,
    "weightedAverageShsOutDil": 2009000000,
    "link": "https://www.sec.gov/Archives/edgar/data/14272/000001427200000006/0000014272-00-000006-index.html",
    "finalLink": "https://www.sec.gov/Archives/edgar/data/14272/000001427200000006/"
  },
  {
    "date": "1999-12-31",
    "symbol": "BMY",
    "reportedCurrency": "USD",
    "cik": "0000014272",
    "fillingDate": "2000-03-30",
    "acceptedDate": "2000-03-30 00:00:00",
    "calendarYear": "1999",
    "period": "Q4",
    "revenue": 5408000000,
    "costOfRevenue": 1282000000,
    "grossProfit": 4126000000,
    "grossProfitRatio": 0.762943787,
    "researchAndDevelopmentExpenses": 515000000,
    "generalAndAdministrativeExpenses": 0,
    "sellingAndMarketingExpenses": 0,
    "sellingGeneralAndAdministrativeExpenses": 1881000000,
    "otherExpenses": 189000000,
    "operatingExpenses": 2585000000,
    "costAndExpenses": 3867000000,
    "interestIncome": 0,
    "interestExpense": 0,
    "depreciationAndAmortization": 189000000,
    "ebitda": 1730000000,
    "ebitdaratio": 0.3198964497,
    "operatingIncome": 1541000000,
    "operatingIncomeRatio": 0.2849482249,
    "totalOtherIncomeExpensesNet": -86000000,
    "incomeBeforeTax": 1455000000,
    "incomeBeforeTaxRatio": 0.269045858,
    "incomeTaxExpense": 403000000,
    "netIncome": 1052000000,
    "netIncomeRatio": 0.1945266272,
    "eps": 0.53,
    "epsdiluted": 0.52,
    "weightedAverageShsOut": 1981000000,
    "weightedAverageShsOutDil": 2027000000,
    "link": "https://www.sec.gov/Archives/edgar/data/14272/000001427200000002/0000014272-00-000002-index.html",
    "finalLink": "https://www.sec.gov/Archives/edgar/data/14272/000001427200000002/"
  },
  {
    "date": "1999-09-30",
    "symbol": "BMY",
    "reportedCurrency": "USD",
    "cik": "0000014272",
    "fillingDate": "1999-11-12",
    "acceptedDate": "1999-11-12 00:00:00",
    "calendarYear": "1999",
    "period": "Q3",
    "revenue": 5040000000,
    "costOfRevenue": 1244000000,
    "grossProfit": 3796000000,
    "grossProfitRatio": 0.7531746032,
    "researchAndDevelopmentExpenses": 452000000,
    "generalAndAdministrativeExpenses": 0,
    "sellingAndMarketingExpenses": 0,
    "sellingGeneralAndAdministrativeExpenses": 1262000000,
    "otherExpenses": 137000000,
    "operatingExpenses": 1851000000,
    "costAndExpenses": 3522000000,
    "interestIncome": 0,
    "interestExpense": 0,
    "depreciationAndAmortization": 158000000,
    "ebitda": 1500000000,
    "ebitdaratio": 0.2976190476,
    "operatingIncome": 1342000000,
    "operatingIncomeRatio": 0.2662698413,
    "totalOtherIncomeExpensesNet": 0,
    "incomeBeforeTax": 1342000000,
    "incomeBeforeTaxRatio": 0.2662698413,
    "incomeTaxExpense": 354000000,
    "netIncome": 1097000000,
    "netIncomeRatio": 0.2176587302,
    "eps": 0.55,
    "epsdiluted": 0.54,
    "weightedAverageShsOut": 1984000000,
    "weightedAverageShsOutDil": 2028000000,
    "link": "https://www.sec.gov/Archives/edgar/data/14272/000001427299000015/0000014272-99-000015-index.html",
    "finalLink": "https://www.sec.gov/Archives/edgar/data/14272/000001427299000015/"
  },
  {
    "date": "1999-06-30",
    "symbol": "BMY",
    "reportedCurrency": "USD",
    "cik": "0000014272",
    "fillingDate": "1999-08-13",
    "acceptedDate": "1999-08-13 00:00:00",
    "calendarYear": "1999",
    "period": "Q2",
    "revenue": 4920000000,
    "costOfRevenue": 1197000000,
    "grossProfit": 3723000000,
    "grossProfitRatio": 0.7567073171,
    "researchAndDevelopmentExpenses": 453000000,
    "generalAndAdministrativeExpenses": 0,
    "sellingAndMarketingExpenses": 0,
    "sellingGeneralAndAdministrativeExpenses": 1788000000,
    "otherExpenses": 164000000,
    "operatingExpenses": 2405000000,
    "costAndExpenses": 3602000000,
    "interestIncome": 0,
    "interestExpense": 0,
    "depreciationAndAmortization": 164000000,
    "ebitda": 1482000000,
    "ebitdaratio": 0.3012195122,
    "operatingIncome": 1318000000,
    "operatingIncomeRatio": 0.2678861789,
    "totalOtherIncomeExpensesNet": 0,
    "incomeBeforeTax": 1318000000,
    "incomeBeforeTaxRatio": 0.2678861789,
    "incomeTaxExpense": 366000000,
    "netIncome": 952000000,
    "netIncomeRatio": 0.193495935,
    "eps": 0.48,
    "epsdiluted": 0.47,
    "weightedAverageShsOut": 1983333333,
    "weightedAverageShsOutDil": 2025531915,
    "link": "https://www.sec.gov/Archives/edgar/data/14272/000001427299000007/0000014272-99-000007-index.html",
    "finalLink": "https://www.sec.gov/Archives/edgar/data/14272/000001427299000007/"
  },
  {
    "date": "1999-03-31",
    "symbol": "BMY",
    "reportedCurrency": "USD",
    "cik": "0000014272",
    "fillingDate": "1999-05-14",
    "acceptedDate": "1999-05-14 00:00:00",
    "calendarYear": "1999",
    "period": "Q1",
    "revenue": 4854000000,
    "costOfRevenue": 1138000000,
    "grossProfit": 3716000000,
    "grossProfitRatio": 0.7655541821,
    "researchAndDevelopmentExpenses": 423000000,
    "generalAndAdministrativeExpenses": 0,
    "sellingAndMarketingExpenses": 0,
    "sellingGeneralAndAdministrativeExpenses": 1650000000,
    "otherExpenses": 167000000,
    "operatingExpenses": 2240000000,
    "costAndExpenses": 3378000000,
    "interestIncome": 0,
    "interestExpense": 0,
    "depreciationAndAmortization": 167000000,
    "ebitda": 1643000000,
    "ebitdaratio": 0.3384837248,
    "operatingIncome": 1476000000,
    "operatingIncomeRatio": 0.30407911,
    "totalOtherIncomeExpensesNet": 0,
    "incomeBeforeTax": 1476000000,
    "incomeBeforeTaxRatio": 0.30407911,
    "incomeTaxExpense": 410000000,
    "netIncome": 1066000000,
    "netIncomeRatio": 0.2196126906,
    "eps": 0.54,
    "epsdiluted": 0.53,
    "weightedAverageShsOut": 1985000000,
    "weightedAverageShsOutDil": 2029000000,
    "link": "https://www.sec.gov/Archives/edgar/data/14272/000001427299000004/0000014272-99-000004-index.html",
    "finalLink": "https://www.sec.gov/Archives/edgar/data/14272/"
  },
  {
    "date": "1998-12-31",
    "symbol": "BMY",
    "reportedCurrency": "USD",
    "cik": "0000014272",
    "fillingDate": "1999-03-30",
    "acceptedDate": "1999-03-30 00:00:00",
    "calendarYear": "1998",
    "period": "Q4",
    "revenue": 4885000000,
    "costOfRevenue": 1139000000,
    "grossProfit": 3746000000,
    "grossProfitRatio": 0.7668372569,
    "researchAndDevelopmentExpenses": 412000000,
    "generalAndAdministrativeExpenses": 0,
    "sellingAndMarketingExpenses": 0,
    "sellingGeneralAndAdministrativeExpenses": 1847000000,
    "otherExpenses": 168000000,
    "operatingExpenses": 2427000000,
    "costAndExpenses": 3566000000,
    "interestIncome": 0,
    "interestExpense": 0,
    "depreciationAndAmortization": 168000000,
    "ebitda": 1487000000,
    "ebitdaratio": 0.3044012282,
    "operatingIncome": 1319000000,
    "operatingIncomeRatio": 0.2700102354,
    "totalOtherIncomeExpensesNet": -853000000,
    "incomeBeforeTax": 466000000,
    "incomeBeforeTaxRatio": 0.0953940635,
    "incomeTaxExpense": 53000000,
    "netIncome": 413000000,
    "netIncomeRatio": 0.0845445241,
    "eps": 0.21,
    "epsdiluted": 0.2,
    "weightedAverageShsOut": 1984000000,
    "weightedAverageShsOutDil": 2028000000,
    "link": "https://www.sec.gov/Archives/edgar/data/14272/000001427299000002/0000014272-99-000002-index.html",
    "finalLink": "https://www.sec.gov/Archives/edgar/data/14272/"
  },
  {
    "date": "1998-09-30",
    "symbol": "BMY",
    "reportedCurrency": "USD",
    "cik": "0000014272",
    "fillingDate": "1998-11-16",
    "acceptedDate": "1998-11-16 00:00:00",
    "calendarYear": "1998",
    "period": "Q3",
    "revenue": 4523000000,
    "costOfRevenue": 1035000000,
    "grossProfit": 3488000000,
    "grossProfitRatio": 0.7711695777,
    "researchAndDevelopmentExpenses": 398000000,
    "generalAndAdministrativeExpenses": 0,
    "sellingAndMarketingExpenses": 0,
    "sellingGeneralAndAdministrativeExpenses": 1588000000,
    "otherExpenses": 156000000,
    "operatingExpenses": 2142000000,
    "costAndExpenses": 3177000000,
    "interestIncome": 0,
    "interestExpense": 0,
    "depreciationAndAmortization": 156000000,
    "ebitda": 1502000000,
    "ebitdaratio": 0.3320804776,
    "operatingIncome": 1346000000,
    "operatingIncomeRatio": 0.2975900951,
    "totalOtherIncomeExpensesNet": 0,
    "incomeBeforeTax": 1346000000,
    "incomeBeforeTaxRatio": 0.2975900951,
    "incomeTaxExpense": 380000000,
    "netIncome": 966000000,
    "netIncomeRatio": 0.2135750608,
    "eps": 0.49,
    "epsdiluted": 0.48,
    "weightedAverageShsOut": 1990000000,
    "weightedAverageShsOutDil": 2030000000,
    "link": "https://www.sec.gov/Archives/edgar/data/14272/000001427298000011/0000014272-98-000011-index.html",
    "finalLink": "https://www.sec.gov/Archives/edgar/data/14272/"
  },
  {
    "date": "1998-06-30",
    "symbol": "BMY",
    "reportedCurrency": "USD",
    "cik": "0000014272",
    "fillingDate": "1998-08-13",
    "acceptedDate": "1998-08-13 00:00:00",
    "calendarYear": "1998",
    "period": "Q2",
    "revenue": 4430000000,
    "costOfRevenue": 1060000000,
    "grossProfit": 3370000000,
    "grossProfitRatio": 0.7607223476,
    "researchAndDevelopmentExpenses": 384000000,
    "generalAndAdministrativeExpenses": 0,
    "sellingAndMarketingExpenses": 0,
    "sellingGeneralAndAdministrativeExpenses": 1676000000,
    "otherExpenses": 146000000,
    "operatingExpenses": 2206000000,
    "costAndExpenses": 3266000000,
    "interestIncome": 0,
    "interestExpense": 0,
    "depreciationAndAmortization": 146000000,
    "ebitda": 1310000000,
    "ebitdaratio": 0.2957110609,
    "operatingIncome": 1164000000,
    "operatingIncomeRatio": 0.2627539503,
    "totalOtherIncomeExpensesNet": 0,
    "incomeBeforeTax": 1164000000,
    "incomeBeforeTaxRatio": 0.2627539503,
    "incomeTaxExpense": 329000000,
    "netIncome": 835000000,
    "netIncomeRatio": 0.1884875847,
    "eps": 0.42,
    "epsdiluted": 0.41,
    "weightedAverageShsOut": 1986000000,
    "weightedAverageShsOutDil": 2032000000,
    "link": "https://www.sec.gov/Archives/edgar/data/14272/000001427298000008/0000014272-98-000008-index.html",
    "finalLink": "https://www.sec.gov/Archives/edgar/data/14272/"
  },
  {
    "date": "1998-03-31",
    "symbol": "BMY",
    "reportedCurrency": "USD",
    "cik": "0000014272",
    "fillingDate": "1998-05-14",
    "acceptedDate": "1998-05-14 00:00:00",
    "calendarYear": "1998",
    "period": "Q1",
    "revenue": 4446000000,
    "costOfRevenue": 997000000,
    "grossProfit": 3449000000,
    "grossProfitRatio": 0.7757534863,
    "researchAndDevelopmentExpenses": 383000000,
    "generalAndAdministrativeExpenses": 0,
    "sellingAndMarketingExpenses": 0,
    "sellingGeneralAndAdministrativeExpenses": 1619000000,
    "otherExpenses": 155000000,
    "operatingExpenses": 2157000000,
    "costAndExpenses": 3154000000,
    "interestIncome": 0,
    "interestExpense": 0,
    "depreciationAndAmortization": 155000000,
    "ebitda": 1447000000,
    "ebitdaratio": 0.3254610886,
    "operatingIncome": 1292000000,
    "operatingIncomeRatio": 0.2905982906,
    "totalOtherIncomeExpensesNet": 0,
    "incomeBeforeTax": 1292000000,
    "incomeBeforeTaxRatio": 0.2905982906,
    "incomeTaxExpense": 365000000,
    "netIncome": 927000000,
    "netIncomeRatio": 0.2085020243,
    "eps": 0.47,
    "epsdiluted": 0.46,
    "weightedAverageShsOut": 1986000000,
    "weightedAverageShsOutDil": 2034000000,
    "link": "https://www.sec.gov/Archives/edgar/data/14272/000001427298000006/0000014272-98-000006-index.html",
    "finalLink": "https://www.sec.gov/Archives/edgar/data/14272/"
  },
  {
    "date": "1997-12-31",
    "symbol": "BMY",
    "reportedCurrency": "USD",
    "cik": "0000014272",
    "fillingDate": "1998-03-31",
    "acceptedDate": "1998-03-31 00:00:00",
    "calendarYear": "1997",
    "period": "Q4",
    "revenue": 4441000000,
    "costOfRevenue": 997000000,
    "grossProfit": 3444000000,
    "grossProfitRatio": 0.7755010133,
    "researchAndDevelopmentExpenses": 392000000,
    "generalAndAdministrativeExpenses": 0,
    "sellingAndMarketingExpenses": 0,
    "sellingGeneralAndAdministrativeExpenses": 1793000000,
    "otherExpenses": 182000000,
    "operatingExpenses": 2367000000,
    "costAndExpenses": 3364000000,
    "interestIncome": 0,
    "interestExpense": 0,
    "depreciationAndAmortization": 182000000,
    "ebitda": 1259000000,
    "ebitdaratio": 0.2834947084,
    "operatingIncome": 1077000000,
    "operatingIncomeRatio": 0.2425129475,
    "totalOtherIncomeExpensesNet": 44000000,
    "incomeBeforeTax": 1121000000,
    "incomeBeforeTaxRatio": 0.252420626,
    "incomeTaxExpense": 319000000,
    "netIncome": 802000000,
    "netIncomeRatio": 0.1805899572,
    "eps": 0.4,
    "epsdiluted": 0.39,
    "weightedAverageShsOut": 1986000000,
    "weightedAverageShsOutDil": 2060000000,
    "link": "https://www.sec.gov/Archives/edgar/data/14272/000001427298000002/0000014272-98-000002-index.html",
    "finalLink": "https://www.sec.gov/Archives/edgar/data/14272/"
  },
  {
    "date": "1997-09-30",
    "symbol": "BMY",
    "reportedCurrency": "USD",
    "cik": "0000014272",
    "fillingDate": "1997-11-14",
    "acceptedDate": "1997-11-14 00:00:00",
    "calendarYear": "1997",
    "period": "Q3",
    "revenue": 4151000000,
    "costOfRevenue": 970000000,
    "grossProfit": 3181000000,
    "grossProfitRatio": 0.7663213683,
    "researchAndDevelopmentExpenses": 346000000,
    "generalAndAdministrativeExpenses": 0,
    "sellingAndMarketingExpenses": 0,
    "sellingGeneralAndAdministrativeExpenses": 1499000000,
    "otherExpenses": 140000000,
    "operatingExpenses": 1985000000,
    "costAndExpenses": 2955000000,
    "interestIncome": 0,
    "interestExpense": 0,
    "depreciationAndAmortization": 140000000,
    "ebitda": 1336000000,
    "ebitdaratio": 0.3218501566,
    "operatingIncome": 1196000000,
    "operatingIncomeRatio": 0.2881233438,
    "totalOtherIncomeExpensesNet": 0,
    "incomeBeforeTax": 1196000000,
    "incomeBeforeTaxRatio": 0.2881233438,
    "incomeTaxExpense": 341000000,
    "netIncome": 855000000,
    "netIncomeRatio": 0.205974464,
    "eps": 0.43,
    "epsdiluted": 0.42,
    "weightedAverageShsOut": 1990000000,
    "weightedAverageShsOutDil": 2042000000,
    "link": "https://www.sec.gov/Archives/edgar/data/14272/000001427297000017/0000014272-97-000017-index.html",
    "finalLink": "https://www.sec.gov/Archives/edgar/data/14272/"
  },
  {
    "date": "1997-06-30",
    "symbol": "BMY",
    "reportedCurrency": "USD",
    "cik": "0000014272",
    "fillingDate": "1997-08-07",
    "acceptedDate": "1997-08-07 00:00:00",
    "calendarYear": "1997",
    "period": "Q2",
    "revenue": 4064000000,
    "costOfRevenue": 962000000,
    "grossProfit": 3102000000,
    "grossProfitRatio": 0.7632874016,
    "researchAndDevelopmentExpenses": 321000000,
    "generalAndAdministrativeExpenses": 0,
    "sellingAndMarketingExpenses": 0,
    "sellingGeneralAndAdministrativeExpenses": 1614000000,
    "otherExpenses": 135000000,
    "operatingExpenses": 2070000000,
    "costAndExpenses": 3032000000,
    "interestIncome": 0,
    "interestExpense": 0,
    "depreciationAndAmortization": 135000000,
    "ebitda": 1167000000,
    "ebitdaratio": 0.2871555118,
    "operatingIncome": 1032000000,
    "operatingIncomeRatio": 0.2539370079,
    "totalOtherIncomeExpensesNet": 0,
    "incomeBeforeTax": 1032000000,
    "incomeBeforeTaxRatio": 0.2539370079,
    "incomeTaxExpense": 294000000,
    "netIncome": 738000000,
    "netIncomeRatio": 0.1815944882,
    "eps": 0.37,
    "epsdiluted": 0.36,
    "weightedAverageShsOut": 1992000000,
    "weightedAverageShsOutDil": 2038000000,
    "link": "https://www.sec.gov/Archives/edgar/data/14272/000001427297000015/0000014272-97-000015-index.html",
    "finalLink": "https://www.sec.gov/Archives/edgar/data/14272/"
  },
  {
    "date": "1997-03-31",
    "symbol": "BMY",
    "reportedCurrency": "USD",
    "cik": "0000014272",
    "fillingDate": "1997-05-15",
    "acceptedDate": "1997-05-15 00:00:00",
    "calendarYear": "1997",
    "period": "Q1",
    "revenue": 4045000000,
    "costOfRevenue": 944000000,
    "grossProfit": 3101000000,
    "grossProfitRatio": 0.7666254635,
    "researchAndDevelopmentExpenses": 326000000,
    "generalAndAdministrativeExpenses": 0,
    "sellingAndMarketingExpenses": 0,
    "sellingGeneralAndAdministrativeExpenses": 1508000000,
    "otherExpenses": 134000000,
    "operatingExpenses": 1968000000,
    "costAndExpenses": 2912000000,
    "interestIncome": 0,
    "interestExpense": 0,
    "depreciationAndAmortization": 134000000,
    "ebitda": 1267000000,
    "ebitdaratio": 0.3132262052,
    "operatingIncome": 1133000000,
    "operatingIncomeRatio": 0.2800988875,
    "totalOtherIncomeExpensesNet": 0,
    "incomeBeforeTax": 1133000000,
    "incomeBeforeTaxRatio": 0.2800988875,
    "incomeTaxExpense": 323000000,
    "netIncome": 810000000,
    "netIncomeRatio": 0.2002472188,
    "eps": 0.41,
    "epsdiluted": 0.4,
    "weightedAverageShsOut": 1998000000,
    "weightedAverageShsOutDil": 2040000000,
    "link": "https://www.sec.gov/Archives/edgar/data/14272/000001427297000013/0000014272-97-000013-index.html",
    "finalLink": "https://www.sec.gov/Archives/edgar/data/14272/"
  },
  {
    "date": "1996-12-31",
    "symbol": "BMY",
    "reportedCurrency": "USD",
    "cik": "0000014272",
    "fillingDate": "1997-03-31",
    "acceptedDate": "1997-03-31 00:00:00",
    "calendarYear": "1996",
    "period": "Q4",
    "revenue": 3955000000,
    "costOfRevenue": 927000000,
    "grossProfit": 3028000000,
    "grossProfitRatio": 0.7656131479,
    "researchAndDevelopmentExpenses": 328000000,
    "generalAndAdministrativeExpenses": 0,
    "sellingAndMarketingExpenses": 0,
    "sellingGeneralAndAdministrativeExpenses": 1613000000,
    "otherExpenses": 139000000,
    "operatingExpenses": 2080000000,
    "costAndExpenses": 3007000000,
    "interestIncome": 0,
    "interestExpense": 0,
    "depreciationAndAmortization": 139000000,
    "ebitda": 1087000000,
    "ebitdaratio": 0.2748419722,
    "operatingIncome": 948000000,
    "operatingIncomeRatio": 0.2396965866,
    "totalOtherIncomeExpensesNet": 60000000,
    "incomeBeforeTax": 1008000000,
    "incomeBeforeTaxRatio": 0.2548672566,
    "incomeTaxExpense": 292000000,
    "netIncome": 716000000,
    "netIncomeRatio": 0.1810366625,
    "eps": 0.35,
    "epsdiluted": 0.33,
    "weightedAverageShsOut": 2048822430,
    "weightedAverageShsOutDil": 2160822430,
    "link": "https://www.sec.gov/Archives/edgar/data/14272/000001427297000008/0000014272-97-000008-index.html",
    "finalLink": "https://www.sec.gov/Archives/edgar/data/14272/"
  },
  {
    "date": "1996-09-30",
    "symbol": "BMY",
    "reportedCurrency": "USD",
    "cik": "0000014272",
    "fillingDate": "1996-11-13",
    "acceptedDate": "1996-11-13 00:00:00",
    "calendarYear": "1996",
    "period": "Q3",
    "revenue": 3745000000,
    "costOfRevenue": 877000000,
    "grossProfit": 2868000000,
    "grossProfitRatio": 0.7658210948,
    "researchAndDevelopmentExpenses": 336000000,
    "generalAndAdministrativeExpenses": 0,
    "sellingAndMarketingExpenses": 0,
    "sellingGeneralAndAdministrativeExpenses": 1346000000,
    "otherExpenses": 126000000,
    "operatingExpenses": 1808000000,
    "costAndExpenses": 2685000000,
    "interestIncome": 0,
    "interestExpense": 0,
    "depreciationAndAmortization": 126000000,
    "ebitda": 1186000000,
    "ebitdaratio": 0.3166889186,
    "operatingIncome": 1060000000,
    "operatingIncomeRatio": 0.2830440587,
    "totalOtherIncomeExpensesNet": 0,
    "incomeBeforeTax": 1060000000,
    "incomeBeforeTaxRatio": 0.2830440587,
    "incomeTaxExpense": 307000000,
    "netIncome": 753000000,
    "netIncomeRatio": 0.2010680908,
    "eps": 0.38,
    "epsdiluted": 0.38,
    "weightedAverageShsOut": 1981578947,
    "weightedAverageShsOutDil": 1981578947,
    "link": "https://www.sec.gov/Archives/edgar/data/14272/000001427296000016/0000014272-96-000016-index.html",
    "finalLink": "https://www.sec.gov/Archives/edgar/data/14272/"
  },
  {
    "date": "1996-06-30",
    "symbol": "BMY",
    "reportedCurrency": "USD",
    "cik": "0000014272",
    "fillingDate": "1996-08-14",
    "acceptedDate": "1996-08-14 00:00:00",
    "calendarYear": "1996",
    "period": "Q2",
    "revenue": 3696000000,
    "costOfRevenue": 839000000,
    "grossProfit": 2857000000,
    "grossProfitRatio": 0.7729978355,
    "researchAndDevelopmentExpenses": 309000000,
    "generalAndAdministrativeExpenses": 0,
    "sellingAndMarketingExpenses": 0,
    "sellingGeneralAndAdministrativeExpenses": 1502000000,
    "otherExpenses": 123000000,
    "operatingExpenses": 1934000000,
    "costAndExpenses": 2773000000,
    "interestIncome": 0,
    "interestExpense": 0,
    "depreciationAndAmortization": 123000000,
    "ebitda": 1046000000,
    "ebitdaratio": 0.283008658,
    "operatingIncome": 923000000,
    "operatingIncomeRatio": 0.2497294372,
    "totalOtherIncomeExpensesNet": 0,
    "incomeBeforeTax": 923000000,
    "incomeBeforeTaxRatio": 0.2497294372,
    "incomeTaxExpense": 268000000,
    "netIncome": 655000000,
    "netIncomeRatio": 0.1772186147,
    "eps": 0.33,
    "epsdiluted": 0.33,
    "weightedAverageShsOut": 1984848485,
    "weightedAverageShsOutDil": 1984848485,
    "link": "https://www.sec.gov/Archives/edgar/data/14272/000001427296000014/0000014272-96-000014-index.html",
    "finalLink": "https://www.sec.gov/Archives/edgar/data/14272/"
  },
  {
    "date": "1996-03-31",
    "symbol": "BMY",
    "reportedCurrency": "USD",
    "cik": "0000014272",
    "fillingDate": "1996-05-15",
    "acceptedDate": "1996-05-15 00:00:00",
    "calendarYear": "1996",
    "period": "Q1",
    "revenue": 3669000000,
    "costOfRevenue": 804000000,
    "grossProfit": 2865000000,
    "grossProfitRatio": 0.7808667212,
    "researchAndDevelopmentExpenses": 302000000,
    "generalAndAdministrativeExpenses": 0,
    "sellingAndMarketingExpenses": 0,
    "sellingGeneralAndAdministrativeExpenses": 1410000000,
    "otherExpenses": 131000000,
    "operatingExpenses": 1843000000,
    "costAndExpenses": 2647000000,
    "interestIncome": 0,
    "interestExpense": 0,
    "depreciationAndAmortization": 131000000,
    "ebitda": 1153000000,
    "ebitdaratio": 0.3142545653,
    "operatingIncome": 1022000000,
    "operatingIncomeRatio": 0.2785500136,
    "totalOtherIncomeExpensesNet": 0,
    "incomeBeforeTax": 1022000000,
    "incomeBeforeTaxRatio": 0.2785500136,
    "incomeTaxExpense": 296000000,
    "netIncome": 726000000,
    "netIncomeRatio": 0.1978740801,
    "eps": 0.36,
    "epsdiluted": 0.36,
    "weightedAverageShsOut": 2016666667,
    "weightedAverageShsOutDil": 2016666667,
    "link": "https://www.sec.gov/Archives/edgar/data/14272/000001427296000005/0000014272-96-000005-index.html",
    "finalLink": "https://www.sec.gov/Archives/edgar/data/14272/"
  },
  {
    "date": "1995-12-31",
    "symbol": "BMY",
    "reportedCurrency": "USD",
    "cik": "0000014272",
    "fillingDate": "1996-03-28",
    "acceptedDate": "1996-03-28 00:00:00",
    "calendarYear": "1995",
    "period": "Q4",
    "revenue": 3608000000,
    "costOfRevenue": 732000000,
    "grossProfit": 2876000000,
    "grossProfitRatio": 0.7971175166,
    "researchAndDevelopmentExpenses": 323000000,
    "generalAndAdministrativeExpenses": 0,
    "sellingAndMarketingExpenses": 0,
    "sellingGeneralAndAdministrativeExpenses": 1501000000,
    "otherExpenses": 189000000,
    "operatingExpenses": 2013000000,
    "costAndExpenses": 2745000000,
    "interestIncome": 0,
    "interestExpense": 0,
    "depreciationAndAmortization": 189000000,
    "ebitda": 1052000000,
    "ebitdaratio": 0.2915742794,
    "operatingIncome": 863000000,
    "operatingIncomeRatio": 0.2391906874,
    "totalOtherIncomeExpensesNet": -1213000000,
    "incomeBeforeTax": -350000000,
    "incomeBeforeTaxRatio": -0.0970066519,
    "incomeTaxExpense": -208000000,
    "netIncome": -142000000,
    "netIncomeRatio": -0.0393569845,
    "eps": -0.0706,
    "epsdiluted": -0.0695,
    "weightedAverageShsOut": 2012000000,
    "weightedAverageShsOutDil": 2044000000,
    "link": "https://www.sec.gov/Archives/edgar/data/14272/000001427296000002/0000014272-96-000002-index.html",
    "finalLink": "https://www.sec.gov/Archives/edgar/data/14272/"
  },
  {
    "date": "1995-09-30",
    "symbol": "BMY",
    "reportedCurrency": "USD",
    "cik": "0000014272",
    "fillingDate": "1995-11-14",
    "acceptedDate": "1995-11-14 00:00:00",
    "calendarYear": "1995",
    "period": "Q3",
    "revenue": 3413000000,
    "costOfRevenue": 843000000,
    "grossProfit": 2570000000,
    "grossProfitRatio": 0.753003223,
    "researchAndDevelopmentExpenses": 293000000,
    "generalAndAdministrativeExpenses": 0,
    "sellingAndMarketingExpenses": 0,
    "sellingGeneralAndAdministrativeExpenses": 1232000000,
    "otherExpenses": 87000000,
    "operatingExpenses": 1612000000,
    "costAndExpenses": 2455000000,
    "interestIncome": 0,
    "interestExpense": 0,
    "depreciationAndAmortization": 87000000,
    "ebitda": 1045000000,
    "ebitdaratio": 0.3061822444,
    "operatingIncome": 958000000,
    "operatingIncomeRatio": 0.2806914738,
    "totalOtherIncomeExpensesNet": 0,
    "incomeBeforeTax": 958000000,
    "incomeBeforeTaxRatio": 0.2806914738,
    "incomeTaxExpense": 269000000,
    "netIncome": 689000000,
    "netIncomeRatio": 0.2018751831,
    "eps": 0.34,
    "epsdiluted": 0.34,
    "weightedAverageShsOut": 2024000000,
    "weightedAverageShsOutDil": 2024000000,
    "link": "https://www.sec.gov/Archives/edgar/data/14272/000001427295000009/0000014272-95-000009-index.html",
    "finalLink": "https://www.sec.gov/Archives/edgar/data/14272/"
  }
]