[
  {
    "date": "2024-12-31",
    "symbol": "BMY",
    "reportedCurrency": "USD",
    "cik": "0000014272",
    "fillingDate": "2025-02-12",
    "acceptedDate": "2025-02-12 12:52:08",
    "calendarYear": "2024",
    "period": "FY",
    "revenue": 48300000000,
    "costOfRevenue": 20868000000,
    "grossProfit": 27432000000,
    "grossProfitRatio": 0.5679503106,
    "researchAndDevelopmentExpenses": 9782000000,
    "generalAndAdministrativeExpenses": 6365000000,
    "sellingAndMarketingExpenses": 1500000000,
    "sellingGeneralAndAdministrativeExpenses": 7865000000,
    "otherExpenses": 127000000,
    "operatingExpenses": 17774000000,
    "costAndExpenses": 38642000000,
    "interestIncome": 0,
    "interestExpense": 1947000000,
    "depreciationAndAmortization": 9600000000,
    "ebitda": 3168000000,
    "ebitdaratio": 0.0655900621,
    "operatingIncome": 9658000000,
    "operatingIncomeRatio": 0.1999585921,
    "totalOtherIncomeExpensesNet": -18037000000,
    "incomeBeforeTax": -8379000000,
    "incomeBeforeTaxRatio": -0.1734782609,
    "incomeTaxExpense": 554000000,
    "netIncome": -8948000000,
    "netIncomeRatio": -0.1852587992,
    "eps": -4.41,
    "epsdiluted": -4.41,
    "weightedAverageShsOut": 2027000000,
    "weightedAverageShsOutDil": 2027000000,
    "link": "https://www.sec.gov/Archives/edgar/data/14272/000001427225000039/0000014272-25-000039-index.htm",
    "finalLink": "https://www.sec.gov/Archives/edgar/data/14272/000001427225000039/bmy-20241231.htm"
  },
  {
    "date": "2023-12-31",
    "symbol": "BMY",
    "reportedCurrency": "USD",
    "cik": "0000014272",
    "fillingDate": "2024-02-13",
    "acceptedDate": "2024-02-13 11:54:06",
    "calendarYear": "2023",
    "period": "FY",
    "revenue": 45006000000,
    "costOfRevenue": 19649000000,
    "grossProfit": 25357000000,
    "grossProfitRatio": 0.5634137671,
    "researchAndDevelopmentExpenses": 9207000000,
    "generalAndAdministrativeExpenses": 0,
    "sellingAndMarketingExpenses": 0,
    "sellingGeneralAndAdministrativeExpenses": 7678000000,
    "otherExpenses": 0,
    "operatingExpenses": 16885000000,
    "costAndExpenses": 36534000000,
    "interestIncome": 0,
    "interestExpense": 1166000000,
    "depreciationAndAmortization": 9760000000,
    "ebitda": 19366000000,
    "ebitdaratio": 0.4302981825,
    "operatingIncome": 8472000000,
    "operatingIncomeRatio": 0.1882415678,
    "totalOtherIncomeExpensesNet": -32000000,
    "incomeBeforeTax": 8440000000,
    "incomeBeforeTaxRatio": 0.1875305515,
    "incomeTaxExpense": 400000000,
    "netIncome": 8025000000,
    "netIncomeRatio": 0.1783095587,
    "eps": 3.88,
    "epsdiluted": 3.86,
    "weightedAverageShsOut": 2069000000,
    "weightedAverageShsOutDil": 2078000000,
    "link": "https://www.sec.gov/Archives/edgar/data/14272/000001427224000044/0000014272-24-000044-index.htm",
    "finalLink": "https://www.sec.gov/Archives/edgar/data/14272/000001427224000044/bmy-20231231.htm"
  },
  {
    "date": "2022-12-31",
    "symbol": "BMY",
    "reportedCurrency": "USD",
    "cik": "0000014272",
    "fillingDate": "2023-02-14",
    "acceptedDate": "2023-02-14 16:24:27",
    "calendarYear": "2022",
    "period": "FY",
    "revenue": 46159000000,
    "costOfRevenue": 19669000000,
    "grossProfit": 26490000000,
    "grossProfitRatio": 0.5738859161,
    "researchAndDevelopmentExpenses": 9411000000,
    "generalAndAdministrativeExpenses": 0,
    "sellingAndMarketingExpenses": 0,
    "sellingGeneralAndAdministrativeExpenses": 7808000000,
    "otherExpenses": 0,
    "operatingExpenses": 17219000000,
    "costAndExpenses": 36888000000,
    "interestIncome": 0,
    "interestExpense": 1232000000,
    "depreciationAndAmortization": 10276000000,
    "ebitda": 19221000000,
    "ebitdaratio": 0.4164085011,
    "operatingIncome": 9271000000,
    "operatingIncomeRatio": 0.2008492385,
    "totalOtherIncomeExpensesNet": -1558000000,
    "incomeBeforeTax": 7713000000,
    "incomeBeforeTaxRatio": 0.1670963409,
    "incomeTaxExpense": 1368000000,
    "netIncome": 6327000000,
    "netIncomeRatio": 0.1370696939,
    "eps": 2.97,
    "epsdiluted": 2.95,
    "weightedAverageShsOut": 2130000000,
    "weightedAverageShsOutDil": 2146000000,
    "link": "https://www.sec.gov/Archives/edgar/data/14272/000001427223000046/0000014272-23-000046-index.htm",
    "finalLink": "https://www.sec.gov/Archives/edgar/data/14272/000001427223000046/bmy-20221231.htm"
  },
  {
    "date": "2021-12-31",
    "symbol": "BMY",
    "reportedCurrency": "USD",
    "cik": "0000014272",
    "fillingDate": "2022-02-09",
    "acceptedDate": "2022-02-09 11:44:38",
    "calendarYear": "2021",
    "period": "FY",
    "revenue": 46385000000,
    "costOfRevenue": 19624000000,
    "grossProfit": 26761000000,
    "grossProfitRatio": 0.5769321979,
    "researchAndDevelopmentExpenses": 9533000000,
    "generalAndAdministrativeExpenses": 0,
    "sellingAndMarketingExpenses": 0,
    "sellingGeneralAndAdministrativeExpenses": 7688000000,
    "otherExpenses": 0,
    "operatingExpenses": 17221000000,
    "costAndExpenses": 36845000000,
    "interestIncome": 0,
    "interestExpense": 1334000000,
    "depreciationAndAmortization": 10686000000,
    "ebitda": 20118000000,
    "ebitdaratio": 0.4337177967,
    "operatingIncome": 9540000000,
    "operatingIncomeRatio": 0.2056699364,
    "totalOtherIncomeExpensesNet": -1442000000,
    "incomeBeforeTax": 8098000000,
    "incomeBeforeTaxRatio": 0.1745823003,
    "incomeTaxExpense": 1084000000,
    "netIncome": 6994000000,
    "netIncomeRatio": 0.1507815026,
    "eps": 3.15,
    "epsdiluted": 3.12,
    "weightedAverageShsOut": 2221000000,
    "weightedAverageShsOutDil": 2245000000,
    "link": "https://www.sec.gov/Archives/edgar/data/14272/000001427222000051/0000014272-22-000051-index.htm",
    "finalLink": "https://www.sec.gov/Archives/edgar/data/14272/000001427222000051/bmy-20211231.htm"
  },
  {
    "date": "2020-12-31",
    "symbol": "BMY",
    "reportedCurrency": "USD",
    "cik": "0000014272",
    "fillingDate": "2021-02-10",
    "acceptedDate": "2021-02-10 15:13:50",
    "calendarYear": "2020",
    "period": "FY",
    "revenue": 42518000000,
    "costOfRevenue": 20818000000,
    "grossProfit": 21700000000,
    "grossProfitRatio": 0.5103720777,
    "researchAndDevelopmentExpenses": 9557000000,
    "generalAndAdministrativeExpenses": 0,
    "sellingAndMarketingExpenses": 0,
    "sellingGeneralAndAdministrativeExpenses": 7651000000,
    "otherExpenses": 0,
    "operatingExpenses": 17208000000,
    "costAndExpenses": 38026000000,
    "interestIncome": 0,
    "interestExpense": 1420000000,
    "depreciationAndAmortization": 10380000000,
    "ebitda": 4929000000,
    "ebitdaratio": 0.1159273719,
    "operatingIncome": 4492000000,
    "operatingIncomeRatio": 0.105649372,
    "totalOtherIncomeExpensesNet": -11363000000,
    "incomeBeforeTax": -6871000000,
    "incomeBeforeTaxRatio": -0.161602145,
    "incomeTaxExpense": 2124000000,
    "netIncome": -8995000000,
    "netIncomeRatio": -0.211557458,
    "eps": -3.98,
    "epsdiluted": -3.98,
    "weightedAverageShsOut": 2258000000,
    "weightedAverageShsOutDil": 2258000000,
    "link": "https://www.sec.gov/Archives/edgar/data/14272/000001427221000066/0000014272-21-000066-index.htm",
    "finalLink": "https://www.sec.gov/Archives/edgar/data/14272/000001427221000066/bmy-20201231.htm"
  },
  {
    "date": "2019-12-31",
    "symbol": "BMY",
    "reportedCurrency": "USD",
    "cik": "0000014272",
    "fillingDate": "2020-02-24",
    "acceptedDate": "2020-02-24 16:10:27",
    "calendarYear": "2019",
    "period": "FY",
    "revenue": 26145000000,
    "costOfRevenue": 8895000000,
    "grossProfit": 17250000000,
    "grossProfitRatio": 0.6597819851,
    "researchAndDevelopmentExpenses": 5949000000,
    "generalAndAdministrativeExpenses": 0,
    "sellingAndMarketingExpenses": 0,
    "sellingGeneralAndAdministrativeExpenses": 4862000000,
    "otherExpenses": 0,
    "operatingExpenses": 10811000000,
    "costAndExpenses": 19706000000,
    "interestIncome": 0,
    "interestExpense": 656000000,
    "depreciationAndAmortization": 1746000000,
    "ebitda": 7377000000,
    "ebitdaratio": 0.2821572002,
    "operatingIncome": 6439000000,
    "operatingIncomeRatio": 0.2462803595,
    "totalOtherIncomeExpensesNet": -1464000000,
    "incomeBeforeTax": 4975000000,
    "incomeBeforeTaxRatio": 0.1902849493,
    "incomeTaxExpense": 1515000000,
    "netIncome": 3439000000,
    "netIncomeRatio": 0.1315356665,
    "eps": 2.02,
    "epsdiluted": 2.01,
    "weightedAverageShsOut": 1705000000,
    "weightedAverageShsOutDil": 1712000000,
    "link": "https://www.sec.gov/Archives/edgar/data/14272/000001427220000082/0000014272-20-000082-index.htm",
    "finalLink": "https://www.sec.gov/Archives/edgar/data/14272/000001427220000082/bmy-20191231x10xk.htm"
  },
  {
    "date": "2018-12-31",
    "symbol": "BMY",
    "reportedCurrency": "USD",
    "cik": "0000014272",
    "fillingDate": "2019-02-25",
    "acceptedDate": "2019-02-25 16:52:22",
    "calendarYear": "2018",
    "period": "FY",
    "revenue": 22561000000,
    "costOfRevenue": 6486000000,
    "grossProfit": 16075000000,
    "grossProfitRatio": 0.7125127432,
    "researchAndDevelopmentExpenses": 5131000000,
    "generalAndAdministrativeExpenses": 0,
    "sellingAndMarketingExpenses": 0,
    "sellingGeneralAndAdministrativeExpenses": 4550000000,
    "otherExpenses": 0,
    "operatingExpenses": 9681000000,
    "costAndExpenses": 16167000000,
    "interestIncome": 0,
    "interestExpense": 183000000,
    "depreciationAndAmortization": 637000000,
    "ebitda": 6788000000,
    "ebitdaratio": 0.3008731882,
    "operatingIncome": 6394000000,
    "operatingIncomeRatio": 0.2834094233,
    "totalOtherIncomeExpensesNet": -426000000,
    "incomeBeforeTax": 5968000000,
    "incomeBeforeTaxRatio": 0.2645272816,
    "incomeTaxExpense": 1021000000,
    "netIncome": 4920000000,
    "netIncomeRatio": 0.2180754399,
    "eps": 3.03,
    "epsdiluted": 3.03,
    "weightedAverageShsOut": 1633000000,
    "weightedAverageShsOutDil": 1637000000,
    "link": "https://www.sec.gov/Archives/edgar/data/14272/000001427219000047/0000014272-19-000047-index.htm",
    "finalLink": "https://www.sec.gov/Archives/edgar/data/14272/000001427219000047/bmy-20181231x10xk.htm"
  },
  {
    "date": "2017-12-31",
    "symbol": "BMY",
    "reportedCurrency": "USD",
    "cik": "0000014272",
    "fillingDate": "2018-02-13",
    "acceptedDate": "2018-02-13 09:26:31",
    "calendarYear": "2017",
    "period": "FY",
    "revenue": 20776000000,
    "costOfRevenue": 5818000000,
    "grossProfit": 14958000000,
    "grossProfitRatio": 0.7199653446,
    "researchAndDevelopmentExpenses": 4969000000,
    "generalAndAdministrativeExpenses": 0,
    "sellingAndMarketingExpenses": 0,
    "sellingGeneralAndAdministrativeExpenses": 4750000000,
    "otherExpenses": 0,
    "operatingExpenses": 9719000000,
    "costAndExpenses": 15537000000,
    "interestIncome": 0,
    "interestExpense": 196000000,
    "depreciationAndAmortization": 789000000,
    "ebitda": 6116000000,
    "ebitdaratio": 0.2943781286,
    "operatingIncome": 5239000000,
    "operatingIncomeRatio": 0.2521659607,
    "totalOtherIncomeExpensesNet": -108000000,
    "incomeBeforeTax": 5131000000,
    "incomeBeforeTaxRatio": 0.246967655,
    "incomeTaxExpense": 4156000000,
    "netIncome": 1007000000,
    "netIncomeRatio": 0.0484693878,
    "eps": 0.61,
    "epsdiluted": 0.61,
    "weightedAverageShsOut": 1645000000,
    "weightedAverageShsOutDil": 1652000000,
    "link": "https://www.sec.gov/Archives/edgar/data/14272/000001427218000055/0000014272-18-000055-index.htm",
    "finalLink": "https://www.sec.gov/Archives/edgar/data/14272/000001427218000055/bmy-20171231x10xk.htm"
  },
  {
    "date": "2016-12-31",
    "symbol": "BMY",
    "reportedCurrency": "USD",
    "cik": "0000014272",
    "fillingDate": "2017-02-21",
    "acceptedDate": "2017-02-21 12:04:14",
    "calendarYear": "2016",
    "period": "FY",
    "revenue": 19427000000,
    "costOfRevenue": 4932000000,
    "grossProfit": 14495000000,
    "grossProfitRatio": 0.7461265249,
    "researchAndDevelopmentExpenses": 4405000000,
    "generalAndAdministrativeExpenses": 0,
    "sellingAndMarketingExpenses": 0,
    "sellingGeneralAndAdministrativeExpenses": 4911000000,
    "otherExpenses": 0,
    "operatingExpenses": 9316000000,
    "costAndExpenses": 14248000000,
    "interestIncome": 0,
    "interestExpense": 167000000,
    "depreciationAndAmortization": 382000000,
    "ebitda": 6464000000,
    "ebitdaratio": 0.3327327946,
    "operatingIncome": 5179000000,
    "operatingIncomeRatio": 0.2665877387,
    "totalOtherIncomeExpensesNet": 736000000,
    "incomeBeforeTax": 5915000000,
    "incomeBeforeTaxRatio": 0.3044731559,
    "incomeTaxExpense": 1408000000,
    "netIncome": 4457000000,
    "netIncomeRatio": 0.229422968,
    "eps": 2.67,
    "epsdiluted": 2.65,
    "weightedAverageShsOut": 1671000000,
    "weightedAverageShsOutDil": 1680000000,
    "link": "https://www.sec.gov/Archives/edgar/data/14272/000001427217000047/0000014272-17-000047-index.htm",
    "finalLink": "https://www.sec.gov/Archives/edgar/data/14272/000001427217000047/bmy-20161231x10xk.htm"
  },
  {
    "date": "2015-12-31",
    "symbol": "BMY",
    "reportedCurrency": "USD",
    "cik": "0000014272",
    "fillingDate": "2016-02-12",
    "acceptedDate": "2016-02-12 08:02:37",
    "calendarYear": "2015",
    "period": "FY",
    "revenue": 16560000000,
    "costOfRevenue": 3754000000,
    "grossProfit": 12806000000,
    "grossProfitRatio": 0.7733091787,
    "researchAndDevelopmentExpenses": 4037000000,
    "generalAndAdministrativeExpenses": 0,
    "sellingAndMarketingExpenses": 0,
    "sellingGeneralAndAdministrativeExpenses": 4831000000,
    "otherExpenses": 0,
    "operatingExpenses": 8868000000,
    "costAndExpenses": 12622000000,
    "interestIncome": 0,
    "interestExpense": 184000000,
    "depreciationAndAmortization": 376000000,
    "ebitda": 2637000000,
    "ebitdaratio": 0.1592391304,
    "operatingIncome": 3938000000,
    "operatingIncomeRatio": 0.2378019324,
    "totalOtherIncomeExpensesNet": -1861000000,
    "incomeBeforeTax": 2077000000,
    "incomeBeforeTaxRatio": 0.1254227053,
    "incomeTaxExpense": 446000000,
    "netIncome": 1565000000,
    "netIncomeRatio": 0.0945048309,
    "eps": 0.97,
    "epsdiluted": 0.97,
    "weightedAverageShsOut": 1667000000,
    "weightedAverageShsOutDil": 1679000000,
    "link": "https://www.sec.gov/Archives/edgar/data/14272/000001427216000288/0000014272-16-000288-index.htm",
    "finalLink": "https://www.sec.gov/Archives/edgar/data/14272/000001427216000288/bmy-20151231x10xk.htm"
  },
  {
    "date": "2014-12-31",
    "symbol": "BMY",
    "reportedCurrency": "USD",
    "cik": "0000014272",
    "fillingDate": "2015-02-13",
    "acceptedDate": "2015-02-13 09:38:42",
    "calendarYear": "2014",
    "period": "FY",
    "revenue": 15879000000,
    "costOfRevenue": 3879000000,
    "grossProfit": 12000000000,
    "grossProfitRatio": 0.7557150954,
    "researchAndDevelopmentExpenses": 4043000000,
    "generalAndAdministrativeExpenses": 0,
    "sellingAndMarketingExpenses": 0,
    "sellingGeneralAndAdministrativeExpenses": 4822000000,
    "otherExpenses": 0,
    "operatingExpenses": 8865000000,
    "costAndExpenses": 12744000000,
    "interestIncome": 0,
    "interestExpense": 203000000,
    "depreciationAndAmortization": 467000000,
    "ebitda": 3051000000,
    "ebitdaratio": 0.192140563,
    "operatingIncome": 3135000000,
    "operatingIncomeRatio": 0.1974305687,
    "totalOtherIncomeExpensesNet": -754000000,
    "incomeBeforeTax": 2381000000,
    "incomeBeforeTaxRatio": 0.1499464702,
    "incomeTaxExpense": 352000000,
    "netIncome": 2004000000,
    "netIncomeRatio": 0.1262044209,
    "eps": 1.21,
    "epsdiluted": 1.2,
    "weightedAverageShsOut": 1657000000,
    "weightedAverageShsOutDil": 1670000000,
    "link": "https://www.sec.gov/Archives/edgar/data/14272/000001427215000055/0000014272-15-000055-index.htm",
    "finalLink": "https://www.sec.gov/Archives/edgar/data/14272/000001427215000055/bmy-20141231x10xk.htm"
  },
  {
    "date": "2013-12-31",
    "symbol": "BMY",
    "reportedCurrency": "USD",
    "cik": "0000014272",
    "fillingDate": "2014-02-14",
    "acceptedDate": "2014-02-14 09:37:38",
    "calendarYear": "2013",
    "period": "FY",
    "revenue": 16385000000,
    "costOfRevenue": 4585000000,
    "grossProfit": 11800000000,
    "grossProfitRatio": 0.720170888,
    "researchAndDevelopmentExpenses": 3731000000,
    "generalAndAdministrativeExpenses": 0,
    "sellingAndMarketingExpenses": 0,
    "sellingGeneralAndAdministrativeExpenses": 4939000000,
    "otherExpenses": 0,
    "operatingExpenses": 8670000000,
    "costAndExpenses": 13255000000,
    "interestIncome": 0,
    "interestExpense": 199000000,
    "depreciationAndAmortization": 763000000,
    "ebitda": 3853000000,
    "ebitdaratio": 0.2351541044,
    "operatingIncome": 3130000000,
    "operatingIncomeRatio": 0.1910283796,
    "totalOtherIncomeExpensesNet": -239000000,
    "incomeBeforeTax": 2891000000,
    "incomeBeforeTaxRatio": 0.1764418676,
    "incomeTaxExpense": 311000000,
    "netIncome": 2563000000,
    "netIncomeRatio": 0.1564235581,
    "eps": 1.56,
    "epsdiluted": 1.54,
    "weightedAverageShsOut": 1644000000,
    "weightedAverageShsOutDil": 1662000000,
    "link": "https://www.sec.gov/Archives/edgar/data/14272/000001427214000054/0000014272-14-000054-index.htm",
    "finalLink": "https://www.sec.gov/Archives/edgar/data/14272/000001427214000054/bmy-20131231x10xk.htm"
  },
  {
    "date": "2012-12-31",
    "symbol": "BMY",
    "reportedCurrency": "USD",
    "cik": "0000014272",
    "fillingDate": "2013-02-15",
    "acceptedDate": "2013-02-15 08:55:25",
    "calendarYear": "2012",
    "period": "FY",
    "revenue": 17621000000,
    "costOfRevenue": 4433000000,
    "grossProfit": 13188000000,
    "grossProfitRatio": 0.7484251745,
    "researchAndDevelopmentExpenses": 3904000000,
    "generalAndAdministrativeExpenses": 0,
    "sellingAndMarketingExpenses": 0,
    "sellingGeneralAndAdministrativeExpenses": 5017000000,
    "otherExpenses": 0,
    "operatingExpenses": 8921000000,
    "costAndExpenses": 13354000000,
    "interestIncome": 0,
    "interestExpense": 182000000,
    "depreciationAndAmortization": 681000000,
    "ebitda": 3203000000,
    "ebitdaratio": 0.1817717496,
    "operatingIncome": 4267000000,
    "operatingIncomeRatio": 0.2421542478,
    "totalOtherIncomeExpensesNet": -1927000000,
    "incomeBeforeTax": 2340000000,
    "incomeBeforeTaxRatio": 0.1327960956,
    "incomeTaxExpense": -161000000,
    "netIncome": 1960000000,
    "netIncomeRatio": 0.1112309177,
    "eps": 1.17,
    "epsdiluted": 1.16,
    "weightedAverageShsOut": 1670000000,
    "weightedAverageShsOutDil": 1688000000,
    "link": "https://www.sec.gov/Archives/edgar/data/14272/000119312513061678/0001193125-13-061678-index.htm",
    "finalLink": "https://www.sec.gov/Archives/edgar/data/14272/000119312513061678/d450621d10k.htm"
  },
  {
    "date": "2011-12-31",
    "symbol": "BMY",
    "reportedCurrency": "USD",
    "cik": "0000014272",
    "fillingDate": "2012-02-17",
    "acceptedDate": "2012-02-17 08:44:56",
    "calendarYear": "2011",
    "period": "FY",
    "revenue": 21244000000,
    "costOfRevenue": 5523000000,
    "grossProfit": 15721000000,
    "grossProfitRatio": 0.7400207117,
    "researchAndDevelopmentExpenses": 3839000000,
    "generalAndAdministrativeExpenses": 0,
    "sellingAndMarketingExpenses": 0,
    "sellingGeneralAndAdministrativeExpenses": 5131000000,
    "otherExpenses": 0,
    "operatingExpenses": 8970000000,
    "costAndExpenses": 14493000000,
    "interestIncome": 91000000,
    "interestExpense": 145000000,
    "depreciationAndAmortization": 628000000,
    "ebitda": 7754000000,
    "ebitdaratio": 0.3649971757,
    "operatingIncome": 6751000000,
    "operatingIncomeRatio": 0.3177838449,
    "totalOtherIncomeExpensesNet": 230000000,
    "incomeBeforeTax": 6981000000,
    "incomeBeforeTaxRatio": 0.3286104312,
    "incomeTaxExpense": 1721000000,
    "netIncome": 3709000000,
    "netIncomeRatio": 0.1745904726,
    "eps": 2.18,
    "epsdiluted": 2.16,
    "weightedAverageShsOut": 1700000000,
    "weightedAverageShsOutDil": 1717000000,
    "link": "https://www.sec.gov/Archives/edgar/data/14272/000119312512066416/0001193125-12-066416-index.htm",
    "finalLink": "https://www.sec.gov/Archives/edgar/data/14272/000119312512066416/d302058d10k.htm"
  },
  {
    "date": "2010-12-31",
    "symbol": "BMY",
    "reportedCurrency": "USD",
    "cik": "0000014272",
    "fillingDate": "2011-02-18",
    "acceptedDate": "2011-02-18 13:34:50",
    "calendarYear": "2010",
    "period": "FY",
    "revenue": 19484000000,
    "costOfRevenue": 5154000000,
    "grossProfit": 14330000000,
    "grossProfitRatio": 0.7354752618,
    "researchAndDevelopmentExpenses": 3566000000,
    "generalAndAdministrativeExpenses": 0,
    "sellingAndMarketingExpenses": 0,
    "sellingGeneralAndAdministrativeExpenses": 4628000000,
    "otherExpenses": 0,
    "operatingExpenses": 8194000000,
    "costAndExpenses": 13348000000,
    "interestIncome": 75000000,
    "interestExpense": 273000000,
    "depreciationAndAmortization": 607000000,
    "ebitda": 6823000000,
    "ebitdaratio": 0.350184767,
    "operatingIncome": 6136000000,
    "operatingIncomeRatio": 0.3149250667,
    "totalOtherIncomeExpensesNet": -65000000,
    "incomeBeforeTax": 6071000000,
    "incomeBeforeTaxRatio": 0.3115889961,
    "incomeTaxExpense": 1558000000,
    "netIncome": 3102000000,
    "netIncomeRatio": 0.1592075549,
    "eps": 1.81,
    "epsdiluted": 1.8,
    "weightedAverageShsOut": 1713000000,
    "weightedAverageShsOutDil": 1727000000,
    "link": "https://www.sec.gov/Archives/edgar/data/14272/000119312511040120/0001193125-11-040120-index.htm",
    "finalLink": "https://www.sec.gov/Archives/edgar/data/14272/000119312511040120/d10k.htm"
  },
  {
    "date": "2009-12-31",
    "symbol": "BMY",
    "reportedCurrency": "USD",
    "cik": "0000014272",
    "fillingDate": "2010-02-19",
    "acceptedDate": "2010-02-19 15:38:21",
    "calendarYear": "2009",
    "period": "FY",
    "revenue": 18808000000,
    "costOfRevenue": 5031000000,
    "grossProfit": 13777000000,
    "grossProfitRatio": 0.7325074436,
    "researchAndDevelopmentExpenses": 3647000000,
    "generalAndAdministrativeExpenses": 0,
    "sellingAndMarketingExpenses": 0,
    "sellingGeneralAndAdministrativeExpenses": 5082000000,
    "otherExpenses": 0,
    "operatingExpenses": 8729000000,
    "costAndExpenses": 13760000000,
    "interestIncome": 54000000,
    "interestExpense": 184000000,
    "depreciationAndAmortization": 707000000,
    "ebitda": 6493000000,
    "ebitdaratio": 0.345225436,
    "operatingIncome": 5048000000,
    "operatingIncomeRatio": 0.2683964271,
    "totalOtherIncomeExpensesNet": 554000000,
    "incomeBeforeTax": 5602000000,
    "incomeBeforeTaxRatio": 0.2978519779,
    "incomeTaxExpense": 1182000000,
    "netIncome": 10612000000,
    "netIncomeRatio": 0.5642279881,
    "eps": 5.38,
    "epsdiluted": 5.37,
    "weightedAverageShsOut": 1974000000,
    "weightedAverageShsOutDil": 1978000000,
    "link": "https://www.sec.gov/Archives/edgar/data/14272/000119312510035167/0001193125-10-035167-index.htm",
    "finalLink": "https://www.sec.gov/Archives/edgar/data/14272/000119312510035167/d10k.htm"
  },
  {
    "date": "2008-12-31",
    "symbol": "BMY",
    "reportedCurrency": "USD",
    "cik": "0000014272",
    "fillingDate": "2009-02-20",
    "acceptedDate": "2009-02-20 06:11:29",
    "calendarYear": "2008",
    "period": "FY",
    "revenue": 20597000000,
    "costOfRevenue": 6156000000,
    "grossProfit": 14441000000,
    "grossProfitRatio": 0.7011215226,
    "researchAndDevelopmentExpenses": 3224000000,
    "generalAndAdministrativeExpenses": 0,
    "sellingAndMarketingExpenses": 0,
    "sellingGeneralAndAdministrativeExpenses": 6342000000,
    "otherExpenses": 0,
    "operatingExpenses": 9566000000,
    "costAndExpenses": 15722000000,
    "interestIncome": 130000000,
    "interestExpense": 310000000,
    "depreciationAndAmortization": 816000000,
    "ebitda": 5902000000,
    "ebitdaratio": 0.2865465845,
    "operatingIncome": 4875000000,
    "operatingIncomeRatio": 0.2366849541,
    "totalOtherIncomeExpensesNet": 596000000,
    "incomeBeforeTax": 4776000000,
    "incomeBeforeTaxRatio": 0.2318784289,
    "incomeTaxExpense": 1090000000,
    "netIncome": 5247000000,
    "netIncomeRatio": 0.2547458368,
    "eps": 2.65,
    "epsdiluted": 2.62,
    "weightedAverageShsOut": 1977000000,
    "weightedAverageShsOutDil": 2001000000,
    "link": "https://www.sec.gov/Archives/edgar/data/14272/000119312509033538/0001193125-09-033538-index.htm",
    "finalLink": "https://www.sec.gov/Archives/edgar/data/14272/000119312509033538/d10k.htm"
  },
  {
    "date": "2007-12-31",
    "symbol": "BMY",
    "reportedCurrency": "USD",
    "cik": "0000014272",
    "fillingDate": "2008-02-22",
    "acceptedDate": "2008-02-21 20:40:21",
    "calendarYear": "2007",
    "period": "FY",
    "revenue": 19348000000,
    "costOfRevenue": 6141000000,
    "grossProfit": 13207000000,
    "grossProfitRatio": 0.682602853,
    "researchAndDevelopmentExpenses": 3120000000,
    "generalAndAdministrativeExpenses": 0,
    "sellingAndMarketingExpenses": 0,
    "sellingGeneralAndAdministrativeExpenses": 6320000000,
    "otherExpenses": 0,
    "operatingExpenses": 9440000000,
    "costAndExpenses": 15581000000,
    "interestIncome": 0,
    "interestExpense": 0,
    "depreciationAndAmortization": 892000000,
    "ebitda": 4420000000,
    "ebitdaratio": 0.2284473847,
    "operatingIncome": 3767000000,
    "operatingIncomeRatio": 0.1946971263,
    "totalOtherIncomeExpensesNet": -233000000,
    "incomeBeforeTax": 3534000000,
    "incomeBeforeTaxRatio": 0.1826545379,
    "incomeTaxExpense": 803000000,
    "netIncome": 2165000000,
    "netIncomeRatio": 0.1118978706,
    "eps": 1.1,
    "epsdiluted": 1.09,
    "weightedAverageShsOut": 1970000000,
    "weightedAverageShsOutDil": 1980000000,
    "link": "https://www.sec.gov/Archives/edgar/data/14272/000119312508035566/0001193125-08-035566-index.htm",
    "finalLink": "https://www.sec.gov/Archives/edgar/data/14272/000119312508035566/d10k.htm"
  },
  {
    "date": "2006-12-31",
    "symbol": "BMY",
    "reportedCurrency": "USD",
    "cik": "0000014272",
    "fillingDate": "2007-02-26",
    "acceptedDate": "2007-02-26 17:25:27",
    "calendarYear": "2006",
    "period": "FY",
    "revenue": 17914000000,
    "costOfRevenue": 5572000000,
    "grossProfit": 11684000000,
    "grossProfitRatio": 0.6522273083,
    "researchAndDevelopmentExpenses": 2906000000,
    "generalAndAdministrativeExpenses": 0,
    "sellingAndMarketingExpenses": 0,
    "sellingGeneralAndAdministrativeExpenses": 6136000000,
    "otherExpenses": 0,
    "operatingExpenses": 9042000000,
    "costAndExpenses": 14614000000,
    "interestIncome": 0,
    "interestExpense": 0,
    "depreciationAndAmortization": 927000000,
    "ebitda": 3313000000,
    "ebitdaratio": 0.1849391537,
    "operatingIncome": 2642000000,
    "operatingIncomeRatio": 0.147482416,
    "totalOtherIncomeExpensesNet": -242000000,
    "incomeBeforeTax": 2400000000,
    "incomeBeforeTaxRatio": 0.1339734286,
    "incomeTaxExpense": 538000000,
    "netIncome": 1585000000,
    "netIncomeRatio": 0.0884782851,
    "eps": 0.81,
    "epsdiluted": 0.81,
    "weightedAverageShsOut": 1960000000,
    "weightedAverageShsOutDil": 1963000000,
    "link": "https://www.sec.gov/Archives/edgar/data/14272/000119312507039915/0001193125-07-039915-index.htm",
    "finalLink": "https://www.sec.gov/Archives/edgar/data/14272/000119312507039915/d10k.htm"
  },
  {
    "date": "2005-12-31",
    "symbol": "BMY",
    "reportedCurrency": "USD",
    "cik": "0000014272",
    "fillingDate": "2006-03-14",
    "acceptedDate": "2006-03-13 17:34:51",
    "calendarYear": "2005",
    "period": "FY",
    "revenue": 19207000000,
    "costOfRevenue": 5826000000,
    "grossProfit": 13381000000,
    "grossProfitRatio": 0.6966730879,
    "researchAndDevelopmentExpenses": 2674000000,
    "generalAndAdministrativeExpenses": 0,
    "sellingAndMarketingExpenses": 0,
    "sellingGeneralAndAdministrativeExpenses": 6582000000,
    "otherExpenses": 0,
    "operatingExpenses": 9256000000,
    "costAndExpenses": 15082000000,
    "interestIncome": 0,
    "interestExpense": 0,
    "depreciationAndAmortization": 929000000,
    "ebitda": 4666000000,
    "ebitdaratio": 0.2429322643,
    "operatingIncome": 4125000000,
    "operatingIncomeRatio": 0.2147654501,
    "totalOtherIncomeExpensesNet": 391000000,
    "incomeBeforeTax": 4304000000,
    "incomeBeforeTaxRatio": 0.224084969,
    "incomeTaxExpense": 870000000,
    "netIncome": 3000000000,
    "netIncomeRatio": 0.1561930546,
    "eps": 1.54,
    "epsdiluted": 1.51,
    "weightedAverageShsOut": 1952000000,
    "weightedAverageShsOutDil": 1983000000,
    "link": "https://www.sec.gov/Archives/edgar/data/14272/000119312506052456/0001193125-06-052456-index.htm",
    "finalLink": "https://www.sec.gov/Archives/edgar/data/14272/000119312506052456/d10k.htm"
  },
  {
    "date": "2004-12-31",
    "symbol": "BMY",
    "reportedCurrency": "USD",
    "cik": "0000014272",
    "fillingDate": "2005-03-04",
    "acceptedDate": "2005-03-03 17:41:09",
    "calendarYear": "2004",
    "period": "FY",
    "revenue": 19380000000,
    "costOfRevenue": 5812000000,
    "grossProfit": 13568000000,
    "grossProfitRatio": 0.7001031992,
    "researchAndDevelopmentExpenses": 2442000000,
    "generalAndAdministrativeExpenses": 0,
    "sellingAndMarketingExpenses": 0,
    "sellingGeneralAndAdministrativeExpenses": 6427000000,
    "otherExpenses": 0,
    "operatingExpenses": 8869000000,
    "costAndExpenses": 14681000000,
    "interestIncome": 0,
    "interestExpense": 0,
    "depreciationAndAmortization": 909000000,
    "ebitda": 5373000000,
    "ebitdaratio": 0.277244582,
    "operatingIncome": 4699000000,
    "operatingIncomeRatio": 0.2424664603,
    "totalOtherIncomeExpensesNet": -281000000,
    "incomeBeforeTax": 4418000000,
    "incomeBeforeTaxRatio": 0.2279669763,
    "incomeTaxExpense": 1519000000,
    "netIncome": 2388000000,
    "netIncomeRatio": 0.1232198142,
    "eps": 1.23,
    "epsdiluted": 1.21,
    "weightedAverageShsOut": 1942000000,
    "weightedAverageShsOutDil": 1976000000,
    "link": "https://www.sec.gov/Archives/edgar/data/14272/000119312505041808/0001193125-05-041808-index.htm",
    "finalLink": "https://www.sec.gov/Archives/edgar/data/14272/000119312505041808/d10k.htm"
  },
  {
    "date": "2003-12-31",
    "symbol": "BMY",
    "reportedCurrency": "USD",
    "cik": "0000014272",
    "fillingDate": "2004-03-15",
    "acceptedDate": "2004-03-15 06:53:11",
    "calendarYear": "2003",
    "period": "FY",
    "revenue": 20894000000,
    "costOfRevenue": 7592000000,
    "grossProfit": 13302000000,
    "grossProfitRatio": 0.6366420982,
    "researchAndDevelopmentExpenses": 2279000000,
    "generalAndAdministrativeExpenses": 4660000000,
    "sellingAndMarketingExpenses": 1416000000,
    "sellingGeneralAndAdministrativeExpenses": 6076000000,
    "otherExpenses": 0,
    "operatingExpenses": 8355000000,
    "costAndExpenses": 13720000000,
    "interestIncome": 0,
    "interestExpense": 0,
    "depreciationAndAmortization": 789000000,
    "ebitda": 5722000000,
    "ebitdaratio": 0.273858524,
    "operatingIncome": 4933000000,
    "operatingIncomeRatio": 0.236096487,
    "totalOtherIncomeExpensesNet": -253000000,
    "incomeBeforeTax": 4680000000,
    "incomeBeforeTaxRatio": 0.2239877477,
    "incomeTaxExpense": 1210000000,
    "netIncome": 3106000000,
    "netIncomeRatio": 0.1486551163,
    "eps": 1.6,
    "epsdiluted": 1.59,
    "weightedAverageShsOut": 1937000000,
    "weightedAverageShsOutDil": 1950000000,
    "link": "https://www.sec.gov/Archives/edgar/data/14272/000119312504041353/0001193125-04-041353-index.htm",
    "finalLink": "https://www.sec.gov/Archives/edgar/data/14272/000119312504041353/d10k.htm"
  },
  {
    "date": "2002-12-31",
    "symbol": "BMY",
    "reportedCurrency": "USD",
    "cik": "0000014272",
    "fillingDate": "2003-03-28",
    "acceptedDate": "2003-03-28 13:42:11",
    "calendarYear": "2002",
    "period": "FY",
    "revenue": 18119000000,
    "costOfRevenue": 6388000000,
    "grossProfit": 11731000000,
    "grossProfitRatio": 0.6474419118,
    "researchAndDevelopmentExpenses": 2218000000,
    "generalAndAdministrativeExpenses": 3923000000,
    "sellingAndMarketingExpenses": 1295000000,
    "sellingGeneralAndAdministrativeExpenses": 5218000000,
    "otherExpenses": 0,
    "operatingExpenses": 7436000000,
    "costAndExpenses": 14005000000,
    "interestIncome": 0,
    "interestExpense": 0,
    "depreciationAndAmortization": 735000000,
    "ebitda": 4836000000,
    "ebitdaratio": 0.2669021469,
    "operatingIncome": 4101000000,
    "operatingIncomeRatio": 0.2263369943,
    "totalOtherIncomeExpensesNet": -1340000000,
    "incomeBeforeTax": 2761000000,
    "incomeBeforeTaxRatio": 0.152381478,
    "incomeTaxExpense": 391000000,
    "netIncome": 2137000000,
    "netIncomeRatio": 0.1179424913,
    "eps": 1.03,
    "epsdiluted": 1.02,
    "weightedAverageShsOut": 1997196262,
    "weightedAverageShsOutDil": 2016037736,
    "link": "https://www.sec.gov/Archives/edgar/data/14272/000104746903010810/0001047469-03-010810-index.htm",
    "finalLink": "https://www.sec.gov/Archives/edgar/data/14272/000104746903010810/a2106681z10-k.htm"
  },
  {
    "date": "2001-12-31",
    "symbol": "BMY",
    "reportedCurrency": "USD",
    "cik": "0000014272",
    "fillingDate": "2003-03-19",
    "acceptedDate": "2003-03-18 21:57:12",
    "calendarYear": "2001",
    "period": "FY",
    "revenue": 19423000000,
    "costOfRevenue": 5575000000,
    "grossProfit": 13848000000,
    "grossProfitRatio": 0.7129691603,
    "researchAndDevelopmentExpenses": 2259000000,
    "generalAndAdministrativeExpenses": 3903000000,
    "sellingAndMarketingExpenses": 1433000000,
    "sellingGeneralAndAdministrativeExpenses": 5336000000,
    "otherExpenses": 0,
    "operatingExpenses": 7595000000,
    "costAndExpenses": 13170000000,
    "interestIncome": 0,
    "interestExpense": 0,
    "depreciationAndAmortization": 728000000,
    "ebitda": 5886000000,
    "ebitdaratio": 0.3030427843,
    "operatingIncome": 5158000000,
    "operatingIncomeRatio": 0.2655614478,
    "totalOtherIncomeExpensesNet": -2940000000,
    "incomeBeforeTax": 2218000000,
    "incomeBeforeTaxRatio": 0.1141945117,
    "incomeTaxExpense": 73000000,
    "netIncome": 4834000000,
    "netIncomeRatio": 0.2488801936,
    "eps": 2.7,
    "epsdiluted": 2.67,
    "weightedAverageShsOut": 1940000000,
    "weightedAverageShsOutDil": 1965000000,
    "link": "https://www.sec.gov/Archives/edgar/data/14272/000104746903009157/0001047469-03-009157-index.htm",
    "finalLink": "https://www.sec.gov/Archives/edgar/data/14272/000104746903009157/a2105268z10-ka.htm"
  },
  {
    "date": "2000-12-31",
    "symbol": "BMY",
    "reportedCurrency": "USD",
    "cik": "0000014272",
    "fillingDate": "2001-04-02",
    "acceptedDate": "2001-04-02 00:00:00",
    "calendarYear": "2000",
    "period": "FY",
    "revenue": 18216000000,
    "costOfRevenue": 4013000000,
    "grossProfit": 14203000000,
    "grossProfitRatio": 0.7796991656,
    "researchAndDevelopmentExpenses": 1939000000,
    "generalAndAdministrativeExpenses": 3860000000,
    "sellingAndMarketingExpenses": 1672000000,
    "sellingGeneralAndAdministrativeExpenses": 5532000000,
    "otherExpenses": 746000000,
    "operatingExpenses": 8217000000,
    "costAndExpenses": 12230000000,
    "interestIncome": 0,
    "interestExpense": 0,
    "depreciationAndAmortization": 746000000,
    "ebitda": 6732000000,
    "ebitdaratio": 0.3695652174,
    "operatingIncome": 5986000000,
    "operatingIncomeRatio": 0.328612209,
    "totalOtherIncomeExpensesNet": -508000000,
    "incomeBeforeTax": 5478000000,
    "incomeBeforeTaxRatio": 0.3007246377,
    "incomeTaxExpense": 1382000000,
    "netIncome": 4711000000,
    "netIncomeRatio": 0.2586187967,
    "eps": 2.4,
    "epsdiluted": 2.36,
    "weightedAverageShsOut": 1965000000,
    "weightedAverageShsOutDil": 1997000000,
    "link": "https://www.sec.gov/Archives/edgar/data/14272/000001427201500006/0000014272-01-500006-index.htm",
    "finalLink": "https://www.sec.gov/Archives/edgar/data/14272/000001427201500006/r10k1231.htm"
  },
  {
    "date": "1999-12-31",
    "symbol": "BMY",
    "reportedCurrency": "USD",
    "cik": "0000014272",
    "fillingDate": "2000-03-30",
    "acceptedDate": "2000-03-30 00:00:00",
    "calendarYear": "1999",
    "period": "FY",
    "revenue": 20222000000,
    "costOfRevenue": 4861000000,
    "grossProfit": 15361000000,
    "grossProfitRatio": 0.7596182376,
    "researchAndDevelopmentExpenses": 1843000000,
    "generalAndAdministrativeExpenses": 0,
    "sellingAndMarketingExpenses": 0,
    "sellingGeneralAndAdministrativeExpenses": 6987000000,
    "otherExpenses": 678000000,
    "operatingExpenses": 9508000000,
    "costAndExpenses": 14369000000,
    "interestIncome": 0,
    "interestExpense": 0,
    "depreciationAndAmortization": 678000000,
    "ebitda": 5917000000,
    "ebitdaratio": 0.2926021165,
    "operatingIncome": 5239000000,
    "operatingIncomeRatio": 0.2590742755,
    "totalOtherIncomeExpensesNet": -81000000,
    "incomeBeforeTax": 5158000000,
    "incomeBeforeTaxRatio": 0.255068737,
    "incomeTaxExpense": 1369000000,
    "netIncome": 4167000000,
    "netIncomeRatio": 0.206062704,
    "eps": 2.1,
    "epsdiluted": 2.06,
    "weightedAverageShsOut": 1984000000,
    "weightedAverageShsOutDil": 2027000000,
    "link": "https://www.sec.gov/Archives/edgar/data/14272/000001427200000002/0000014272-00-000002-index.html",
    "finalLink": "https://www.sec.gov/Archives/edgar/data/14272/000001427200000002/"
  },
  {
    "date": "1998-12-31",
    "symbol": "BMY",
    "reportedCurrency": "USD",
    "cik": "0000014272",
    "fillingDate": "1999-03-30",
    "acceptedDate": "1999-03-30 00:00:00",
    "calendarYear": "1998",
    "period": "FY",
    "revenue": 18284000000,
    "costOfRevenue": 4231000000,
    "grossProfit": 14053000000,
    "grossProfitRatio": 0.7685954933,
    "researchAndDevelopmentExpenses": 1577000000,
    "generalAndAdministrativeExpenses": 0,
    "sellingAndMarketingExpenses": 0,
    "sellingGeneralAndAdministrativeExpenses": 6730000000,
    "otherExpenses": 625000000,
    "operatingExpenses": 8932000000,
    "costAndExpenses": 10605000000,
    "interestIncome": 0,
    "interestExpense": 0,
    "depreciationAndAmortization": 625000000,
    "ebitda": 5081000000,
    "ebitdaratio": 0.27789324,
    "operatingIncome": 4456000000,
    "operatingIncomeRatio": 0.2437103478,
    "totalOtherIncomeExpensesNet": -818000000,
    "incomeBeforeTax": 3638000000,
    "incomeBeforeTaxRatio": 0.1989717786,
    "incomeTaxExpense": 888000000,
    "netIncome": 3141000000,
    "netIncomeRatio": 0.1717895428,
    "eps": 1.58,
    "epsdiluted": 1.55,
    "weightedAverageShsOut": 1987000000,
    "weightedAverageShsOutDil": 2031000000,
    "link": "https://www.sec.gov/Archives/edgar/data/14272/000001427299000002/0000014272-99-000002-index.html",
    "finalLink": "https://www.sec.gov/Archives/edgar/data/14272/"
  },
  {
    "date": "1997-12-31",
    "symbol": "BMY",
    "reportedCurrency": "USD",
    "cik": "0000014272",
    "fillingDate": "1998-03-31",
    "acceptedDate": "1998-03-31 00:00:00",
    "calendarYear": "1997",
    "period": "FY",
    "revenue": 16701000000,
    "costOfRevenue": 3873000000,
    "grossProfit": 12828000000,
    "grossProfitRatio": 0.7680977187,
    "researchAndDevelopmentExpenses": 1385000000,
    "generalAndAdministrativeExpenses": 0,
    "sellingAndMarketingExpenses": 0,
    "sellingGeneralAndAdministrativeExpenses": 6414000000,
    "otherExpenses": 591000000,
    "operatingExpenses": 8390000000,
    "costAndExpenses": 12263000000,
    "interestIncome": 0,
    "interestExpense": 0,
    "depreciationAndAmortization": 591000000,
    "ebitda": 5029000000,
    "ebitdaratio": 0.3011196934,
    "operatingIncome": 4438000000,
    "operatingIncomeRatio": 0.2657325909,
    "totalOtherIncomeExpensesNet": 44000000,
    "incomeBeforeTax": 4482000000,
    "incomeBeforeTaxRatio": 0.2683671636,
    "incomeTaxExpense": 1277000000,
    "netIncome": 3205000000,
    "netIncomeRatio": 0.1919046764,
    "eps": 1.61,
    "epsdiluted": 1.57,
    "weightedAverageShsOut": 1992000000,
    "weightedAverageShsOutDil": 2042000000,
    "link": "https://www.sec.gov/Archives/edgar/data/14272/000001427298000002/0000014272-98-000002-index.html",
    "finalLink": "https://www.sec.gov/Archives/edgar/data/14272/"
  },
  {
    "date": "1996-12-31",
    "symbol": "BMY",
    "reportedCurrency": "USD",
    "cik": "0000014272",
    "fillingDate": "1997-03-31",
    "acceptedDate": "1997-03-31 00:00:00",
    "calendarYear": "1996",
    "period": "FY",
    "revenue": 15065000000,
    "costOfRevenue": 3446000000,
    "grossProfit": 11619000000,
    "grossProfitRatio": 0.7712578825,
    "researchAndDevelopmentExpenses": 1276000000,
    "generalAndAdministrativeExpenses": 0,
    "sellingAndMarketingExpenses": 0,
    "sellingGeneralAndAdministrativeExpenses": 5871000000,
    "otherExpenses": 519000000,
    "operatingExpenses": 7666000000,
    "costAndExpenses": 11112000000,
    "interestIncome": 0,
    "interestExpense": 0,
    "depreciationAndAmortization": 519000000,
    "ebitda": 4472000000,
    "ebitdaratio": 0.2968469963,
    "operatingIncome": 3953000000,
    "operatingIncomeRatio": 0.2623962828,
    "totalOtherIncomeExpensesNet": 60000000,
    "incomeBeforeTax": 4013000000,
    "incomeBeforeTaxRatio": 0.2663790242,
    "incomeTaxExpense": 1163000000,
    "netIncome": 2850000000,
    "netIncomeRatio": 0.1891802191,
    "eps": 1.42,
    "epsdiluted": 1.4,
    "weightedAverageShsOut": 2008000000,
    "weightedAverageShsOutDil": 2036000000,
    "link": "https://www.sec.gov/Archives/edgar/data/14272/000001427297000008/0000014272-97-000008-index.html",
    "finalLink": "https://www.sec.gov/Archives/edgar/data/14272/"
  },
  {
    "date": "1995-12-31",
    "symbol": "BMY",
    "reportedCurrency": "USD",
    "cik": "0000014272",
    "fillingDate": "1996-03-28",
    "acceptedDate": "1996-03-28 00:00:00",
    "calendarYear": "1995",
    "period": "FY",
    "revenue": 13767000000,
    "costOfRevenue": 3189000000,
    "grossProfit": 10578000000,
    "grossProfitRatio": 0.7683591196,
    "researchAndDevelopmentExpenses": 1199000000,
    "generalAndAdministrativeExpenses": 0,
    "sellingAndMarketingExpenses": 0,
    "sellingGeneralAndAdministrativeExpenses": 5316000000,
    "otherExpenses": 448000000,
    "operatingExpenses": 6963000000,
    "costAndExpenses": 10152000000,
    "interestIncome": 0,
    "interestExpense": 0,
    "depreciationAndAmortization": 448000000,
    "ebitda": 4063000000,
    "ebitdaratio": 0.295126026,
    "operatingIncome": 3615000000,
    "operatingIncomeRatio": 0.2625844411,
    "totalOtherIncomeExpensesNet": -1213000000,
    "incomeBeforeTax": 2402000000,
    "incomeBeforeTaxRatio": 0.1744751943,
    "incomeTaxExpense": 590000000,
    "netIncome": 1812000000,
    "netIncomeRatio": 0.1316190891,
    "eps": 0.9,
    "epsdiluted": 0.89,
    "weightedAverageShsOut": 2024000000,
    "weightedAverageShsOutDil": 2032000000,
    "link": "https://www.sec.gov/Archives/edgar/data/14272/000001427296000002/0000014272-96-000002-index.html",
    "finalLink": "https://www.sec.gov/Archives/edgar/data/14272/"
  },
  {
    "date": "1994-12-31",
    "symbol": "BMY",
    "reportedCurrency": "USD",
    "cik": "0000014272",
    "fillingDate": "1995-03-29",
    "acceptedDate": "1995-03-29 00:00:00",
    "calendarYear": "1994",
    "period": "FY",
    "revenue": 11984000000,
    "costOfRevenue": 2794000000,
    "grossProfit": 9190000000,
    "grossProfitRatio": 0.7668558077,
    "researchAndDevelopmentExpenses": 1108000000,
    "generalAndAdministrativeExpenses": 0,
    "sellingAndMarketingExpenses": 0,
    "sellingGeneralAndAdministrativeExpenses": 4533000000,
    "otherExpenses": 328000000,
    "operatingExpenses": 5969000000,
    "costAndExpenses": 8763000000,
    "interestIncome": 0,
    "interestExpense": 0,
    "depreciationAndAmortization": 328000000,
    "ebitda": 3549000000,
    "ebitdaratio": 0.2961448598,
    "operatingIncome": 3221000000,
    "operatingIncomeRatio": 0.2687750334,
    "totalOtherIncomeExpensesNet": -666000000,
    "incomeBeforeTax": 2555000000,
    "incomeBeforeTaxRatio": 0.2132009346,
    "incomeTaxExpense": 713000000,
    "netIncome": 1842000000,
    "netIncomeRatio": 0.1537049399,
    "eps": 0.9,
    "epsdiluted": 0.9,
    "weightedAverageShsOut": 2036000000,
    "weightedAverageShsOutDil": 2036000000,
    "link": "https://www.sec.gov/Archives/edgar/data/14272/000001427295000004/0000014272-95-000004-index.html",
    "finalLink": "https://www.sec.gov/Archives/edgar/data/14272/"
  },
  {
    "date": "1993-12-31",
    "symbol": "BMY",
    "reportedCurrency": "USD",
    "cik": "0000014272",
    "fillingDate": "1994-03-31",
    "acceptedDate": "1994-03-31 00:00:00",
    "calendarYear": "1993",
    "period": "FY",
    "revenue": 11413000000,
    "costOfRevenue": 2721000000,
    "grossProfit": 8692000000,
    "grossProfitRatio": 0.7615876632,
    "researchAndDevelopmentExpenses": 0,
    "generalAndAdministrativeExpenses": 0,
    "sellingAndMarketingExpenses": 0,
    "sellingGeneralAndAdministrativeExpenses": 5981000000,
    "otherExpenses": 308000000,
    "operatingExpenses": 6289000000,
    "costAndExpenses": 9010000000,
    "interestIncome": 0,
    "interestExpense": 0,
    "depreciationAndAmortization": 308000000,
    "ebitda": 2711000000,
    "ebitdaratio": 0.237536143,
    "operatingIncome": 2403000000,
    "operatingIncomeRatio": 0.2105493735,
    "totalOtherIncomeExpensesNet": 168000000,
    "incomeBeforeTax": 2571000000,
    "incomeBeforeTaxRatio": 0.2252694296,
    "incomeTaxExpense": 612000000,
    "netIncome": 1959000000,
    "netIncomeRatio": 0.1716463682,
    "eps": 0.95,
    "epsdiluted": 0.95,
    "weightedAverageShsOut": 2062105263,
    "weightedAverageShsOutDil": 2062105263,
    "link": "https://www.sec.gov/Archives/edgar/data/14272/000001427294000003/0000014272-94-000003-index.html",
    "finalLink": "https://www.sec.gov/Archives/edgar/data/14272/"
  },
  {
    "date": "1992-12-31",
    "symbol": "BMY",
    "reportedCurrency": "USD",
    "cik": "0000014272",
    "fillingDate": "1992-12-31",
    "acceptedDate": "1992-12-31 00:00:00",
    "calendarYear": "1992",
    "period": "FY",
    "revenue": 11156000000,
    "costOfRevenue": 2562000000,
    "grossProfit": 8594000000,
    "grossProfitRatio": 0.7703477949,
    "researchAndDevelopmentExpenses": 0,
    "generalAndAdministrativeExpenses": 0,
    "sellingAndMarketingExpenses": 0,
    "sellingGeneralAndAdministrativeExpenses": 6339000000,
    "otherExpenses": 295000000,
    "operatingExpenses": 6634000000,
    "costAndExpenses": 9196000000,
    "interestIncome": 0,
    "interestExpense": 0,
    "depreciationAndAmortization": 295000000,
    "ebitda": 2255000000,
    "ebitdaratio": 0.2021333811,
    "operatingIncome": 1960000000,
    "operatingIncomeRatio": 0.1756902115,
    "totalOtherIncomeExpensesNet": 27000000,
    "incomeBeforeTax": 1987000000,
    "incomeBeforeTaxRatio": 0.1781104338,
    "incomeTaxExpense": 449000000,
    "netIncome": 1962000000,
    "netIncomeRatio": 0.1758694873,
    "eps": 0.96,
    "epsdiluted": 0.96,
    "weightedAverageShsOut": 2043750000,
    "weightedAverageShsOutDil": 2043750000,
    "link": "",
    "finalLink": ""
  },
  {
    "date": "1991-12-31",
    "symbol": "BMY",
    "reportedCurrency": "USD",
    "cik": "0000014272",
    "fillingDate": "1991-12-31",
    "acceptedDate": "1991-12-31 00:00:00",
    "calendarYear": "1991",
    "period": "FY",
    "revenue": 11159000000,
    "costOfRevenue": 2684000000,
    "grossProfit": 8475000000,
    "grossProfitRatio": 0.7594766556,
    "researchAndDevelopmentExpenses": 0,
    "generalAndAdministrativeExpenses": 0,
    "sellingAndMarketingExpenses": 0,
    "sellingGeneralAndAdministrativeExpenses": 5463000000,
    "otherExpenses": 246000000,
    "operatingExpenses": 5709000000,
    "costAndExpenses": 8393000000,
    "interestIncome": 0,
    "interestExpense": 0,
    "depreciationAndAmortization": 246000000,
    "ebitda": 3012000000,
    "ebitdaratio": 0.2699166592,
    "operatingIncome": 2766000000,
    "operatingIncomeRatio": 0.2478716731,
    "totalOtherIncomeExpensesNet": 121000000,
    "incomeBeforeTax": 2887000000,
    "incomeBeforeTaxRatio": 0.2587149386,
    "incomeTaxExpense": 831000000,
    "netIncome": 2056000000,
    "netIncomeRatio": 0.1842459002,
    "eps": 0.99,
    "epsdiluted": 0.99,
    "weightedAverageShsOut": 2076767677,
    "weightedAverageShsOutDil": 2076767677,
    "link": "",
    "finalLink": ""
  },
  {
    "date": "1990-12-31",
    "symbol": "BMY",
    "reportedCurrency": "USD",
    "cik": "0000014272",
    "fillingDate": "1990-12-31",
    "acceptedDate": "1990-12-31 00:00:00",
    "calendarYear": "1990",
    "period": "FY",
    "revenue": 10300000000,
    "costOfRevenue": 2630000000,
    "grossProfit": 7670000000,
    "grossProfitRatio": 0.7446601942,
    "researchAndDevelopmentExpenses": 0,
    "generalAndAdministrativeExpenses": 0,
    "sellingAndMarketingExpenses": 0,
    "sellingGeneralAndAdministrativeExpenses": 5037000000,
    "otherExpenses": 244000000,
    "operatingExpenses": 5281000000,
    "costAndExpenses": 7911000000,
    "interestIncome": 0,
    "interestExpense": 0,
    "depreciationAndAmortization": 244000000,
    "ebitda": 2633000000,
    "ebitdaratio": 0.255631068,
    "operatingIncome": 2389000000,
    "operatingIncomeRatio": 0.2319417476,
    "totalOtherIncomeExpensesNet": 135000000,
    "incomeBeforeTax": 2524000000,
    "incomeBeforeTaxRatio": 0.2450485437,
    "incomeTaxExpense": 776000000,
    "netIncome": 1748000000,
    "netIncomeRatio": 0.1697087379,
    "eps": 0.84,
    "epsdiluted": 0.84,
    "weightedAverageShsOut": 2080952381,
    "weightedAverageShsOutDil": 2080952381,
    "link": "",
    "finalLink": ""
  },
  {
    "date": "1989-12-31",
    "symbol": "BMY",
    "reportedCurrency": "USD",
    "cik": "0000014272",
    "fillingDate": "1989-12-31",
    "acceptedDate": "1989-12-31 00:00:00",
    "calendarYear": "1989",
    "period": "FY",
    "revenue": 9189000000,
    "costOfRevenue": 2460000000,
    "grossProfit": 6729000000,
    "grossProfitRatio": 0.7322886059,
    "researchAndDevelopmentExpenses": 0,
    "generalAndAdministrativeExpenses": 0,
    "sellingAndMarketingExpenses": 0,
    "sellingGeneralAndAdministrativeExpenses": 5450000000,
    "otherExpenses": 196000000,
    "operatingExpenses": 5646000000,
    "costAndExpenses": 8106000000,
    "interestIncome": 0,
    "interestExpense": 0,
    "depreciationAndAmortization": 196000000,
    "ebitda": 1279000000,
    "ebitdaratio": 0.1391881598,
    "operatingIncome": 1083000000,
    "operatingIncomeRatio": 0.1178583088,
    "totalOtherIncomeExpensesNet": 194000000,
    "incomeBeforeTax": 1277000000,
    "incomeBeforeTaxRatio": 0.1389705082,
    "incomeTaxExpense": 530000000,
    "netIncome": 747000000,
    "netIncomeRatio": 0.0812928501,
    "eps": 0.36,
    "epsdiluted": 0.36,
    "weightedAverageShsOut": 2075000000,
    "weightedAverageShsOutDil": 2075000000,
    "link": "",
    "finalLink": ""
  },
  {
    "date": "1988-12-31",
    "symbol": "BMY",
    "reportedCurrency": "USD",
    "cik": "0000014272",
    "fillingDate": "1988-12-31",
    "acceptedDate": "1988-12-30 19:00:00",
    "calendarYear": "1988",
    "period": "FY",
    "revenue": 8558000000,
    "costOfRevenue": 2299000000,
    "grossProfit": 6259000000,
    "grossProfitRatio": 0.7313624679,
    "researchAndDevelopmentExpenses": 0,
    "generalAndAdministrativeExpenses": 0,
    "sellingAndMarketingExpenses": 0,
    "sellingGeneralAndAdministrativeExpenses": 4304000000,
    "otherExpenses": 185000000,
    "operatingExpenses": 4489000000,
    "costAndExpenses": 6788000000,
    "interestIncome": 0,
    "interestExpense": 0,
    "depreciationAndAmortization": 185000000,
    "ebitda": 1955000000,
    "ebitdaratio": 0.2284412246,
    "operatingIncome": 1770000000,
    "operatingIncomeRatio": 0.2068240243,
    "totalOtherIncomeExpensesNet": 119000000,
    "incomeBeforeTax": 1889000000,
    "incomeBeforeTaxRatio": 0.2207291423,
    "incomeTaxExpense": 635000000,
    "netIncome": 1254000000,
    "netIncomeRatio": 0.146529563,
    "eps": 0.6,
    "epsdiluted": 0.6,
    "weightedAverageShsOut": 2090000000,
    "weightedAverageShsOutDil": 2090000000,
    "link": "",
    "finalLink": ""
  },
  {
    "date": "1987-12-31",
    "symbol": "BMY",
    "reportedCurrency": "USD",
    "cik": "0000014272",
    "fillingDate": "1987-12-31",
    "acceptedDate": "1987-12-30 19:00:00",
    "calendarYear": "1987",
    "period": "FY",
    "revenue": 7558000000,
    "costOfRevenue": 2141000000,
    "grossProfit": 5417000000,
    "grossProfitRatio": 0.7167240011,
    "researchAndDevelopmentExpenses": 0,
    "generalAndAdministrativeExpenses": 0,
    "sellingAndMarketingExpenses": 0,
    "sellingGeneralAndAdministrativeExpenses": 3789000000,
    "otherExpenses": 161000000,
    "operatingExpenses": 3950000000,
    "costAndExpenses": 6091000000,
    "interestIncome": 0,
    "interestExpense": 0,
    "depreciationAndAmortization": 161000000,
    "ebitda": 1628000000,
    "ebitdaratio": 0.2154008997,
    "operatingIncome": 1467000000,
    "operatingIncomeRatio": 0.194098968,
    "totalOtherIncomeExpensesNet": 161000000,
    "incomeBeforeTax": 1628000000,
    "incomeBeforeTaxRatio": 0.2154008997,
    "incomeTaxExpense": 560000000,
    "netIncome": 1068000000,
    "netIncomeRatio": 0.1413072241,
    "eps": 0.5,
    "epsdiluted": 0.5,
    "weightedAverageShsOut": 2136000000,
    "weightedAverageShsOutDil": 2136000000,
    "link": "",
    "finalLink": ""
  }
]