[
  {
    "date": "2025-06-30",
    "symbol": "BR",
    "reportedCurrency": "USD",
    "cik": "0001383312",
    "fillingDate": "2025-08-05",
    "acceptedDate": "2025-08-05 10:43:12",
    "calendarYear": "2025",
    "period": "Q4",
    "revenue": 2065400000,
    "costOfRevenue": 1295600000,
    "grossProfit": 769800000,
    "grossProfitRatio": 0.3727123075,
    "researchAndDevelopmentExpenses": 0,
    "generalAndAdministrativeExpenses": 0,
    "sellingAndMarketingExpenses": 0,
    "sellingGeneralAndAdministrativeExpenses": 271200000,
    "otherExpenses": 0,
    "operatingExpenses": 271200000,
    "costAndExpenses": 1566800000,
    "interestIncome": 3200000,
    "interestExpense": 29800000,
    "depreciationAndAmortization": 125900000,
    "ebitda": 627200000,
    "ebitdaratio": 0.3036699913,
    "operatingIncome": 498600000,
    "operatingIncomeRatio": 0.241406023,
    "totalOtherIncomeExpensesNet": -27100000,
    "incomeBeforeTax": 471500000,
    "incomeBeforeTaxRatio": 0.228285078,
    "incomeTaxExpense": 97300000,
    "netIncome": 374200000,
    "netIncomeRatio": 0.1811755592,
    "eps": 3.19,
    "epsdiluted": 3.16,
    "weightedAverageShsOut": 117400000,
    "weightedAverageShsOutDil": 118300000,
    "link": "https://www.sec.gov/Archives/edgar/data/1383312/000162828025037656/0001628280-25-037656-index.htm",
    "finalLink": "https://www.sec.gov/Archives/edgar/data/1383312/000162828025037656/br-20250630.htm"
  },
  {
    "date": "2025-03-31",
    "symbol": "BR",
    "reportedCurrency": "USD",
    "cik": "0001383312",
    "fillingDate": "2025-05-01",
    "acceptedDate": "2025-05-01 11:58:13",
    "calendarYear": "2025",
    "period": "Q3",
    "revenue": 1811700000,
    "costOfRevenue": 1235900000,
    "grossProfit": 575800000,
    "grossProfitRatio": 0.3178230391,
    "researchAndDevelopmentExpenses": 0,
    "generalAndAdministrativeExpenses": 0,
    "sellingAndMarketingExpenses": 0,
    "sellingGeneralAndAdministrativeExpenses": 230900000,
    "otherExpenses": 0,
    "operatingExpenses": 230900000,
    "costAndExpenses": 1466800000,
    "interestIncome": 2400000,
    "interestExpense": 33500000,
    "depreciationAndAmortization": 500000,
    "ebitda": 344900000,
    "ebitdaratio": 0.1903736822,
    "operatingIncome": 344900000,
    "operatingIncomeRatio": 0.1903736822,
    "totalOtherIncomeExpensesNet": -34000000,
    "incomeBeforeTax": 310900000,
    "incomeBeforeTaxRatio": 0.1716067782,
    "incomeTaxExpense": 67800000,
    "netIncome": 243100000,
    "netIncomeRatio": 0.1341833637,
    "eps": 2.07,
    "epsdiluted": 2.05,
    "weightedAverageShsOut": 117200000,
    "weightedAverageShsOutDil": 118500000,
    "link": "https://www.sec.gov/Archives/edgar/data/1383312/000162828025021409/0001628280-25-021409-index.htm",
    "finalLink": "https://www.sec.gov/Archives/edgar/data/1383312/000162828025021409/br-20250331.htm"
  },
  {
    "date": "2024-12-31",
    "symbol": "BR",
    "reportedCurrency": "USD",
    "cik": "0001383312",
    "fillingDate": "2025-01-31",
    "acceptedDate": "2025-01-31 11:07:54",
    "calendarYear": "2025",
    "period": "Q2",
    "revenue": 1589200000,
    "costOfRevenue": 1145800000,
    "grossProfit": 443400000,
    "grossProfitRatio": 0.2790083061,
    "researchAndDevelopmentExpenses": 0,
    "generalAndAdministrativeExpenses": 0,
    "sellingAndMarketingExpenses": 0,
    "sellingGeneralAndAdministrativeExpenses": 232800000,
    "otherExpenses": 0,
    "operatingExpenses": 232800000,
    "costAndExpenses": 1378600000,
    "interestIncome": 3800000,
    "interestExpense": 36600000,
    "depreciationAndAmortization": 125400000,
    "ebitda": 337900000,
    "ebitdaratio": 0.2126227032,
    "operatingIncome": 210700000,
    "operatingIncomeRatio": 0.1325824314,
    "totalOtherIncomeExpensesNet": -34700000,
    "incomeBeforeTax": 176000000,
    "incomeBeforeTaxRatio": 0.1107475459,
    "incomeTaxExpense": 33600000,
    "netIncome": 142400000,
    "netIncomeRatio": 0.0896048326,
    "eps": 1.22,
    "epsdiluted": 1.2,
    "weightedAverageShsOut": 117100000,
    "weightedAverageShsOutDil": 118300000,
    "link": "https://www.sec.gov/Archives/edgar/data/1383312/000138331225000006/0001383312-25-000006-index.htm",
    "finalLink": "https://www.sec.gov/Archives/edgar/data/1383312/000138331225000006/br-20241231.htm"
  },
  {
    "date": "2024-09-30",
    "symbol": "BR",
    "reportedCurrency": "USD",
    "cik": "0001383312",
    "fillingDate": "2024-11-05",
    "acceptedDate": "2024-11-05 14:07:58",
    "calendarYear": "2025",
    "period": "Q1",
    "revenue": 1422900000,
    "costOfRevenue": 1075000000,
    "grossProfit": 347900000,
    "grossProfitRatio": 0.2445006677,
    "researchAndDevelopmentExpenses": 0,
    "generalAndAdministrativeExpenses": 0,
    "sellingAndMarketingExpenses": 0,
    "sellingGeneralAndAdministrativeExpenses": 213400000,
    "otherExpenses": 0,
    "operatingExpenses": 213400000,
    "costAndExpenses": 1288400000,
    "interestIncome": 3600000,
    "interestExpense": 35900000,
    "depreciationAndAmortization": 123300000,
    "ebitda": 259500000,
    "ebitdaratio": 0.1823740249,
    "operatingIncome": 134400000,
    "operatingIncomeRatio": 0.0944549863,
    "totalOtherIncomeExpensesNet": -34100000,
    "incomeBeforeTax": 100300000,
    "incomeBeforeTaxRatio": 0.0704898447,
    "incomeTaxExpense": 20500000,
    "netIncome": 79800000,
    "netIncomeRatio": 0.0560826481,
    "eps": 0.68,
    "epsdiluted": 0.68,
    "weightedAverageShsOut": 116900000,
    "weightedAverageShsOutDil": 118100000,
    "link": "https://www.sec.gov/Archives/edgar/data/1383312/000138331224000051/0001383312-24-000051-index.htm",
    "finalLink": "https://www.sec.gov/Archives/edgar/data/1383312/000138331224000051/br-20240930.htm"
  },
  {
    "date": "2024-06-30",
    "symbol": "BR",
    "reportedCurrency": "USD",
    "cik": "0001383312",
    "fillingDate": "2024-08-06",
    "acceptedDate": "2024-08-06 10:22:53",
    "calendarYear": "2024",
    "period": "Q4",
    "revenue": 1944300000,
    "costOfRevenue": 1253000000,
    "grossProfit": 691300000,
    "grossProfitRatio": 0.3555521267,
    "researchAndDevelopmentExpenses": 0,
    "generalAndAdministrativeExpenses": 0,
    "sellingAndMarketingExpenses": 0,
    "sellingGeneralAndAdministrativeExpenses": 249800000,
    "otherExpenses": 0,
    "operatingExpenses": 249800000,
    "costAndExpenses": 1502900000,
    "interestIncome": 2700000,
    "interestExpense": 35700000,
    "depreciationAndAmortization": 120100000,
    "ebitda": 566100000,
    "ebitdaratio": 0.2911587718,
    "operatingIncome": 441400000,
    "operatingIncomeRatio": 0.2270225788,
    "totalOtherIncomeExpensesNet": -31200000,
    "incomeBeforeTax": 410200000,
    "incomeBeforeTaxRatio": 0.2109756725,
    "incomeTaxExpense": 87000000,
    "netIncome": 323200000,
    "netIncomeRatio": 0.1662294913,
    "eps": 2.75,
    "epsdiluted": 2.72,
    "weightedAverageShsOut": 117500000,
    "weightedAverageShsOutDil": 118700000,
    "link": "https://www.sec.gov/Archives/edgar/data/1383312/000138331224000039/0001383312-24-000039-index.htm",
    "finalLink": "https://www.sec.gov/Archives/edgar/data/1383312/000138331224000039/br-20240630.htm"
  },
  {
    "date": "2024-03-31",
    "symbol": "BR",
    "reportedCurrency": "USD",
    "cik": "0001383312",
    "fillingDate": "2024-05-08",
    "acceptedDate": "2024-05-08 10:35:27",
    "calendarYear": "2024",
    "period": "Q3",
    "revenue": 1726500000,
    "costOfRevenue": 1187300000,
    "grossProfit": 539200000,
    "grossProfitRatio": 0.3123081379,
    "researchAndDevelopmentExpenses": 0,
    "generalAndAdministrativeExpenses": 0,
    "sellingAndMarketingExpenses": 0,
    "sellingGeneralAndAdministrativeExpenses": 235400000,
    "otherExpenses": 0,
    "operatingExpenses": 235400000,
    "costAndExpenses": 1422700000,
    "interestIncome": 2800000,
    "interestExpense": 38200000,
    "depreciationAndAmortization": 120300000,
    "ebitda": 423300000,
    "ebitdaratio": 0.245178106,
    "operatingIncome": 302900000,
    "operatingIncomeRatio": 0.1754416449,
    "totalOtherIncomeExpensesNet": -36200000,
    "incomeBeforeTax": 266600000,
    "incomeBeforeTaxRatio": 0.1544164495,
    "incomeTaxExpense": 52900000,
    "netIncome": 213700000,
    "netIncomeRatio": 0.1237764263,
    "eps": 1.81,
    "epsdiluted": 1.79,
    "weightedAverageShsOut": 117800000,
    "weightedAverageShsOutDil": 119400000,
    "link": "https://www.sec.gov/Archives/edgar/data/1383312/000138331224000028/0001383312-24-000028-index.htm",
    "finalLink": "https://www.sec.gov/Archives/edgar/data/1383312/000138331224000028/br-20240331.htm"
  },
  {
    "date": "2023-12-31",
    "symbol": "BR",
    "reportedCurrency": "USD",
    "cik": "0001383312",
    "fillingDate": "2024-02-01",
    "acceptedDate": "2024-02-01 11:38:23",
    "calendarYear": "2024",
    "period": "Q2",
    "revenue": 1405000000,
    "costOfRevenue": 1057200000,
    "grossProfit": 347800000,
    "grossProfitRatio": 0.247544484,
    "researchAndDevelopmentExpenses": 0,
    "generalAndAdministrativeExpenses": 0,
    "sellingAndMarketingExpenses": 0,
    "sellingGeneralAndAdministrativeExpenses": 223400000,
    "otherExpenses": 0,
    "operatingExpenses": 223400000,
    "costAndExpenses": 1280600000,
    "interestIncome": 3700000,
    "interestExpense": 40000000,
    "depreciationAndAmortization": 118000000,
    "ebitda": 245600000,
    "ebitdaratio": 0.1748042705,
    "operatingIncome": 124400000,
    "operatingIncomeRatio": 0.0885409253,
    "totalOtherIncomeExpensesNet": -36800000,
    "incomeBeforeTax": 87600000,
    "incomeBeforeTaxRatio": 0.0623487544,
    "incomeTaxExpense": 17400000,
    "netIncome": 70300000,
    "netIncomeRatio": 0.0500355872,
    "eps": 0.6,
    "epsdiluted": 0.59,
    "weightedAverageShsOut": 117700000,
    "weightedAverageShsOutDil": 119100000,
    "link": "https://www.sec.gov/Archives/edgar/data/1383312/000138331224000007/0001383312-24-000007-index.htm",
    "finalLink": "https://www.sec.gov/Archives/edgar/data/1383312/000138331224000007/br-20231231.htm"
  },
  {
    "date": "2023-09-30",
    "symbol": "BR",
    "reportedCurrency": "USD",
    "cik": "0001383312",
    "fillingDate": "2023-11-02",
    "acceptedDate": "2023-11-02 10:22:22",
    "calendarYear": "2024",
    "period": "Q1",
    "revenue": 1431100000,
    "costOfRevenue": 1075300000,
    "grossProfit": 355800000,
    "grossProfitRatio": 0.2486199427,
    "researchAndDevelopmentExpenses": 0,
    "generalAndAdministrativeExpenses": 0,
    "sellingAndMarketingExpenses": 0,
    "sellingGeneralAndAdministrativeExpenses": 207300000,
    "otherExpenses": 0,
    "operatingExpenses": 207300000,
    "costAndExpenses": 1282600000,
    "interestIncome": 2900000,
    "interestExpense": 36400000,
    "depreciationAndAmortization": 119500000,
    "ebitda": 268000000,
    "ebitdaratio": 0.1872685347,
    "operatingIncome": 148400000,
    "operatingIncomeRatio": 0.1036964573,
    "totalOtherIncomeExpensesNet": -35500000,
    "incomeBeforeTax": 112900000,
    "incomeBeforeTaxRatio": 0.0788903641,
    "incomeTaxExpense": 22000000,
    "netIncome": 90900000,
    "netIncomeRatio": 0.0635175739,
    "eps": 0.77,
    "epsdiluted": 0.76,
    "weightedAverageShsOut": 117900000,
    "weightedAverageShsOutDil": 119200000,
    "link": "https://www.sec.gov/Archives/edgar/data/1383312/000138331223000049/0001383312-23-000049-index.htm",
    "finalLink": "https://www.sec.gov/Archives/edgar/data/1383312/000138331223000049/br-20230930.htm"
  },
  {
    "date": "2023-06-30",
    "symbol": "BR",
    "reportedCurrency": "USD",
    "cik": "0001383312",
    "fillingDate": "2023-08-08",
    "acceptedDate": "2023-08-08 11:26:56",
    "calendarYear": "2023",
    "period": "Q4",
    "revenue": 1839000000,
    "costOfRevenue": 1159100000,
    "grossProfit": 679900000,
    "grossProfitRatio": 0.3697117999,
    "researchAndDevelopmentExpenses": 0,
    "generalAndAdministrativeExpenses": 0,
    "sellingAndMarketingExpenses": 0,
    "sellingGeneralAndAdministrativeExpenses": 225700000,
    "otherExpenses": 0,
    "operatingExpenses": 225700000,
    "costAndExpenses": 1384800000,
    "interestIncome": 3100000,
    "interestExpense": 39100000,
    "depreciationAndAmortization": 103200000,
    "ebitda": 557400000,
    "ebitdaratio": 0.3030995106,
    "operatingIncome": 454200000,
    "operatingIncomeRatio": 0.2469820555,
    "totalOtherIncomeExpensesNet": -36700000,
    "incomeBeforeTax": 417500000,
    "incomeBeforeTaxRatio": 0.2270255574,
    "incomeTaxExpense": 93400000,
    "netIncome": 324100000,
    "netIncomeRatio": 0.1762370854,
    "eps": 2.75,
    "epsdiluted": 2.72,
    "weightedAverageShsOut": 118000000,
    "weightedAverageShsOutDil": 119100000,
    "link": "https://www.sec.gov/Archives/edgar/data/1383312/000138331223000037/0001383312-23-000037-index.htm",
    "finalLink": "https://www.sec.gov/Archives/edgar/data/1383312/000138331223000037/br-20230630.htm"
  },
  {
    "date": "2023-03-31",
    "symbol": "BR",
    "reportedCurrency": "USD",
    "cik": "0001383312",
    "fillingDate": "2023-05-02",
    "acceptedDate": "2023-05-02 11:38:08",
    "calendarYear": "2023",
    "period": "Q3",
    "revenue": 1645700000,
    "costOfRevenue": 1137700000,
    "grossProfit": 508000000,
    "grossProfitRatio": 0.3086832351,
    "researchAndDevelopmentExpenses": 0,
    "generalAndAdministrativeExpenses": 0,
    "sellingAndMarketingExpenses": 0,
    "sellingGeneralAndAdministrativeExpenses": 221200000,
    "otherExpenses": 0,
    "operatingExpenses": 221200000,
    "costAndExpenses": 1358900000,
    "interestIncome": 1800000,
    "interestExpense": 40300000,
    "depreciationAndAmortization": 105700000,
    "ebitda": 392500000,
    "ebitdaratio": 0.2385003342,
    "operatingIncome": 286800000,
    "operatingIncomeRatio": 0.1742723461,
    "totalOtherIncomeExpensesNet": -36700000,
    "incomeBeforeTax": 250100000,
    "incomeBeforeTaxRatio": 0.1519718053,
    "incomeTaxExpense": 51600000,
    "netIncome": 198500000,
    "netIncomeRatio": 0.1206173665,
    "eps": 1.69,
    "epsdiluted": 1.67,
    "weightedAverageShsOut": 117700000,
    "weightedAverageShsOutDil": 119100000,
    "link": "https://www.sec.gov/Archives/edgar/data/1383312/000138331223000024/0001383312-23-000024-index.htm",
    "finalLink": "https://www.sec.gov/Archives/edgar/data/1383312/000138331223000024/br-20230331.htm"
  },
  {
    "date": "2022-12-31",
    "symbol": "BR",
    "reportedCurrency": "USD",
    "cik": "0001383312",
    "fillingDate": "2023-02-02",
    "acceptedDate": "2023-02-02 10:35:12",
    "calendarYear": "2023",
    "period": "Q2",
    "revenue": 1292900000,
    "costOfRevenue": 988200000,
    "grossProfit": 304700000,
    "grossProfitRatio": 0.2356717457,
    "researchAndDevelopmentExpenses": 0,
    "generalAndAdministrativeExpenses": 0,
    "sellingAndMarketingExpenses": 0,
    "sellingGeneralAndAdministrativeExpenses": 196800000,
    "otherExpenses": 0,
    "operatingExpenses": 196800000,
    "costAndExpenses": 1185000000,
    "interestIncome": 2100000,
    "interestExpense": 36300000,
    "depreciationAndAmortization": 107400000,
    "ebitda": 215300000,
    "ebitdaratio": 0.1665248666,
    "operatingIncome": 107900000,
    "operatingIncomeRatio": 0.083455797,
    "totalOtherIncomeExpensesNet": -36000000,
    "incomeBeforeTax": 71900000,
    "incomeBeforeTaxRatio": 0.0556114162,
    "incomeTaxExpense": 14400000,
    "netIncome": 57500000,
    "netIncomeRatio": 0.0444736639,
    "eps": 0.49,
    "epsdiluted": 0.48,
    "weightedAverageShsOut": 117700000,
    "weightedAverageShsOutDil": 118900000,
    "link": "https://www.sec.gov/Archives/edgar/data/1383312/000138331223000010/0001383312-23-000010-index.htm",
    "finalLink": "https://www.sec.gov/Archives/edgar/data/1383312/000138331223000010/br-20221231.htm"
  },
  {
    "date": "2022-09-30",
    "symbol": "BR",
    "reportedCurrency": "USD",
    "cik": "0001383312",
    "fillingDate": "2022-11-02",
    "acceptedDate": "2022-11-02 11:18:06",
    "calendarYear": "2023",
    "period": "Q1",
    "revenue": 1283300000,
    "costOfRevenue": 990400000,
    "grossProfit": 292900000,
    "grossProfitRatio": 0.2282396945,
    "researchAndDevelopmentExpenses": 0,
    "generalAndAdministrativeExpenses": 0,
    "sellingAndMarketingExpenses": 0,
    "sellingGeneralAndAdministrativeExpenses": 205300000,
    "otherExpenses": 0,
    "operatingExpenses": 205300000,
    "costAndExpenses": 1195700000,
    "interestIncome": 1200000,
    "interestExpense": 28000000,
    "depreciationAndAmortization": 108700000,
    "ebitda": 192100000,
    "ebitdaratio": 0.1496921998,
    "operatingIncome": 87500000,
    "operatingIncomeRatio": 0.0681835892,
    "totalOtherIncomeExpensesNet": -32100000,
    "incomeBeforeTax": 55400000,
    "incomeBeforeTaxRatio": 0.0431699525,
    "incomeTaxExpense": 5000000,
    "netIncome": 50400000,
    "netIncomeRatio": 0.0392737474,
    "eps": 0.43,
    "epsdiluted": 0.42,
    "weightedAverageShsOut": 117500000,
    "weightedAverageShsOutDil": 118900000,
    "link": "https://www.sec.gov/Archives/edgar/data/1383312/000138331222000052/0001383312-22-000052-index.htm",
    "finalLink": "https://www.sec.gov/Archives/edgar/data/1383312/000138331222000052/br-20220930.htm"
  },
  {
    "date": "2022-06-30",
    "symbol": "BR",
    "reportedCurrency": "USD",
    "cik": "0001383312",
    "fillingDate": "2022-08-12",
    "acceptedDate": "2022-08-12 12:24:59",
    "calendarYear": "2022",
    "period": "Q4",
    "revenue": 1722900000,
    "costOfRevenue": 1146800000,
    "grossProfit": 576100000,
    "grossProfitRatio": 0.3343780835,
    "researchAndDevelopmentExpenses": 0,
    "generalAndAdministrativeExpenses": 0,
    "sellingAndMarketingExpenses": 0,
    "sellingGeneralAndAdministrativeExpenses": 234300000,
    "otherExpenses": 0,
    "operatingExpenses": 234300000,
    "costAndExpenses": 1381100000,
    "interestIncome": 900000,
    "interestExpense": 21600000,
    "depreciationAndAmortization": 112000000,
    "ebitda": 453700000,
    "ebitdaratio": 0.2633350746,
    "operatingIncome": 341700000,
    "operatingIncomeRatio": 0.1983283998,
    "totalOtherIncomeExpensesNet": -22900000,
    "incomeBeforeTax": 318800000,
    "incomeBeforeTaxRatio": 0.1850368565,
    "incomeTaxExpense": 70600000,
    "netIncome": 248100000,
    "netIncomeRatio": 0.144001393,
    "eps": 2.12,
    "epsdiluted": 2.09,
    "weightedAverageShsOut": 117300000,
    "weightedAverageShsOutDil": 118500000,
    "link": "https://www.sec.gov/Archives/edgar/data/1383312/000138331222000037/0001383312-22-000037-index.htm",
    "finalLink": "https://www.sec.gov/Archives/edgar/data/1383312/000138331222000037/br-20220630.htm"
  },
  {
    "date": "2022-03-31",
    "symbol": "BR",
    "reportedCurrency": "USD",
    "cik": "0001383312",
    "fillingDate": "2022-05-03",
    "acceptedDate": "2022-05-03 11:52:53",
    "calendarYear": "2022",
    "period": "Q3",
    "revenue": 1533700000,
    "costOfRevenue": 1077600000,
    "grossProfit": 456100000,
    "grossProfitRatio": 0.2973854078,
    "researchAndDevelopmentExpenses": 0,
    "generalAndAdministrativeExpenses": 0,
    "sellingAndMarketingExpenses": 0,
    "sellingGeneralAndAdministrativeExpenses": 210100000,
    "otherExpenses": 0,
    "operatingExpenses": 210100000,
    "costAndExpenses": 1287700000,
    "interestIncome": 300000,
    "interestExpense": 20300000,
    "depreciationAndAmortization": 113400000,
    "ebitda": 359400000,
    "ebitdaratio": 0.2343352677,
    "operatingIncome": 246000000,
    "operatingIncomeRatio": 0.1603964269,
    "totalOtherIncomeExpensesNet": -22700000,
    "incomeBeforeTax": 223300000,
    "incomeBeforeTaxRatio": 0.1455956184,
    "incomeTaxExpense": 46800000,
    "netIncome": 176600000,
    "netIncomeRatio": 0.115146378,
    "eps": 1.51,
    "epsdiluted": 1.49,
    "weightedAverageShsOut": 116800000,
    "weightedAverageShsOutDil": 118600000,
    "link": "https://www.sec.gov/Archives/edgar/data/1383312/000138331222000022/0001383312-22-000022-index.htm",
    "finalLink": "https://www.sec.gov/Archives/edgar/data/1383312/000138331222000022/br-20220331.htm"
  },
  {
    "date": "2021-12-31",
    "symbol": "BR",
    "reportedCurrency": "USD",
    "cik": "0001383312",
    "fillingDate": "2022-02-01",
    "acceptedDate": "2022-02-01 11:41:46",
    "calendarYear": "2022",
    "period": "Q2",
    "revenue": 1259600000,
    "costOfRevenue": 978400000,
    "grossProfit": 281200000,
    "grossProfitRatio": 0.2232454748,
    "researchAndDevelopmentExpenses": 0,
    "generalAndAdministrativeExpenses": 0,
    "sellingAndMarketingExpenses": 0,
    "sellingGeneralAndAdministrativeExpenses": 212300000,
    "otherExpenses": 0,
    "operatingExpenses": 212300000,
    "costAndExpenses": 1190700000,
    "interestIncome": 1500000,
    "interestExpense": 22800000,
    "depreciationAndAmortization": 118600000,
    "ebitda": 193300000,
    "ebitdaratio": 0.1534614163,
    "operatingIncome": 68900000,
    "operatingIncomeRatio": 0.0546999047,
    "totalOtherIncomeExpensesNet": -17000000,
    "incomeBeforeTax": 51900000,
    "incomeBeforeTaxRatio": 0.0412035567,
    "incomeTaxExpense": 4700000,
    "netIncome": 47200000,
    "netIncomeRatio": 0.0374722134,
    "eps": 0.4,
    "epsdiluted": 0.4,
    "weightedAverageShsOut": 116600000,
    "weightedAverageShsOutDil": 118700000,
    "link": "https://www.sec.gov/Archives/edgar/data/1383312/000138331222000007/0001383312-22-000007-index.htm",
    "finalLink": "https://www.sec.gov/Archives/edgar/data/1383312/000138331222000007/br-20211231.htm"
  },
  {
    "date": "2021-09-30",
    "symbol": "BR",
    "reportedCurrency": "USD",
    "cik": "0001383312",
    "fillingDate": "2021-11-03",
    "acceptedDate": "2021-11-03 11:17:26",
    "calendarYear": "2022",
    "period": "Q1",
    "revenue": 1192900000,
    "costOfRevenue": 914100000,
    "grossProfit": 278800000,
    "grossProfitRatio": 0.2337161539,
    "researchAndDevelopmentExpenses": 0,
    "generalAndAdministrativeExpenses": 0,
    "sellingAndMarketingExpenses": 0,
    "sellingGeneralAndAdministrativeExpenses": 175500000,
    "otherExpenses": 0,
    "operatingExpenses": 175500000,
    "costAndExpenses": 1089600000,
    "interestIncome": 300000,
    "interestExpense": 23000000,
    "depreciationAndAmortization": 120000000,
    "ebitda": 223300000,
    "ebitdaratio": 0.1871908794,
    "operatingIncome": 103300000,
    "operatingIncomeRatio": 0.0865956912,
    "totalOtherIncomeExpensesNet": -25100000,
    "incomeBeforeTax": 78200000,
    "incomeBeforeTaxRatio": 0.065554531,
    "incomeTaxExpense": 11000000,
    "netIncome": 67200000,
    "netIncomeRatio": 0.0563333054,
    "eps": 0.58,
    "epsdiluted": 0.57,
    "weightedAverageShsOut": 116200000,
    "weightedAverageShsOutDil": 118300000,
    "link": "https://www.sec.gov/Archives/edgar/data/1383312/000138331221000057/0001383312-21-000057-index.htm",
    "finalLink": "https://www.sec.gov/Archives/edgar/data/1383312/000138331221000057/br-20210930.htm"
  },
  {
    "date": "2021-06-30",
    "symbol": "BR",
    "reportedCurrency": "USD",
    "cik": "0001383312",
    "fillingDate": "2021-08-12",
    "acceptedDate": "2021-08-12 12:45:00",
    "calendarYear": "2021",
    "period": "Q4",
    "revenue": 1531600000,
    "costOfRevenue": 1016700000,
    "grossProfit": 514900000,
    "grossProfitRatio": 0.3361843823,
    "researchAndDevelopmentExpenses": 0,
    "generalAndAdministrativeExpenses": 0,
    "sellingAndMarketingExpenses": 0,
    "sellingGeneralAndAdministrativeExpenses": 233500000,
    "otherExpenses": 0,
    "operatingExpenses": 233500000,
    "costAndExpenses": 1250200000,
    "interestIncome": 300000,
    "interestExpense": 18300000,
    "depreciationAndAmortization": 107200000,
    "ebitda": 461900000,
    "ebitdaratio": 0.301580047,
    "operatingIncome": 281400000,
    "operatingIncomeRatio": 0.1837294333,
    "totalOtherIncomeExpensesNet": 55000000,
    "incomeBeforeTax": 336400000,
    "incomeBeforeTaxRatio": 0.2196395926,
    "incomeTaxExpense": 75900000,
    "netIncome": 260400000,
    "netIncomeRatio": 0.1700182815,
    "eps": 2.24,
    "epsdiluted": 2.2,
    "weightedAverageShsOut": 116100000,
    "weightedAverageShsOutDil": 118100000,
    "link": "https://www.sec.gov/Archives/edgar/data/1383312/000138331221000047/0001383312-21-000047-index.htm",
    "finalLink": "https://www.sec.gov/Archives/edgar/data/1383312/000138331221000047/br-20210630.htm"
  },
  {
    "date": "2021-03-31",
    "symbol": "BR",
    "reportedCurrency": "USD",
    "cik": "0001383312",
    "fillingDate": "2021-05-04",
    "acceptedDate": "2021-05-04 10:38:18",
    "calendarYear": "2021",
    "period": "Q3",
    "revenue": 1389800000,
    "costOfRevenue": 960500000,
    "grossProfit": 429300000,
    "grossProfitRatio": 0.308893366,
    "researchAndDevelopmentExpenses": 0,
    "generalAndAdministrativeExpenses": 0,
    "sellingAndMarketingExpenses": 0,
    "sellingGeneralAndAdministrativeExpenses": 190000000,
    "otherExpenses": 0,
    "operatingExpenses": 190000000,
    "costAndExpenses": 1150500000,
    "interestIncome": 300000,
    "interestExpense": 12000000,
    "depreciationAndAmortization": 78400000,
    "ebitda": 307300000,
    "ebitdaratio": 0.2211109512,
    "operatingIncome": 239200000,
    "operatingIncomeRatio": 0.1721110951,
    "totalOtherIncomeExpensesNet": -22300000,
    "incomeBeforeTax": 216900000,
    "incomeBeforeTaxRatio": 0.156065621,
    "incomeTaxExpense": 51900000,
    "netIncome": 165000000,
    "netIncomeRatio": 0.1187221183,
    "eps": 1.42,
    "epsdiluted": 1.4,
    "weightedAverageShsOut": 115800000,
    "weightedAverageShsOutDil": 118000000,
    "link": "https://www.sec.gov/Archives/edgar/data/1383312/000138331221000024/0001383312-21-000024-index.htm",
    "finalLink": "https://www.sec.gov/Archives/edgar/data/1383312/000138331221000024/br-20210331.htm"
  },
  {
    "date": "2020-12-31",
    "symbol": "BR",
    "reportedCurrency": "USD",
    "cik": "0001383312",
    "fillingDate": "2021-02-02",
    "acceptedDate": "2021-02-02 16:24:36",
    "calendarYear": "2021",
    "period": "Q2",
    "revenue": 1054900000,
    "costOfRevenue": 806500000,
    "grossProfit": 248400000,
    "grossProfitRatio": 0.2354725566,
    "researchAndDevelopmentExpenses": 0,
    "generalAndAdministrativeExpenses": 0,
    "sellingAndMarketingExpenses": 0,
    "sellingGeneralAndAdministrativeExpenses": 169000000,
    "otherExpenses": 0,
    "operatingExpenses": 169000000,
    "costAndExpenses": 975500000,
    "interestIncome": 1000000,
    "interestExpense": 12100000,
    "depreciationAndAmortization": 75100000,
    "ebitda": 156600000,
    "ebitdaratio": 0.1484500901,
    "operatingIncome": 79500000,
    "operatingIncomeRatio": 0.0753625936,
    "totalOtherIncomeExpensesNet": -10100000,
    "incomeBeforeTax": 69400000,
    "incomeBeforeTaxRatio": 0.0657882264,
    "incomeTaxExpense": 13100000,
    "netIncome": 56300000,
    "netIncomeRatio": 0.0533699877,
    "eps": 0.49,
    "epsdiluted": 0.48,
    "weightedAverageShsOut": 115700000,
    "weightedAverageShsOutDil": 117800000,
    "link": "https://www.sec.gov/Archives/edgar/data/1383312/000138331221000009/0001383312-21-000009-index.htm",
    "finalLink": "https://www.sec.gov/Archives/edgar/data/1383312/000138331221000009/br-20201231.htm"
  },
  {
    "date": "2020-09-30",
    "symbol": "BR",
    "reportedCurrency": "USD",
    "cik": "0001383312",
    "fillingDate": "2020-10-30",
    "acceptedDate": "2020-10-30 11:19:48",
    "calendarYear": "2021",
    "period": "Q1",
    "revenue": 1017400000,
    "costOfRevenue": 787100000,
    "grossProfit": 230300000,
    "grossProfitRatio": 0.2263613132,
    "researchAndDevelopmentExpenses": 0,
    "generalAndAdministrativeExpenses": 0,
    "sellingAndMarketingExpenses": 0,
    "sellingGeneralAndAdministrativeExpenses": 151700000,
    "otherExpenses": 0,
    "operatingExpenses": 151700000,
    "costAndExpenses": 938800000,
    "interestIncome": 600000,
    "interestExpense": 15000000,
    "depreciationAndAmortization": 74000000,
    "ebitda": 162600000,
    "ebitdaratio": 0.1598191468,
    "operatingIncome": 78600000,
    "operatingIncomeRatio": 0.07725575,
    "totalOtherIncomeExpensesNet": -5000000,
    "incomeBeforeTax": 73600000,
    "incomeBeforeTaxRatio": 0.072341262,
    "incomeTaxExpense": 7800000,
    "netIncome": 65800000,
    "netIncomeRatio": 0.0646746609,
    "eps": 0.57,
    "epsdiluted": 0.56,
    "weightedAverageShsOut": 115300000,
    "weightedAverageShsOutDil": 117400000,
    "link": "https://www.sec.gov/Archives/edgar/data/1383312/000138331220000063/0001383312-20-000063-index.htm",
    "finalLink": "https://www.sec.gov/Archives/edgar/data/1383312/000138331220000063/br-20200930.htm"
  },
  {
    "date": "2020-06-30",
    "symbol": "BR",
    "reportedCurrency": "USD",
    "cik": "0001383312",
    "fillingDate": "2020-08-11",
    "acceptedDate": "2020-08-11 12:35:28",
    "calendarYear": "2020",
    "period": "Q4",
    "revenue": 1361900000,
    "costOfRevenue": 884200000,
    "grossProfit": 477700000,
    "grossProfitRatio": 0.3507599677,
    "researchAndDevelopmentExpenses": 0,
    "generalAndAdministrativeExpenses": 460100000,
    "sellingAndMarketingExpenses": -281200000,
    "sellingGeneralAndAdministrativeExpenses": 178900000,
    "otherExpenses": 0,
    "operatingExpenses": 178900000,
    "costAndExpenses": 1063100000,
    "interestIncome": 500000,
    "interestExpense": 16200000,
    "depreciationAndAmortization": 75900000,
    "ebitda": 386800000,
    "ebitdaratio": 0.2840149791,
    "operatingIncome": 298800000,
    "operatingIncomeRatio": 0.2193993685,
    "totalOtherIncomeExpensesNet": -4100000,
    "incomeBeforeTax": 294700000,
    "incomeBeforeTaxRatio": 0.2163888685,
    "incomeTaxExpense": 65100000,
    "netIncome": 229700000,
    "netIncomeRatio": 0.1686614289,
    "eps": 2,
    "epsdiluted": 1.97,
    "weightedAverageShsOut": 115000000,
    "weightedAverageShsOutDil": 116800000,
    "link": "https://www.sec.gov/Archives/edgar/data/1383312/000138331220000055/0001383312-20-000055-index.htm",
    "finalLink": "https://www.sec.gov/Archives/edgar/data/1383312/000138331220000055/br-20200630.htm"
  },
  {
    "date": "2020-03-31",
    "symbol": "BR",
    "reportedCurrency": "USD",
    "cik": "0001383312",
    "fillingDate": "2020-05-08",
    "acceptedDate": "2020-05-08 11:00:01",
    "calendarYear": "2020",
    "period": "Q3",
    "revenue": 1249900000,
    "costOfRevenue": 872500000,
    "grossProfit": 377400000,
    "grossProfitRatio": 0.3019441555,
    "researchAndDevelopmentExpenses": 0,
    "generalAndAdministrativeExpenses": 151100000,
    "sellingAndMarketingExpenses": 0,
    "sellingGeneralAndAdministrativeExpenses": 151100000,
    "otherExpenses": 0,
    "operatingExpenses": 151100000,
    "costAndExpenses": 1023600000,
    "interestIncome": 500000,
    "interestExpense": 16700000,
    "depreciationAndAmortization": 73900000,
    "ebitda": 300200000,
    "ebitdaratio": 0.2401792143,
    "operatingIncome": 226300000,
    "operatingIncomeRatio": 0.1810544844,
    "totalOtherIncomeExpensesNet": -15800000,
    "incomeBeforeTax": 210500000,
    "incomeBeforeTaxRatio": 0.1684134731,
    "incomeTaxExpense": 43600000,
    "netIncome": 166800000,
    "netIncomeRatio": 0.1334506761,
    "eps": 1.46,
    "epsdiluted": 1.43,
    "weightedAverageShsOut": 114600000,
    "weightedAverageShsOutDil": 117000000,
    "link": "https://www.sec.gov/Archives/edgar/data/1383312/000138331220000031/0001383312-20-000031-index.htm",
    "finalLink": "https://www.sec.gov/Archives/edgar/data/1383312/000138331220000031/br-20200331.htm"
  },
  {
    "date": "2019-12-31",
    "symbol": "BR",
    "reportedCurrency": "USD",
    "cik": "0001383312",
    "fillingDate": "2020-01-31",
    "acceptedDate": "2020-01-31 10:44:25",
    "calendarYear": "2020",
    "period": "Q2",
    "revenue": 968700000,
    "costOfRevenue": 780900000,
    "grossProfit": 187800000,
    "grossProfitRatio": 0.1938680706,
    "researchAndDevelopmentExpenses": 0,
    "generalAndAdministrativeExpenses": 161000000,
    "sellingAndMarketingExpenses": 0,
    "sellingGeneralAndAdministrativeExpenses": 161000000,
    "otherExpenses": 0,
    "operatingExpenses": 161000000,
    "costAndExpenses": 941900000,
    "interestIncome": 1600000,
    "interestExpense": 15500000,
    "depreciationAndAmortization": 78100000,
    "ebitda": 104100000,
    "ebitdaratio": 0.107463611,
    "operatingIncome": 26800000,
    "operatingIncomeRatio": 0.027665944,
    "totalOtherIncomeExpensesNet": -16300000,
    "incomeBeforeTax": 10500000,
    "incomeBeforeTaxRatio": 0.0108392691,
    "incomeTaxExpense": 400000,
    "netIncome": 10100000,
    "netIncomeRatio": 0.0104263446,
    "eps": 0.0881,
    "epsdiluted": 0.0862,
    "weightedAverageShsOut": 114700000,
    "weightedAverageShsOutDil": 117200000,
    "link": "https://www.sec.gov/Archives/edgar/data/1383312/000138331220000013/0001383312-20-000013-index.htm",
    "finalLink": "https://www.sec.gov/Archives/edgar/data/1383312/000138331220000013/br-20191231.htm"
  },
  {
    "date": "2019-09-30",
    "symbol": "BR",
    "reportedCurrency": "USD",
    "cik": "0001383312",
    "fillingDate": "2019-11-06",
    "acceptedDate": "2019-11-06 10:23:38",
    "calendarYear": "2020",
    "period": "Q1",
    "revenue": 948600000,
    "costOfRevenue": 727500000,
    "grossProfit": 221100000,
    "grossProfitRatio": 0.2330803289,
    "researchAndDevelopmentExpenses": 0,
    "generalAndAdministrativeExpenses": 148000000,
    "sellingAndMarketingExpenses": 0,
    "sellingGeneralAndAdministrativeExpenses": 148000000,
    "otherExpenses": 0,
    "operatingExpenses": 148000000,
    "costAndExpenses": 875500000,
    "interestIncome": 1000000,
    "interestExpense": 14200000,
    "depreciationAndAmortization": 71400000,
    "ebitda": 149400000,
    "ebitdaratio": 0.1574952562,
    "operatingIncome": 73100000,
    "operatingIncomeRatio": 0.0770609319,
    "totalOtherIncomeExpensesNet": -9300000,
    "incomeBeforeTax": 63800000,
    "incomeBeforeTaxRatio": 0.0672570103,
    "incomeTaxExpense": 7900000,
    "netIncome": 55900000,
    "netIncomeRatio": 0.0589289479,
    "eps": 0.49,
    "epsdiluted": 0.48,
    "weightedAverageShsOut": 114400000,
    "weightedAverageShsOutDil": 117100000,
    "link": "https://www.sec.gov/Archives/edgar/data/1383312/000138331219000059/0001383312-19-000059-index.htm",
    "finalLink": "https://www.sec.gov/Archives/edgar/data/1383312/000138331219000059/br-20190930.htm"
  },
  {
    "date": "2019-06-30",
    "symbol": "BR",
    "reportedCurrency": "USD",
    "cik": "0001383312",
    "fillingDate": "2019-08-06",
    "acceptedDate": "2019-08-06 15:05:23",
    "calendarYear": "2019",
    "period": "Q4",
    "revenue": 1211200000,
    "costOfRevenue": 811600000,
    "grossProfit": 399600000,
    "grossProfitRatio": 0.3299207398,
    "researchAndDevelopmentExpenses": 0,
    "generalAndAdministrativeExpenses": 158800000,
    "sellingAndMarketingExpenses": 0,
    "sellingGeneralAndAdministrativeExpenses": 158800000,
    "otherExpenses": 0,
    "operatingExpenses": 158800000,
    "costAndExpenses": 970400000,
    "interestIncome": 1300000,
    "interestExpense": 12600000,
    "depreciationAndAmortization": 65200000,
    "ebitda": 307900000,
    "ebitdaratio": 0.2542107001,
    "operatingIncome": 240800000,
    "operatingIncomeRatio": 0.1988110964,
    "totalOtherIncomeExpensesNet": -10700000,
    "incomeBeforeTax": 230100000,
    "incomeBeforeTaxRatio": 0.1899768824,
    "incomeTaxExpense": 46800000,
    "netIncome": 183200000,
    "netIncomeRatio": 0.1512549538,
    "eps": 1.59,
    "epsdiluted": 1.55,
    "weightedAverageShsOut": 115300000,
    "weightedAverageShsOutDil": 117800000,
    "link": "https://www.sec.gov/Archives/edgar/data/1383312/000138331219000042/0001383312-19-000042-index.htm",
    "finalLink": "https://www.sec.gov/Archives/edgar/data/1383312/000138331219000042/br-20190630xform10xk.htm"
  },
  {
    "date": "2019-03-31",
    "symbol": "BR",
    "reportedCurrency": "USD",
    "cik": "0001383312",
    "fillingDate": "2019-05-07",
    "acceptedDate": "2019-05-07 11:30:46",
    "calendarYear": "2019",
    "period": "Q3",
    "revenue": 1224800000,
    "costOfRevenue": 847300000,
    "grossProfit": 377500000,
    "grossProfitRatio": 0.3082135859,
    "researchAndDevelopmentExpenses": 0,
    "generalAndAdministrativeExpenses": 143900000,
    "sellingAndMarketingExpenses": 0,
    "sellingGeneralAndAdministrativeExpenses": 143900000,
    "otherExpenses": 0,
    "operatingExpenses": 143900000,
    "costAndExpenses": 991200000,
    "interestIncome": 1700000,
    "interestExpense": 11700000,
    "depreciationAndAmortization": 64500000,
    "ebitda": 299800000,
    "ebitdaratio": 0.2447746571,
    "operatingIncome": 233600000,
    "operatingIncomeRatio": 0.1907250163,
    "totalOtherIncomeExpensesNet": -10000000,
    "incomeBeforeTax": 223600000,
    "incomeBeforeTaxRatio": 0.182560418,
    "incomeTaxExpense": 51400000,
    "netIncome": 172200000,
    "netIncomeRatio": 0.1405943828,
    "eps": 1.49,
    "epsdiluted": 1.45,
    "weightedAverageShsOut": 115700000,
    "weightedAverageShsOutDil": 118500000,
    "link": "https://www.sec.gov/Archives/edgar/data/1383312/000138331219000026/0001383312-19-000026-index.htm",
    "finalLink": "https://www.sec.gov/Archives/edgar/data/1383312/000138331219000026/br-20190331x10q.htm"
  },
  {
    "date": "2018-12-31",
    "symbol": "BR",
    "reportedCurrency": "USD",
    "cik": "0001383312",
    "fillingDate": "2019-02-07",
    "acceptedDate": "2019-02-07 15:58:45",
    "calendarYear": "2019",
    "period": "Q2",
    "revenue": 953400000,
    "costOfRevenue": 734000000,
    "grossProfit": 219400000,
    "grossProfitRatio": 0.2301237676,
    "researchAndDevelopmentExpenses": 0,
    "generalAndAdministrativeExpenses": 141200000,
    "sellingAndMarketingExpenses": 0,
    "sellingGeneralAndAdministrativeExpenses": 141200000,
    "otherExpenses": 0,
    "operatingExpenses": 141200000,
    "costAndExpenses": 875200000,
    "interestIncome": 600000,
    "interestExpense": 11300000,
    "depreciationAndAmortization": 65600000,
    "ebitda": 141200000,
    "ebitdaratio": 0.1481015314,
    "operatingIncome": 78200000,
    "operatingIncomeRatio": 0.0820222362,
    "totalOtherIncomeExpensesNet": -13900000,
    "incomeBeforeTax": 64300000,
    "incomeBeforeTaxRatio": 0.0674428362,
    "incomeTaxExpense": 14400000,
    "netIncome": 49900000,
    "netIncomeRatio": 0.0523389973,
    "eps": 0.43,
    "epsdiluted": 0.42,
    "weightedAverageShsOut": 116300000,
    "weightedAverageShsOutDil": 119100000,
    "link": "https://www.sec.gov/Archives/edgar/data/1383312/000138331219000008/0001383312-19-000008-index.htm",
    "finalLink": "https://www.sec.gov/Archives/edgar/data/1383312/000138331219000008/br-20181231x10q.htm"
  },
  {
    "date": "2018-09-30",
    "symbol": "BR",
    "reportedCurrency": "USD",
    "cik": "0001383312",
    "fillingDate": "2018-11-06",
    "acceptedDate": "2018-11-06 11:12:57",
    "calendarYear": "2019",
    "period": "Q1",
    "revenue": 972800000,
    "costOfRevenue": 739000000,
    "grossProfit": 233800000,
    "grossProfitRatio": 0.2403371711,
    "researchAndDevelopmentExpenses": 0,
    "generalAndAdministrativeExpenses": 133700000,
    "sellingAndMarketingExpenses": 0,
    "sellingGeneralAndAdministrativeExpenses": 133700000,
    "otherExpenses": 0,
    "operatingExpenses": 133700000,
    "costAndExpenses": 872700000,
    "interestIncome": 600000,
    "interestExpense": 10200000,
    "depreciationAndAmortization": 64700000,
    "ebitda": 164800000,
    "ebitdaratio": 0.1694078947,
    "operatingIncome": 100100000,
    "operatingIncomeRatio": 0.1028988487,
    "totalOtherIncomeExpensesNet": -10800000,
    "incomeBeforeTax": 89300000,
    "incomeBeforeTaxRatio": 0.091796875,
    "incomeTaxExpense": 12600000,
    "netIncome": 76700000,
    "netIncomeRatio": 0.0788445724,
    "eps": 0.66,
    "epsdiluted": 0.64,
    "weightedAverageShsOut": 116400000,
    "weightedAverageShsOutDil": 119700000,
    "link": "https://www.sec.gov/Archives/edgar/data/1383312/000138331218000054/0001383312-18-000054-index.htm",
    "finalLink": "https://www.sec.gov/Archives/edgar/data/1383312/000138331218000054/br-20180930x10q.htm"
  },
  {
    "date": "2018-06-30",
    "symbol": "BR",
    "reportedCurrency": "USD",
    "cik": "0001383312",
    "fillingDate": "2018-08-07",
    "acceptedDate": "2018-08-07 12:24:20",
    "calendarYear": "2018",
    "period": "Q4",
    "revenue": 1320400000,
    "costOfRevenue": 870100000,
    "grossProfit": 450300000,
    "grossProfitRatio": 0.3410330203,
    "researchAndDevelopmentExpenses": 0,
    "generalAndAdministrativeExpenses": 184900000,
    "sellingAndMarketingExpenses": 0,
    "sellingGeneralAndAdministrativeExpenses": 184900000,
    "otherExpenses": 0,
    "operatingExpenses": 184900000,
    "costAndExpenses": 1055000000,
    "interestIncome": 1100000,
    "interestExpense": 11100000,
    "depreciationAndAmortization": 56400000,
    "ebitda": 325500000,
    "ebitdaratio": 0.2465162072,
    "operatingIncome": 265400000,
    "operatingIncomeRatio": 0.2009996971,
    "totalOtherIncomeExpensesNet": -7400000,
    "incomeBeforeTax": 258000000,
    "incomeBeforeTaxRatio": 0.1953953347,
    "incomeTaxExpense": 51200000,
    "netIncome": 206900000,
    "netIncomeRatio": 0.1566949409,
    "eps": 1.76,
    "epsdiluted": 1.72,
    "weightedAverageShsOut": 117200000,
    "weightedAverageShsOutDil": 120400000,
    "link": "https://www.sec.gov/Archives/edgar/data/1383312/000138331218000041/0001383312-18-000041-index.htm",
    "finalLink": "https://www.sec.gov/Archives/edgar/data/1383312/000138331218000041/br-20180630xform10xk.htm"
  },
  {
    "date": "2018-03-31",
    "symbol": "BR",
    "reportedCurrency": "USD",
    "cik": "0001383312",
    "fillingDate": "2018-05-08",
    "acceptedDate": "2018-05-08 12:26:01",
    "calendarYear": "2018",
    "period": "Q3",
    "revenue": 1071900000,
    "costOfRevenue": 803100000,
    "grossProfit": 268800000,
    "grossProfitRatio": 0.2507696613,
    "researchAndDevelopmentExpenses": 0,
    "generalAndAdministrativeExpenses": 138800000,
    "sellingAndMarketingExpenses": 0,
    "sellingGeneralAndAdministrativeExpenses": 138800000,
    "otherExpenses": 0,
    "operatingExpenses": 138800000,
    "costAndExpenses": 941900000,
    "interestIncome": 1500000,
    "interestExpense": 10500000,
    "depreciationAndAmortization": 53500000,
    "ebitda": 189200000,
    "ebitdaratio": 0.1765090027,
    "operatingIncome": 130800000,
    "operatingIncomeRatio": 0.1220263084,
    "totalOtherIncomeExpensesNet": -5500000,
    "incomeBeforeTax": 125200000,
    "incomeBeforeTaxRatio": 0.1168019405,
    "incomeTaxExpense": 16200000,
    "netIncome": 109100000,
    "netIncomeRatio": 0.1017818826,
    "eps": 0.93,
    "epsdiluted": 0.9,
    "weightedAverageShsOut": 116900000,
    "weightedAverageShsOutDil": 120900000,
    "link": "https://www.sec.gov/Archives/edgar/data/1383312/000138331218000027/0001383312-18-000027-index.htm",
    "finalLink": "https://www.sec.gov/Archives/edgar/data/1383312/000138331218000027/br-20180331x10q.htm"
  },
  {
    "date": "2017-12-31",
    "symbol": "BR",
    "reportedCurrency": "USD",
    "cik": "0001383312",
    "fillingDate": "2018-02-08",
    "acceptedDate": "2018-02-08 13:57:11",
    "calendarYear": "2018",
    "period": "Q2",
    "revenue": 1012800000,
    "costOfRevenue": 769800000,
    "grossProfit": 243000000,
    "grossProfitRatio": 0.23992891,
    "researchAndDevelopmentExpenses": 0,
    "generalAndAdministrativeExpenses": 127900000,
    "sellingAndMarketingExpenses": 0,
    "sellingGeneralAndAdministrativeExpenses": 127900000,
    "otherExpenses": 0,
    "operatingExpenses": 127900000,
    "costAndExpenses": 897700000,
    "interestIncome": 600000,
    "interestExpense": 10800000,
    "depreciationAndAmortization": 52200000,
    "ebitda": 166500000,
    "ebitdaratio": 0.1643957346,
    "operatingIncome": 115900000,
    "operatingIncomeRatio": 0.1144352291,
    "totalOtherIncomeExpensesNet": -12400000,
    "incomeBeforeTax": 103500000,
    "incomeBeforeTaxRatio": 0.1021919431,
    "incomeTaxExpense": 41400000,
    "netIncome": 62100000,
    "netIncomeRatio": 0.0613151659,
    "eps": 0.53,
    "epsdiluted": 0.52,
    "weightedAverageShsOut": 116600000,
    "weightedAverageShsOutDil": 120300000,
    "link": "https://www.sec.gov/Archives/edgar/data/1383312/000138331218000007/0001383312-18-000007-index.htm",
    "finalLink": "https://www.sec.gov/Archives/edgar/data/1383312/000138331218000007/br-20171231x10q.htm"
  },
  {
    "date": "2017-09-30",
    "symbol": "BR",
    "reportedCurrency": "USD",
    "cik": "0001383312",
    "fillingDate": "2017-11-08",
    "acceptedDate": "2017-11-08 12:23:10",
    "calendarYear": "2018",
    "period": "Q1",
    "revenue": 924800000,
    "costOfRevenue": 726600000,
    "grossProfit": 198200000,
    "grossProfitRatio": 0.214316609,
    "researchAndDevelopmentExpenses": 0,
    "generalAndAdministrativeExpenses": 113800000,
    "sellingAndMarketingExpenses": 0,
    "sellingGeneralAndAdministrativeExpenses": 113800000,
    "otherExpenses": 0,
    "operatingExpenses": 113800000,
    "costAndExpenses": 840400000,
    "interestIncome": 600000,
    "interestExpense": 10000000,
    "depreciationAndAmortization": 49900000,
    "ebitda": 134200000,
    "ebitdaratio": 0.1451124567,
    "operatingIncome": 84400000,
    "operatingIncomeRatio": 0.0912629758,
    "totalOtherIncomeExpensesNet": -10100000,
    "incomeBeforeTax": 74300000,
    "incomeBeforeTaxRatio": 0.0803416955,
    "incomeTaxExpense": 24400000,
    "netIncome": 49900000,
    "netIncomeRatio": 0.0539576125,
    "eps": 0.43,
    "epsdiluted": 0.42,
    "weightedAverageShsOut": 116500000,
    "weightedAverageShsOutDil": 119800000,
    "link": "https://www.sec.gov/Archives/edgar/data/1383312/000138331217000068/0001383312-17-000068-index.htm",
    "finalLink": "https://www.sec.gov/Archives/edgar/data/1383312/000138331217000068/br-20170930x10q.htm"
  },
  {
    "date": "2017-06-30",
    "symbol": "BR",
    "reportedCurrency": "USD",
    "cik": "0001383312",
    "fillingDate": "2017-08-10",
    "acceptedDate": "2017-08-10 14:32:56",
    "calendarYear": "2017",
    "period": "Q4",
    "revenue": 1345700000,
    "costOfRevenue": 910100000,
    "grossProfit": 435600000,
    "grossProfitRatio": 0.3236977038,
    "researchAndDevelopmentExpenses": 0,
    "generalAndAdministrativeExpenses": 138600000,
    "sellingAndMarketingExpenses": 0,
    "sellingGeneralAndAdministrativeExpenses": 138600000,
    "otherExpenses": 0,
    "operatingExpenses": 138600000,
    "costAndExpenses": 1048700000,
    "interestIncome": 500000,
    "interestExpense": 11300000,
    "depreciationAndAmortization": 46200000,
    "ebitda": 342300000,
    "ebitdaratio": 0.2543657576,
    "operatingIncome": 297000000,
    "operatingIncomeRatio": 0.2207029799,
    "totalOtherIncomeExpensesNet": -12300000,
    "incomeBeforeTax": 284700000,
    "incomeBeforeTaxRatio": 0.2115627554,
    "incomeTaxExpense": 97600000,
    "netIncome": 187100000,
    "netIncomeRatio": 0.1390354462,
    "eps": 1.6,
    "epsdiluted": 1.57,
    "weightedAverageShsOut": 117100000,
    "weightedAverageShsOutDil": 119500000,
    "link": "https://www.sec.gov/Archives/edgar/data/1383312/000138331217000053/0001383312-17-000053-index.htm",
    "finalLink": "https://www.sec.gov/Archives/edgar/data/1383312/000138331217000053/br-20170630x10xk.htm"
  },
  {
    "date": "2017-03-31",
    "symbol": "BR",
    "reportedCurrency": "USD",
    "cik": "0001383312",
    "fillingDate": "2017-05-10",
    "acceptedDate": "2017-05-10 11:48:13",
    "calendarYear": "2017",
    "period": "Q3",
    "revenue": 1008900000,
    "costOfRevenue": 773700000,
    "grossProfit": 235200000,
    "grossProfitRatio": 0.2331251858,
    "researchAndDevelopmentExpenses": 0,
    "generalAndAdministrativeExpenses": 125500000,
    "sellingAndMarketingExpenses": 0,
    "sellingGeneralAndAdministrativeExpenses": 125500000,
    "otherExpenses": 0,
    "operatingExpenses": 125500000,
    "costAndExpenses": 899200000,
    "interestIncome": 900000,
    "interestExpense": 11700000,
    "depreciationAndAmortization": 46400000,
    "ebitda": 164400000,
    "ebitdaratio": 0.1629497472,
    "operatingIncome": 109700000,
    "operatingIncomeRatio": 0.1087322827,
    "totalOtherIncomeExpensesNet": -3400000,
    "incomeBeforeTax": 106300000,
    "incomeBeforeTaxRatio": 0.1053622757,
    "incomeTaxExpense": 30400000,
    "netIncome": 75900000,
    "netIncomeRatio": 0.075230449,
    "eps": 0.64,
    "epsdiluted": 0.63,
    "weightedAverageShsOut": 117800000,
    "weightedAverageShsOutDil": 120700000,
    "link": "https://www.sec.gov/Archives/edgar/data/1383312/000138331217000030/0001383312-17-000030-index.htm",
    "finalLink": "https://www.sec.gov/Archives/edgar/data/1383312/000138331217000030/br-20170331x10q.htm"
  },
  {
    "date": "2016-12-31",
    "symbol": "BR",
    "reportedCurrency": "USD",
    "cik": "0001383312",
    "fillingDate": "2017-02-08",
    "acceptedDate": "2017-02-08 11:16:43",
    "calendarYear": "2017",
    "period": "Q2",
    "revenue": 892600000,
    "costOfRevenue": 707800000,
    "grossProfit": 184800000,
    "grossProfitRatio": 0.2070356263,
    "researchAndDevelopmentExpenses": 0,
    "generalAndAdministrativeExpenses": 126000000,
    "sellingAndMarketingExpenses": 0,
    "sellingGeneralAndAdministrativeExpenses": 126000000,
    "otherExpenses": 0,
    "operatingExpenses": 126000000,
    "costAndExpenses": 833800000,
    "interestIncome": 300000,
    "interestExpense": 11000000,
    "depreciationAndAmortization": 47400000,
    "ebitda": 104100000,
    "ebitdaratio": 0.1166255882,
    "operatingIncome": 58800000,
    "operatingIncomeRatio": 0.065874972,
    "totalOtherIncomeExpensesNet": -13100000,
    "incomeBeforeTax": 45700000,
    "incomeBeforeTaxRatio": 0.0511987452,
    "incomeTaxExpense": 15600000,
    "netIncome": 30100000,
    "netIncomeRatio": 0.0337217119,
    "eps": 0.25,
    "epsdiluted": 0.25,
    "weightedAverageShsOut": 118700000,
    "weightedAverageShsOutDil": 121500000,
    "link": "https://www.sec.gov/Archives/edgar/data/1383312/000138331217000012/0001383312-17-000012-index.htm",
    "finalLink": "https://www.sec.gov/Archives/edgar/data/1383312/000138331217000012/br-20161231x10q.htm"
  },
  {
    "date": "2016-09-30",
    "symbol": "BR",
    "reportedCurrency": "USD",
    "cik": "0001383312",
    "fillingDate": "2016-11-09",
    "acceptedDate": "2016-11-09 11:21:27",
    "calendarYear": "2017",
    "period": "Q1",
    "revenue": 895300000,
    "costOfRevenue": 717900000,
    "grossProfit": 177400000,
    "grossProfitRatio": 0.1981458729,
    "researchAndDevelopmentExpenses": 0,
    "generalAndAdministrativeExpenses": 111300000,
    "sellingAndMarketingExpenses": 0,
    "sellingGeneralAndAdministrativeExpenses": 111300000,
    "otherExpenses": 0,
    "operatingExpenses": 111300000,
    "costAndExpenses": 829200000,
    "interestIncome": 400000,
    "interestExpense": 10700000,
    "depreciationAndAmortization": 39800000,
    "ebitda": 102000000,
    "ebitdaratio": 0.1139282922,
    "operatingIncome": 66000000,
    "operatingIncomeRatio": 0.0737183067,
    "totalOtherIncomeExpensesNet": -14500000,
    "incomeBeforeTax": 51500000,
    "incomeBeforeTaxRatio": 0.0575226181,
    "incomeTaxExpense": 17900000,
    "netIncome": 33700000,
    "netIncomeRatio": 0.0376410142,
    "eps": 0.28,
    "epsdiluted": 0.28,
    "weightedAverageShsOut": 118500000,
    "weightedAverageShsOutDil": 121600000,
    "link": "https://www.sec.gov/Archives/edgar/data/1383312/000138331216000123/0001383312-16-000123-index.htm",
    "finalLink": "https://www.sec.gov/Archives/edgar/data/1383312/000138331216000123/br-20160930x10q.htm"
  },
  {
    "date": "2016-06-30",
    "symbol": "BR",
    "reportedCurrency": "USD",
    "cik": "0001383312",
    "fillingDate": "2016-08-09",
    "acceptedDate": "2016-08-09 11:28:38",
    "calendarYear": "2016",
    "period": "Q4",
    "revenue": 974500000,
    "costOfRevenue": 586300000,
    "grossProfit": 388200000,
    "grossProfitRatio": 0.3983581324,
    "researchAndDevelopmentExpenses": 0,
    "generalAndAdministrativeExpenses": 117900000,
    "sellingAndMarketingExpenses": 0,
    "sellingGeneralAndAdministrativeExpenses": 117900000,
    "otherExpenses": 0,
    "operatingExpenses": 117900000,
    "costAndExpenses": 704200000,
    "interestIncome": 700000,
    "interestExpense": 7300000,
    "depreciationAndAmortization": 28300000,
    "ebitda": 298600000,
    "ebitdaratio": 0.3064135454,
    "operatingIncome": 270300000,
    "operatingIncomeRatio": 0.2773730118,
    "totalOtherIncomeExpensesNet": -7800000,
    "incomeBeforeTax": 262500000,
    "incomeBeforeTaxRatio": 0.2693689071,
    "incomeTaxExpense": 92500000,
    "netIncome": 170100000,
    "netIncomeRatio": 0.1745510518,
    "eps": 1.44,
    "epsdiluted": 1.4,
    "weightedAverageShsOut": 118100000,
    "weightedAverageShsOutDil": 121100000,
    "link": "https://www.sec.gov/Archives/edgar/data/1383312/000138331216000108/0001383312-16-000108-index.htm",
    "finalLink": "https://www.sec.gov/Archives/edgar/data/1383312/000138331216000108/br-20160630x10xk.htm"
  },
  {
    "date": "2016-03-31",
    "symbol": "BR",
    "reportedCurrency": "USD",
    "cik": "0001383312",
    "fillingDate": "2016-05-05",
    "acceptedDate": "2016-05-05 12:44:02",
    "calendarYear": "2016",
    "period": "Q3",
    "revenue": 688800000,
    "costOfRevenue": 486500000,
    "grossProfit": 202300000,
    "grossProfitRatio": 0.293699187,
    "researchAndDevelopmentExpenses": 0,
    "generalAndAdministrativeExpenses": 101700000,
    "sellingAndMarketingExpenses": 0,
    "sellingGeneralAndAdministrativeExpenses": 101700000,
    "otherExpenses": 0,
    "operatingExpenses": 101700000,
    "costAndExpenses": 588200000,
    "interestIncome": 900000,
    "interestExpense": 7400000,
    "depreciationAndAmortization": 28200000,
    "ebitda": 128800000,
    "ebitdaratio": 0.1869918699,
    "operatingIncome": 100600000,
    "operatingIncomeRatio": 0.1460511034,
    "totalOtherIncomeExpensesNet": -7200000,
    "incomeBeforeTax": 93400000,
    "incomeBeforeTaxRatio": 0.1355981417,
    "incomeTaxExpense": 29700000,
    "netIncome": 63700000,
    "netIncomeRatio": 0.0924796748,
    "eps": 0.54,
    "epsdiluted": 0.52,
    "weightedAverageShsOut": 118200000,
    "weightedAverageShsOutDil": 121700000,
    "link": "https://www.sec.gov/Archives/edgar/data/1383312/000138331216000089/0001383312-16-000089-index.htm",
    "finalLink": "https://www.sec.gov/Archives/edgar/data/1383312/000138331216000089/br-20160331x10q.htm"
  },
  {
    "date": "2015-12-31",
    "symbol": "BR",
    "reportedCurrency": "USD",
    "cik": "0001383312",
    "fillingDate": "2016-02-04",
    "acceptedDate": "2016-02-04 11:10:43",
    "calendarYear": "2016",
    "period": "Q2",
    "revenue": 638900000,
    "costOfRevenue": 464500000,
    "grossProfit": 174400000,
    "grossProfitRatio": 0.2729691658,
    "researchAndDevelopmentExpenses": 0,
    "generalAndAdministrativeExpenses": 104200000,
    "sellingAndMarketingExpenses": 0,
    "sellingGeneralAndAdministrativeExpenses": 104200000,
    "otherExpenses": 0,
    "operatingExpenses": 104200000,
    "costAndExpenses": 568700000,
    "interestIncome": 500000,
    "interestExpense": 7000000,
    "depreciationAndAmortization": 27500000,
    "ebitda": 95800000,
    "ebitdaratio": 0.1499452183,
    "operatingIncome": 70200000,
    "operatingIncomeRatio": 0.10987635,
    "totalOtherIncomeExpensesNet": -8900000,
    "incomeBeforeTax": 61300000,
    "incomeBeforeTaxRatio": 0.0959461575,
    "incomeTaxExpense": 21100000,
    "netIncome": 40200000,
    "netIncomeRatio": 0.0629206449,
    "eps": 0.34,
    "epsdiluted": 0.33,
    "weightedAverageShsOut": 118500000,
    "weightedAverageShsOutDil": 122000000,
    "link": "https://www.sec.gov/Archives/edgar/data/1383312/000138331216000078/0001383312-16-000078-index.htm",
    "finalLink": "https://www.sec.gov/Archives/edgar/data/1383312/000138331216000078/br-20151231x10q.htm"
  },
  {
    "date": "2015-09-30",
    "symbol": "BR",
    "reportedCurrency": "USD",
    "cik": "0001383312",
    "fillingDate": "2015-11-05",
    "acceptedDate": "2015-11-05 13:10:27",
    "calendarYear": "2016",
    "period": "Q1",
    "revenue": 594700000,
    "costOfRevenue": 438600000,
    "grossProfit": 156100000,
    "grossProfitRatio": 0.2624852867,
    "researchAndDevelopmentExpenses": 0,
    "generalAndAdministrativeExpenses": 97100000,
    "sellingAndMarketingExpenses": 0,
    "sellingGeneralAndAdministrativeExpenses": 97100000,
    "otherExpenses": 0,
    "operatingExpenses": 97100000,
    "costAndExpenses": 535700000,
    "interestIncome": 500000,
    "interestExpense": 6800000,
    "depreciationAndAmortization": 27000000,
    "ebitda": 85500000,
    "ebitdaratio": 0.1437699681,
    "operatingIncome": 59100000,
    "operatingIncomeRatio": 0.0993778376,
    "totalOtherIncomeExpensesNet": -7400000,
    "incomeBeforeTax": 51700000,
    "incomeBeforeTaxRatio": 0.0869345889,
    "incomeTaxExpense": 18100000,
    "netIncome": 33500000,
    "netIncomeRatio": 0.0563309232,
    "eps": 0.28,
    "epsdiluted": 0.28,
    "weightedAverageShsOut": 118300000,
    "weightedAverageShsOutDil": 121700000,
    "link": "https://www.sec.gov/Archives/edgar/data/1383312/000138331215000061/0001383312-15-000061-index.htm",
    "finalLink": "https://www.sec.gov/Archives/edgar/data/1383312/000138331215000061/br-20150930x10q.htm"
  },
  {
    "date": "2015-06-30",
    "symbol": "BR",
    "reportedCurrency": "USD",
    "cik": "0001383312",
    "fillingDate": "2015-08-07",
    "acceptedDate": "2015-08-07 14:14:42",
    "calendarYear": "2015",
    "period": "Q4",
    "revenue": 929600000,
    "costOfRevenue": 555100000,
    "grossProfit": 374500000,
    "grossProfitRatio": 0.4028614458,
    "researchAndDevelopmentExpenses": 0,
    "generalAndAdministrativeExpenses": 112000000,
    "sellingAndMarketingExpenses": 0,
    "sellingGeneralAndAdministrativeExpenses": 112000000,
    "otherExpenses": 0,
    "operatingExpenses": 112000000,
    "costAndExpenses": 667100000,
    "interestIncome": 600000,
    "interestExpense": 6600000,
    "depreciationAndAmortization": 26900000,
    "ebitda": 288900000,
    "ebitdaratio": 0.3107788296,
    "operatingIncome": 262500000,
    "operatingIncomeRatio": 0.2823795181,
    "totalOtherIncomeExpensesNet": -7100000,
    "incomeBeforeTax": 255400000,
    "incomeBeforeTaxRatio": 0.2747418244,
    "incomeTaxExpense": 89500000,
    "netIncome": 165900000,
    "netIncomeRatio": 0.1784638554,
    "eps": 1.4,
    "epsdiluted": 1.36,
    "weightedAverageShsOut": 118300000,
    "weightedAverageShsOutDil": 121700000,
    "link": "https://www.sec.gov/Archives/edgar/data/1383312/000138331215000051/0001383312-15-000051-index.htm",
    "finalLink": "https://www.sec.gov/Archives/edgar/data/1383312/000138331215000051/br-20150630x10xk.htm"
  },
  {
    "date": "2015-03-31",
    "symbol": "BR",
    "reportedCurrency": "USD",
    "cik": "0001383312",
    "fillingDate": "2015-05-08",
    "acceptedDate": "2015-05-08 15:50:05",
    "calendarYear": "2015",
    "period": "Q3",
    "revenue": 634200000,
    "costOfRevenue": 452600000,
    "grossProfit": 181600000,
    "grossProfitRatio": 0.2863450016,
    "researchAndDevelopmentExpenses": 0,
    "generalAndAdministrativeExpenses": 92000000,
    "sellingAndMarketingExpenses": 0,
    "sellingGeneralAndAdministrativeExpenses": 92600000,
    "otherExpenses": 0,
    "operatingExpenses": 92600000,
    "costAndExpenses": 544600000,
    "interestIncome": 800000,
    "interestExpense": 6400000,
    "depreciationAndAmortization": 26600000,
    "ebitda": 114900000,
    "ebitdaratio": 0.1811731315,
    "operatingIncome": 89000000,
    "operatingIncomeRatio": 0.1403342794,
    "totalOtherIncomeExpensesNet": -7100000,
    "incomeBeforeTax": 81900000,
    "incomeBeforeTaxRatio": 0.1291390728,
    "incomeTaxExpense": 27900000,
    "netIncome": 54000000,
    "netIncomeRatio": 0.0851466414,
    "eps": 0.45,
    "epsdiluted": 0.43,
    "weightedAverageShsOut": 120600000,
    "weightedAverageShsOutDil": 125000000,
    "link": "https://www.sec.gov/Archives/edgar/data/1383312/000138331215000034/0001383312-15-000034-index.htm",
    "finalLink": "https://www.sec.gov/Archives/edgar/data/1383312/000138331215000034/br-2015331x10q.htm"
  },
  {
    "date": "2014-12-31",
    "symbol": "BR",
    "reportedCurrency": "USD",
    "cik": "0001383312",
    "fillingDate": "2015-02-05",
    "acceptedDate": "2015-02-05 12:41:00",
    "calendarYear": "2015",
    "period": "Q2",
    "revenue": 574600000,
    "costOfRevenue": 414000000,
    "grossProfit": 160600000,
    "grossProfitRatio": 0.2794987818,
    "researchAndDevelopmentExpenses": 0,
    "generalAndAdministrativeExpenses": 101100000,
    "sellingAndMarketingExpenses": 0,
    "sellingGeneralAndAdministrativeExpenses": 101100000,
    "otherExpenses": 0,
    "operatingExpenses": 101100000,
    "costAndExpenses": 515100000,
    "interestIncome": 800000,
    "interestExpense": 6200000,
    "depreciationAndAmortization": 25500000,
    "ebitda": 83300000,
    "ebitdaratio": 0.1449704142,
    "operatingIncome": 59100000,
    "operatingIncomeRatio": 0.1028541594,
    "totalOtherIncomeExpensesNet": -7500000,
    "incomeBeforeTax": 51600000,
    "incomeBeforeTaxRatio": 0.0898016011,
    "incomeTaxExpense": 16900000,
    "netIncome": 34700000,
    "netIncomeRatio": 0.0603898364,
    "eps": 0.29,
    "epsdiluted": 0.28,
    "weightedAverageShsOut": 120200000,
    "weightedAverageShsOutDil": 124400000,
    "link": "https://www.sec.gov/Archives/edgar/data/1383312/000138331215000011/0001383312-15-000011-index.htm",
    "finalLink": "https://www.sec.gov/Archives/edgar/data/1383312/000138331215000011/br-20141231x10q.htm"
  },
  {
    "date": "2014-09-30",
    "symbol": "BR",
    "reportedCurrency": "USD",
    "cik": "0001383312",
    "fillingDate": "2014-11-06",
    "acceptedDate": "2014-11-06 12:15:13",
    "calendarYear": "2015",
    "period": "Q1",
    "revenue": 555800000,
    "costOfRevenue": 406500000,
    "grossProfit": 149300000,
    "grossProfitRatio": 0.2686218064,
    "researchAndDevelopmentExpenses": 0,
    "generalAndAdministrativeExpenses": 91700000,
    "sellingAndMarketingExpenses": 0,
    "sellingGeneralAndAdministrativeExpenses": 92200000,
    "otherExpenses": 0,
    "operatingExpenses": 92200000,
    "costAndExpenses": 498200000,
    "interestIncome": 600000,
    "interestExpense": 6200000,
    "depreciationAndAmortization": 25300000,
    "ebitda": 81500000,
    "ebitdaratio": 0.1466354804,
    "operatingIncome": 57100000,
    "operatingIncomeRatio": 0.1027347967,
    "totalOtherIncomeExpensesNet": -7100000,
    "incomeBeforeTax": 50000000,
    "incomeBeforeTaxRatio": 0.0899604174,
    "incomeTaxExpense": 17500000,
    "netIncome": 32500000,
    "netIncomeRatio": 0.0584742713,
    "eps": 0.27,
    "epsdiluted": 0.26,
    "weightedAverageShsOut": 119800000,
    "weightedAverageShsOutDil": 123900000,
    "link": "https://www.sec.gov/Archives/edgar/data/1383312/000138331214000008/0001383312-14-000008-index.htm",
    "finalLink": "https://www.sec.gov/Archives/edgar/data/1383312/000138331214000008/br-2014930x10q.htm"
  },
  {
    "date": "2014-06-30",
    "symbol": "BR",
    "reportedCurrency": "USD",
    "cik": "0001383312",
    "fillingDate": "2014-08-07",
    "acceptedDate": "2014-08-07 16:47:32",
    "calendarYear": "2014",
    "period": "Q4",
    "revenue": 885900000,
    "costOfRevenue": 551200000,
    "grossProfit": 334700000,
    "grossProfitRatio": 0.377807879,
    "researchAndDevelopmentExpenses": 0,
    "generalAndAdministrativeExpenses": 120900000,
    "sellingAndMarketingExpenses": 0,
    "sellingGeneralAndAdministrativeExpenses": 120900000,
    "otherExpenses": 0,
    "operatingExpenses": 120900000,
    "costAndExpenses": 672100000,
    "interestIncome": 400000,
    "interestExpense": 6700000,
    "depreciationAndAmortization": 25600000,
    "ebitda": 238900000,
    "ebitdaratio": 0.2696692629,
    "operatingIncome": 213800000,
    "operatingIncomeRatio": 0.241336494,
    "totalOtherIncomeExpensesNet": -7200000,
    "incomeBeforeTax": 206600000,
    "incomeBeforeTaxRatio": 0.2332091658,
    "incomeTaxExpense": 66400000,
    "netIncome": 140200000,
    "netIncomeRatio": 0.1582571396,
    "eps": 1.17,
    "epsdiluted": 1.13,
    "weightedAverageShsOut": 119800000,
    "weightedAverageShsOutDil": 123900000,
    "link": "https://www.sec.gov/Archives/edgar/data/1383312/000119312514300856/0001193125-14-300856-index.htm",
    "finalLink": "https://www.sec.gov/Archives/edgar/data/1383312/000119312514300856/d758506d10k.htm"
  },
  {
    "date": "2014-03-31",
    "symbol": "BR",
    "reportedCurrency": "USD",
    "cik": "0001383312",
    "fillingDate": "2014-05-09",
    "acceptedDate": "2014-05-09 12:56:42",
    "calendarYear": "2014",
    "period": "Q3",
    "revenue": 606300000,
    "costOfRevenue": 427600000,
    "grossProfit": 178700000,
    "grossProfitRatio": 0.2947385783,
    "researchAndDevelopmentExpenses": 0,
    "generalAndAdministrativeExpenses": 95600000,
    "sellingAndMarketingExpenses": 0,
    "sellingGeneralAndAdministrativeExpenses": 95600000,
    "otherExpenses": 0,
    "operatingExpenses": 95600000,
    "costAndExpenses": 523200000,
    "interestIncome": 700000,
    "interestExpense": 6200000,
    "depreciationAndAmortization": 25400000,
    "ebitda": 108500000,
    "ebitdaratio": 0.178954313,
    "operatingIncome": 83100000,
    "operatingIncomeRatio": 0.137060861,
    "totalOtherIncomeExpensesNet": -6200000,
    "incomeBeforeTax": 76900000,
    "incomeBeforeTaxRatio": 0.1268349002,
    "incomeTaxExpense": 26100000,
    "netIncome": 50800000,
    "netIncomeRatio": 0.0837869042,
    "eps": 0.42,
    "epsdiluted": 0.41,
    "weightedAverageShsOut": 119700000,
    "weightedAverageShsOutDil": 124800000,
    "link": "https://www.sec.gov/Archives/edgar/data/1383312/000119312514191907/0001193125-14-191907-index.htm",
    "finalLink": "https://www.sec.gov/Archives/edgar/data/1383312/000119312514191907/d715367d10q.htm"
  },
  {
    "date": "2013-12-31",
    "symbol": "BR",
    "reportedCurrency": "USD",
    "cik": "0001383312",
    "fillingDate": "2014-02-06",
    "acceptedDate": "2014-02-06 14:10:24",
    "calendarYear": "2014",
    "period": "Q2",
    "revenue": 520600000,
    "costOfRevenue": 385100000,
    "grossProfit": 135500000,
    "grossProfitRatio": 0.2602766039,
    "researchAndDevelopmentExpenses": 0,
    "generalAndAdministrativeExpenses": 86000000,
    "sellingAndMarketingExpenses": 0,
    "sellingGeneralAndAdministrativeExpenses": 86000000,
    "otherExpenses": 0,
    "operatingExpenses": 86000000,
    "costAndExpenses": 471100000,
    "interestIncome": 500000,
    "interestExpense": 6200000,
    "depreciationAndAmortization": 23400000,
    "ebitda": 72300000,
    "ebitdaratio": 0.1388782174,
    "operatingIncome": 49500000,
    "operatingIncomeRatio": 0.095082597,
    "totalOtherIncomeExpensesNet": -6800000,
    "incomeBeforeTax": 42700000,
    "incomeBeforeTaxRatio": 0.0820207453,
    "incomeTaxExpense": 15100000,
    "netIncome": 27600000,
    "netIncomeRatio": 0.0530157511,
    "eps": 0.23,
    "epsdiluted": 0.22,
    "weightedAverageShsOut": 119200000,
    "weightedAverageShsOutDil": 124100000,
    "link": "https://www.sec.gov/Archives/edgar/data/1383312/000119312514038607/0001193125-14-038607-index.htm",
    "finalLink": "https://www.sec.gov/Archives/edgar/data/1383312/000119312514038607/d656001d10q.htm"
  },
  {
    "date": "2013-09-30",
    "symbol": "BR",
    "reportedCurrency": "USD",
    "cik": "0001383312",
    "fillingDate": "2013-11-07",
    "acceptedDate": "2013-11-07 13:57:44",
    "calendarYear": "2014",
    "period": "Q1",
    "revenue": 545200000,
    "costOfRevenue": 397500000,
    "grossProfit": 147700000,
    "grossProfitRatio": 0.2709097579,
    "researchAndDevelopmentExpenses": 0,
    "generalAndAdministrativeExpenses": 73500000,
    "sellingAndMarketingExpenses": 0,
    "sellingGeneralAndAdministrativeExpenses": 73500000,
    "otherExpenses": 0,
    "operatingExpenses": 73500000,
    "costAndExpenses": 471000000,
    "interestIncome": 200000,
    "interestExpense": 4600000,
    "depreciationAndAmortization": 23000000,
    "ebitda": 96900000,
    "ebitdaratio": 0.177732942,
    "operatingIncome": 74200000,
    "operatingIncomeRatio": 0.1360968452,
    "totalOtherIncomeExpensesNet": -4900000,
    "incomeBeforeTax": 69300000,
    "incomeBeforeTaxRatio": 0.1271093177,
    "incomeTaxExpense": 24900000,
    "netIncome": 44400000,
    "netIncomeRatio": 0.0814380044,
    "eps": 0.37,
    "epsdiluted": 0.36,
    "weightedAverageShsOut": 119100000,
    "weightedAverageShsOutDil": 123100000,
    "link": "https://www.sec.gov/Archives/edgar/data/1383312/000119312513432444/0001193125-13-432444-index.htm",
    "finalLink": "https://www.sec.gov/Archives/edgar/data/1383312/000119312513432444/d597391d10q.htm"
  },
  {
    "date": "2013-06-30",
    "symbol": "BR",
    "reportedCurrency": "USD",
    "cik": "0001383312",
    "fillingDate": "2013-08-08",
    "acceptedDate": "2013-08-08 11:47:22",
    "calendarYear": "2013",
    "period": "Q4",
    "revenue": 865100000,
    "costOfRevenue": 564000000,
    "grossProfit": 301100000,
    "grossProfitRatio": 0.3480522483,
    "researchAndDevelopmentExpenses": 0,
    "generalAndAdministrativeExpenses": 94500000,
    "sellingAndMarketingExpenses": 0,
    "sellingGeneralAndAdministrativeExpenses": 94500000,
    "otherExpenses": 0,
    "operatingExpenses": 94500000,
    "costAndExpenses": 658500000,
    "interestIncome": 200000,
    "interestExpense": 3300000,
    "depreciationAndAmortization": 22500000,
    "ebitda": 228000000,
    "ebitdaratio": 0.2635533464,
    "operatingIncome": 206600000,
    "operatingIncomeRatio": 0.2388163218,
    "totalOtherIncomeExpensesNet": -4400000,
    "incomeBeforeTax": 202200000,
    "incomeBeforeTaxRatio": 0.2337302046,
    "incomeTaxExpense": 67600000,
    "netIncome": 134600000,
    "netIncomeRatio": 0.1555889493,
    "eps": 1.12,
    "epsdiluted": 1.09,
    "weightedAverageShsOut": 120600000,
    "weightedAverageShsOutDil": 123800000,
    "link": "https://www.sec.gov/Archives/edgar/data/1383312/000119312513326099/0001193125-13-326099-index.htm",
    "finalLink": "https://www.sec.gov/Archives/edgar/data/1383312/000119312513326099/d555657d10k.htm"
  },
  {
    "date": "2013-03-31",
    "symbol": "BR",
    "reportedCurrency": "USD",
    "cik": "0001383312",
    "fillingDate": "2013-05-07",
    "acceptedDate": "2013-05-07 11:08:46",
    "calendarYear": "2013",
    "period": "Q3",
    "revenue": 576700000,
    "costOfRevenue": 426200000,
    "grossProfit": 150500000,
    "grossProfitRatio": 0.2609675741,
    "researchAndDevelopmentExpenses": 0,
    "generalAndAdministrativeExpenses": 79000000,
    "sellingAndMarketingExpenses": 0,
    "sellingGeneralAndAdministrativeExpenses": 79000000,
    "otherExpenses": 0,
    "operatingExpenses": 79000000,
    "costAndExpenses": 505200000,
    "interestIncome": 400000,
    "interestExpense": 3500000,
    "depreciationAndAmortization": 22600000,
    "ebitda": 93800000,
    "ebitdaratio": 0.1626495578,
    "operatingIncome": 71500000,
    "operatingIncomeRatio": 0.1239812728,
    "totalOtherIncomeExpensesNet": -3800000,
    "incomeBeforeTax": 67700000,
    "incomeBeforeTaxRatio": 0.1173920583,
    "incomeTaxExpense": 24300000,
    "netIncome": 43400000,
    "netIncomeRatio": 0.0752557656,
    "eps": 0.36,
    "epsdiluted": 0.35,
    "weightedAverageShsOut": 121200000,
    "weightedAverageShsOutDil": 125000000,
    "link": "https://www.sec.gov/Archives/edgar/data/1383312/000119312513203430/0001193125-13-203430-index.htm",
    "finalLink": "https://www.sec.gov/Archives/edgar/data/1383312/000119312513203430/d511143d10q.htm"
  },
  {
    "date": "2012-12-31",
    "symbol": "BR",
    "reportedCurrency": "USD",
    "cik": "0001383312",
    "fillingDate": "2013-02-07",
    "acceptedDate": "2013-02-07 13:17:30",
    "calendarYear": "2013",
    "period": "Q2",
    "revenue": 493200000,
    "costOfRevenue": 387600000,
    "grossProfit": 105600000,
    "grossProfitRatio": 0.2141119221,
    "researchAndDevelopmentExpenses": 0,
    "generalAndAdministrativeExpenses": 77200000,
    "sellingAndMarketingExpenses": 0,
    "sellingGeneralAndAdministrativeExpenses": 77200000,
    "otherExpenses": 0,
    "operatingExpenses": 77200000,
    "costAndExpenses": 464800000,
    "interestIncome": 400000,
    "interestExpense": 3400000,
    "depreciationAndAmortization": 18000000,
    "ebitda": 46100000,
    "ebitdaratio": 0.0934712084,
    "operatingIncome": 28400000,
    "operatingIncomeRatio": 0.0575831306,
    "totalOtherIncomeExpensesNet": -3700000,
    "incomeBeforeTax": 24700000,
    "incomeBeforeTaxRatio": 0.050081103,
    "incomeTaxExpense": 8900000,
    "netIncome": 15800000,
    "netIncomeRatio": 0.0320356853,
    "eps": 0.13,
    "epsdiluted": 0.13,
    "weightedAverageShsOut": 122000000,
    "weightedAverageShsOutDil": 125500000,
    "link": "https://www.sec.gov/Archives/edgar/data/1383312/000119312513043010/0001193125-13-043010-index.htm",
    "finalLink": "https://www.sec.gov/Archives/edgar/data/1383312/000119312513043010/d449735d10q.htm"
  },
  {
    "date": "2012-09-30",
    "symbol": "BR",
    "reportedCurrency": "USD",
    "cik": "0001383312",
    "fillingDate": "2012-11-06",
    "acceptedDate": "2012-11-06 16:31:12",
    "calendarYear": "2013",
    "period": "Q1",
    "revenue": 495800000,
    "costOfRevenue": 390000000,
    "grossProfit": 105800000,
    "grossProfitRatio": 0.213392497,
    "researchAndDevelopmentExpenses": 0,
    "generalAndAdministrativeExpenses": 72900000,
    "sellingAndMarketingExpenses": 0,
    "sellingGeneralAndAdministrativeExpenses": 72900000,
    "otherExpenses": 0,
    "operatingExpenses": 72900000,
    "costAndExpenses": 462900000,
    "interestIncome": 500000,
    "interestExpense": 3500000,
    "depreciationAndAmortization": 24500000,
    "ebitda": 56600000,
    "ebitdaratio": 0.1141589351,
    "operatingIncome": 32900000,
    "operatingIncomeRatio": 0.0663574022,
    "totalOtherIncomeExpensesNet": -4300000,
    "incomeBeforeTax": 28600000,
    "incomeBeforeTaxRatio": 0.0576845502,
    "incomeTaxExpense": 10300000,
    "netIncome": 18300000,
    "netIncomeRatio": 0.0369100444,
    "eps": 0.15,
    "epsdiluted": 0.14,
    "weightedAverageShsOut": 124000000,
    "weightedAverageShsOutDil": 127100000,
    "link": "https://www.sec.gov/Archives/edgar/data/1383312/000119312512454603/0001193125-12-454603-index.htm",
    "finalLink": "https://www.sec.gov/Archives/edgar/data/1383312/000119312512454603/d418020d10q.htm"
  },
  {
    "date": "2012-06-30",
    "symbol": "BR",
    "reportedCurrency": "USD",
    "cik": "0001383312",
    "fillingDate": "2012-08-09",
    "acceptedDate": "2012-08-09 14:02:25",
    "calendarYear": "2012",
    "period": "Q4",
    "revenue": 800300000,
    "costOfRevenue": 528900000,
    "grossProfit": 271400000,
    "grossProfitRatio": 0.3391228289,
    "researchAndDevelopmentExpenses": 0,
    "generalAndAdministrativeExpenses": 91100000,
    "sellingAndMarketingExpenses": 0,
    "sellingGeneralAndAdministrativeExpenses": 91100000,
    "otherExpenses": 0,
    "operatingExpenses": 91100000,
    "costAndExpenses": 620000000,
    "interestIncome": 200000,
    "interestExpense": 3400000,
    "depreciationAndAmortization": 18200000,
    "ebitda": 156900000,
    "ebitdaratio": 0.1960514807,
    "operatingIncome": 180300000,
    "operatingIncomeRatio": 0.2252905161,
    "totalOtherIncomeExpensesNet": -45000000,
    "incomeBeforeTax": 135300000,
    "incomeBeforeTaxRatio": 0.1690616019,
    "incomeTaxExpense": 51900000,
    "netIncome": 83400000,
    "netIncomeRatio": 0.1042109209,
    "eps": 0.68,
    "epsdiluted": 0.66,
    "weightedAverageShsOut": 124000000,
    "weightedAverageShsOutDil": 127100000,
    "link": "https://www.sec.gov/Archives/edgar/data/1383312/000119312512346911/0001193125-12-346911-index.htm",
    "finalLink": "https://www.sec.gov/Archives/edgar/data/1383312/000119312512346911/d368181d10k.htm"
  },
  {
    "date": "2012-03-31",
    "symbol": "BR",
    "reportedCurrency": "USD",
    "cik": "0001383312",
    "fillingDate": "2012-05-08",
    "acceptedDate": "2012-05-08 12:10:35",
    "calendarYear": "2012",
    "period": "Q3",
    "revenue": 547000000,
    "costOfRevenue": 420800000,
    "grossProfit": 126200000,
    "grossProfitRatio": 0.2307129799,
    "researchAndDevelopmentExpenses": 0,
    "generalAndAdministrativeExpenses": 70600000,
    "sellingAndMarketingExpenses": 0,
    "sellingGeneralAndAdministrativeExpenses": 70600000,
    "otherExpenses": 26800000,
    "operatingExpenses": 97400000,
    "costAndExpenses": 518200000,
    "interestIncome": 600000,
    "interestExpense": 3600000,
    "depreciationAndAmortization": 25100000,
    "ebitda": 57500000,
    "ebitdaratio": 0.10511883,
    "operatingIncome": 55600000,
    "operatingIncomeRatio": 0.1016453382,
    "totalOtherIncomeExpensesNet": -26800000,
    "incomeBeforeTax": 28800000,
    "incomeBeforeTaxRatio": 0.0526508227,
    "incomeTaxExpense": 10700000,
    "netIncome": 16700000,
    "netIncomeRatio": 0.0305301645,
    "eps": 0.14,
    "epsdiluted": 0.13,
    "weightedAverageShsOut": 124000000,
    "weightedAverageShsOutDil": 128400000,
    "link": "https://www.sec.gov/Archives/edgar/data/1383312/000119312512217463/0001193125-12-217463-index.htm",
    "finalLink": "https://www.sec.gov/Archives/edgar/data/1383312/000119312512217463/d324222d10q.htm"
  },
  {
    "date": "2011-12-31",
    "symbol": "BR",
    "reportedCurrency": "USD",
    "cik": "0001383312",
    "fillingDate": "2012-02-07",
    "acceptedDate": "2012-02-07 14:48:34",
    "calendarYear": "2012",
    "period": "Q2",
    "revenue": 479800000,
    "costOfRevenue": 382600000,
    "grossProfit": 97200000,
    "grossProfitRatio": 0.2025844102,
    "researchAndDevelopmentExpenses": 0,
    "generalAndAdministrativeExpenses": 73500000,
    "sellingAndMarketingExpenses": 0,
    "sellingGeneralAndAdministrativeExpenses": 73500000,
    "otherExpenses": 0,
    "operatingExpenses": 73500000,
    "costAndExpenses": 456100000,
    "interestIncome": 500000,
    "interestExpense": 3900000,
    "depreciationAndAmortization": 27000000,
    "ebitda": 41500000,
    "ebitdaratio": 0.0864943727,
    "operatingIncome": 23700000,
    "operatingIncomeRatio": 0.0493955815,
    "totalOtherIncomeExpensesNet": -13100000,
    "incomeBeforeTax": 10600000,
    "incomeBeforeTaxRatio": 0.0220925386,
    "incomeTaxExpense": 3800000,
    "netIncome": 6800000,
    "netIncomeRatio": 0.0141725719,
    "eps": 0.055,
    "epsdiluted": 0.0535,
    "weightedAverageShsOut": 123700000,
    "weightedAverageShsOutDil": 127200000,
    "link": "https://www.sec.gov/Archives/edgar/data/1383312/000119312512043462/0001193125-12-043462-index.htm",
    "finalLink": "https://www.sec.gov/Archives/edgar/data/1383312/000119312512043462/d272201d10q.htm"
  },
  {
    "date": "2011-09-30",
    "symbol": "BR",
    "reportedCurrency": "USD",
    "cik": "0001383312",
    "fillingDate": "2011-11-03",
    "acceptedDate": "2011-11-03 12:13:32",
    "calendarYear": "2012",
    "period": "Q1",
    "revenue": 476400000,
    "costOfRevenue": 382800000,
    "grossProfit": 93600000,
    "grossProfitRatio": 0.1964735516,
    "researchAndDevelopmentExpenses": 0,
    "generalAndAdministrativeExpenses": 64700000,
    "sellingAndMarketingExpenses": 0,
    "sellingGeneralAndAdministrativeExpenses": 64700000,
    "otherExpenses": 0,
    "operatingExpenses": 64700000,
    "costAndExpenses": 447500000,
    "interestIncome": 500000,
    "interestExpense": 2600000,
    "depreciationAndAmortization": 16400000,
    "ebitda": 45200000,
    "ebitdaratio": 0.0948782536,
    "operatingIncome": 28900000,
    "operatingIncomeRatio": 0.0606633081,
    "totalOtherIncomeExpensesNet": -2700000,
    "incomeBeforeTax": 26200000,
    "incomeBeforeTaxRatio": 0.0549958018,
    "incomeTaxExpense": 9500000,
    "netIncome": 16700000,
    "netIncomeRatio": 0.035054576,
    "eps": 0.14,
    "epsdiluted": 0.13,
    "weightedAverageShsOut": 123700000,
    "weightedAverageShsOutDil": 126700000,
    "link": "https://www.sec.gov/Archives/edgar/data/1383312/000119312511294477/0001193125-11-294477-index.htm",
    "finalLink": "https://www.sec.gov/Archives/edgar/data/1383312/000119312511294477/d231167d10q.htm"
  },
  {
    "date": "2011-06-30",
    "symbol": "BR",
    "reportedCurrency": "USD",
    "cik": "0001383312",
    "fillingDate": "2011-08-12",
    "acceptedDate": "2011-08-12 10:46:00",
    "calendarYear": "2011",
    "period": "Q4",
    "revenue": 776100000,
    "costOfRevenue": 517300000,
    "grossProfit": 258800000,
    "grossProfitRatio": 0.3334621827,
    "researchAndDevelopmentExpenses": 0,
    "generalAndAdministrativeExpenses": 74700000,
    "sellingAndMarketingExpenses": 0,
    "sellingGeneralAndAdministrativeExpenses": 74700000,
    "otherExpenses": 184100000,
    "operatingExpenses": 258800000,
    "costAndExpenses": 776100000,
    "interestIncome": -600000,
    "interestExpense": 7600000,
    "depreciationAndAmortization": 6100000,
    "ebitda": 194900000,
    "ebitdaratio": 0.251127432,
    "operatingIncome": 184100000,
    "operatingIncomeRatio": 0.2372116995,
    "totalOtherIncomeExpensesNet": -2900000,
    "incomeBeforeTax": 181200000,
    "incomeBeforeTaxRatio": 0.2334750676,
    "incomeTaxExpense": 65900000,
    "netIncome": 116200000,
    "netIncomeRatio": 0.1497229738,
    "eps": 0.94,
    "epsdiluted": 0.92,
    "weightedAverageShsOut": 123500000,
    "weightedAverageShsOutDil": 126800000,
    "link": "https://www.sec.gov/Archives/edgar/data/1383312/000119312511220708/0001193125-11-220708-index.htm",
    "finalLink": "https://www.sec.gov/Archives/edgar/data/1383312/000119312511220708/d10k.htm"
  },
  {
    "date": "2011-03-31",
    "symbol": "BR",
    "reportedCurrency": "USD",
    "cik": "0001383312",
    "fillingDate": "2011-05-10",
    "acceptedDate": "2011-05-10 11:30:02",
    "calendarYear": "2011",
    "period": "Q3",
    "revenue": 527100000,
    "costOfRevenue": 406600000,
    "grossProfit": 120500000,
    "grossProfitRatio": 0.228609372,
    "researchAndDevelopmentExpenses": 0,
    "generalAndAdministrativeExpenses": 66900000,
    "sellingAndMarketingExpenses": 0,
    "sellingGeneralAndAdministrativeExpenses": 66900000,
    "otherExpenses": 0,
    "operatingExpenses": 66900000,
    "costAndExpenses": 473500000,
    "interestIncome": 600000,
    "interestExpense": 2500000,
    "depreciationAndAmortization": 21300000,
    "ebitda": 74900000,
    "ebitdaratio": 0.1420982736,
    "operatingIncome": 53600000,
    "operatingIncomeRatio": 0.1016884842,
    "totalOtherIncomeExpensesNet": -2500000,
    "incomeBeforeTax": 51100000,
    "incomeBeforeTaxRatio": 0.0969455511,
    "incomeTaxExpense": 18500000,
    "netIncome": 29700000,
    "netIncomeRatio": 0.0563460444,
    "eps": 0.24,
    "epsdiluted": 0.23,
    "weightedAverageShsOut": 124200000,
    "weightedAverageShsOutDil": 128200000,
    "link": "https://www.sec.gov/Archives/edgar/data/1383312/000119312511133649/0001193125-11-133649-index.htm",
    "finalLink": "https://www.sec.gov/Archives/edgar/data/1383312/000119312511133649/d10q.htm"
  },
  {
    "date": "2010-12-31",
    "symbol": "BR",
    "reportedCurrency": "USD",
    "cik": "0001383312",
    "fillingDate": "2011-02-08",
    "acceptedDate": "2011-02-08 14:46:07",
    "calendarYear": "2011",
    "period": "Q2",
    "revenue": 442300000,
    "costOfRevenue": 356600000,
    "grossProfit": 85700000,
    "grossProfitRatio": 0.1937598915,
    "researchAndDevelopmentExpenses": 0,
    "generalAndAdministrativeExpenses": 66900000,
    "sellingAndMarketingExpenses": 0,
    "sellingGeneralAndAdministrativeExpenses": 66900000,
    "otherExpenses": 0,
    "operatingExpenses": 66900000,
    "costAndExpenses": 423500000,
    "interestIncome": 500000,
    "interestExpense": 2300000,
    "depreciationAndAmortization": 16500000,
    "ebitda": 35300000,
    "ebitdaratio": 0.0798100837,
    "operatingIncome": 18800000,
    "operatingIncomeRatio": 0.042505087,
    "totalOtherIncomeExpensesNet": -2300000,
    "incomeBeforeTax": 16500000,
    "incomeBeforeTaxRatio": 0.0373049966,
    "incomeTaxExpense": 5900000,
    "netIncome": 10400000,
    "netIncomeRatio": 0.0235134524,
    "eps": 0.0832,
    "epsdiluted": 0.0809,
    "weightedAverageShsOut": 125000000,
    "weightedAverageShsOutDil": 128500000,
    "link": "https://www.sec.gov/Archives/edgar/data/1383312/000119312511027088/0001193125-11-027088-index.htm",
    "finalLink": "https://www.sec.gov/Archives/edgar/data/1383312/000119312511027088/d10q.htm"
  },
  {
    "date": "2010-09-30",
    "symbol": "BR",
    "reportedCurrency": "USD",
    "cik": "0001383312",
    "fillingDate": "2010-11-04",
    "acceptedDate": "2010-11-04 15:02:37",
    "calendarYear": "2011",
    "period": "Q1",
    "revenue": 421400000,
    "costOfRevenue": 336600000,
    "grossProfit": 84800000,
    "grossProfitRatio": 0.201233982,
    "researchAndDevelopmentExpenses": 0,
    "generalAndAdministrativeExpenses": 61500000,
    "sellingAndMarketingExpenses": 0,
    "sellingGeneralAndAdministrativeExpenses": 61500000,
    "otherExpenses": 23300000,
    "operatingExpenses": 84800000,
    "costAndExpenses": 421400000,
    "interestIncome": 400000,
    "interestExpense": 2400000,
    "depreciationAndAmortization": 12000000,
    "ebitda": 35300000,
    "ebitdaratio": 0.0837683911,
    "operatingIncome": 23300000,
    "operatingIncomeRatio": 0.0552918842,
    "totalOtherIncomeExpensesNet": -2400000,
    "incomeBeforeTax": 20900000,
    "incomeBeforeTaxRatio": 0.0495965828,
    "incomeTaxExpense": 7600000,
    "netIncome": 13300000,
    "netIncomeRatio": 0.0315614618,
    "eps": 0.11,
    "epsdiluted": 0.1,
    "weightedAverageShsOut": 126500000,
    "weightedAverageShsOutDil": 129600000,
    "link": "https://www.sec.gov/Archives/edgar/data/1383312/000119312510247899/0001193125-10-247899-index.htm",
    "finalLink": "https://www.sec.gov/Archives/edgar/data/1383312/000119312510247899/d10q.htm"
  },
  {
    "date": "2010-06-30",
    "symbol": "BR",
    "reportedCurrency": "USD",
    "cik": "0001383312",
    "fillingDate": "2010-08-12",
    "acceptedDate": "2010-08-12 13:41:25",
    "calendarYear": "2010",
    "period": "Q4",
    "revenue": 750500000,
    "costOfRevenue": 497300000,
    "grossProfit": 253200000,
    "grossProfitRatio": 0.3373750833,
    "researchAndDevelopmentExpenses": 0,
    "generalAndAdministrativeExpenses": 69800000,
    "sellingAndMarketingExpenses": 0,
    "sellingGeneralAndAdministrativeExpenses": 69800000,
    "otherExpenses": 0,
    "operatingExpenses": 69800000,
    "costAndExpenses": 567100000,
    "interestIncome": 500000,
    "interestExpense": 2300000,
    "depreciationAndAmortization": 14500000,
    "ebitda": 199500000,
    "ebitdaratio": 0.2658227848,
    "operatingIncome": 183400000,
    "operatingIncomeRatio": 0.2443704197,
    "totalOtherIncomeExpensesNet": -700000,
    "incomeBeforeTax": 182700000,
    "incomeBeforeTaxRatio": 0.2434377082,
    "incomeTaxExpense": 66500000,
    "netIncome": 105100000,
    "netIncomeRatio": 0.1400399734,
    "eps": 0.83,
    "epsdiluted": 0.81,
    "weightedAverageShsOut": 126500000,
    "weightedAverageShsOutDil": 129600000,
    "link": "https://www.sec.gov/Archives/edgar/data/1383312/000119312510187056/0001193125-10-187056-index.htm",
    "finalLink": "https://www.sec.gov/Archives/edgar/data/1383312/000119312510187056/d10k.htm"
  },
  {
    "date": "2010-03-31",
    "symbol": "BR",
    "reportedCurrency": "USD",
    "cik": "0001383312",
    "fillingDate": "2010-05-10",
    "acceptedDate": "2010-05-10 14:52:29",
    "calendarYear": "2010",
    "period": "Q3",
    "revenue": 490800000,
    "costOfRevenue": 380900000,
    "grossProfit": 109900000,
    "grossProfitRatio": 0.2239201304,
    "researchAndDevelopmentExpenses": 0,
    "generalAndAdministrativeExpenses": 60000000,
    "sellingAndMarketingExpenses": 0,
    "sellingGeneralAndAdministrativeExpenses": 60000000,
    "otherExpenses": 0,
    "operatingExpenses": 60000000,
    "costAndExpenses": 440900000,
    "interestIncome": 200000,
    "interestExpense": 7500000,
    "depreciationAndAmortization": 14300000,
    "ebitda": 70200000,
    "ebitdaratio": 0.1430317848,
    "operatingIncome": 49900000,
    "operatingIncomeRatio": 0.1016707416,
    "totalOtherIncomeExpensesNet": -1500000,
    "incomeBeforeTax": 48400000,
    "incomeBeforeTaxRatio": 0.0986145069,
    "incomeTaxExpense": 17600000,
    "netIncome": 24900000,
    "netIncomeRatio": 0.0507334963,
    "eps": 0.18,
    "epsdiluted": 0.18,
    "weightedAverageShsOut": 134800000,
    "weightedAverageShsOutDil": 138800000,
    "link": "https://www.sec.gov/Archives/edgar/data/1383312/000119312510114412/0001193125-10-114412-index.htm",
    "finalLink": "https://www.sec.gov/Archives/edgar/data/1383312/000119312510114412/d10q.htm"
  },
  {
    "date": "2009-12-31",
    "symbol": "BR",
    "reportedCurrency": "USD",
    "cik": "0001383312",
    "fillingDate": "2010-02-04",
    "acceptedDate": "2010-02-04 10:40:28",
    "calendarYear": "2010",
    "period": "Q2",
    "revenue": 529700000,
    "costOfRevenue": 399700000,
    "grossProfit": 130000000,
    "grossProfitRatio": 0.2454219369,
    "researchAndDevelopmentExpenses": 0,
    "generalAndAdministrativeExpenses": 58400000,
    "sellingAndMarketingExpenses": 0,
    "sellingGeneralAndAdministrativeExpenses": 58400000,
    "otherExpenses": 0,
    "operatingExpenses": 58400000,
    "costAndExpenses": 458100000,
    "interestIncome": 100000,
    "interestExpense": 2400000,
    "depreciationAndAmortization": 14500000,
    "ebitda": 80400000,
    "ebitdaratio": 0.1517840287,
    "operatingIncome": 71600000,
    "operatingIncomeRatio": 0.1351708514,
    "totalOtherIncomeExpensesNet": -3100000,
    "incomeBeforeTax": 68500000,
    "incomeBeforeTaxRatio": 0.1293184822,
    "incomeTaxExpense": 17000000,
    "netIncome": 33600000,
    "netIncomeRatio": 0.0634321314,
    "eps": 0.25,
    "epsdiluted": 0.24,
    "weightedAverageShsOut": 135700000,
    "weightedAverageShsOutDil": 139500000,
    "link": "https://www.sec.gov/Archives/edgar/data/1383312/000119312510021752/0001193125-10-021752-index.htm",
    "finalLink": "https://www.sec.gov/Archives/edgar/data/1383312/000119312510021752/d10q.htm"
  },
  {
    "date": "2009-09-30",
    "symbol": "BR",
    "reportedCurrency": "USD",
    "cik": "0001383312",
    "fillingDate": "2009-11-03",
    "acceptedDate": "2009-11-03 13:37:10",
    "calendarYear": "2010",
    "period": "Q1",
    "revenue": 457900000,
    "costOfRevenue": 355400000,
    "grossProfit": 102500000,
    "grossProfitRatio": 0.2238480017,
    "researchAndDevelopmentExpenses": 0,
    "generalAndAdministrativeExpenses": 56400000,
    "sellingAndMarketingExpenses": 0,
    "sellingGeneralAndAdministrativeExpenses": 56400000,
    "otherExpenses": 0,
    "operatingExpenses": 56400000,
    "costAndExpenses": 415600000,
    "interestIncome": 0,
    "interestExpense": 2600000,
    "depreciationAndAmortization": 13700000,
    "ebitda": 58800000,
    "ebitdaratio": 0.1284123171,
    "operatingIncome": 46500000,
    "operatingIncomeRatio": 0.1015505569,
    "totalOtherIncomeExpensesNet": -3800000,
    "incomeBeforeTax": 42300000,
    "incomeBeforeTaxRatio": 0.0923782485,
    "incomeTaxExpense": 15900000,
    "netIncome": 26400000,
    "netIncomeRatio": 0.0576545097,
    "eps": 0.19,
    "epsdiluted": 0.19,
    "weightedAverageShsOut": 138100000,
    "weightedAverageShsOutDil": 140400000,
    "link": "https://www.sec.gov/Archives/edgar/data/1383312/000119312509221759/0001193125-09-221759-index.htm",
    "finalLink": "https://www.sec.gov/Archives/edgar/data/1383312/000119312509221759/d10q.htm"
  },
  {
    "date": "2009-06-30",
    "symbol": "BR",
    "reportedCurrency": "USD",
    "cik": "0001383312",
    "fillingDate": "2009-08-11",
    "acceptedDate": "2009-08-11 12:26:12",
    "calendarYear": "2009",
    "period": "Q4",
    "revenue": 736500000,
    "costOfRevenue": 492600000,
    "grossProfit": 243900000,
    "grossProfitRatio": 0.3311608961,
    "researchAndDevelopmentExpenses": 0,
    "generalAndAdministrativeExpenses": 50700000,
    "sellingAndMarketingExpenses": 0,
    "sellingGeneralAndAdministrativeExpenses": 50700000,
    "otherExpenses": 0,
    "operatingExpenses": 50700000,
    "costAndExpenses": 543300000,
    "interestIncome": 800000,
    "interestExpense": 14500000,
    "depreciationAndAmortization": 14300000,
    "ebitda": 214300000,
    "ebitdaratio": 0.2909708079,
    "operatingIncome": 193200000,
    "operatingIncomeRatio": 0.2623217923,
    "totalOtherIncomeExpensesNet": -7700000,
    "incomeBeforeTax": 185500000,
    "incomeBeforeTaxRatio": 0.2518669382,
    "incomeTaxExpense": 68600000,
    "netIncome": 116900000,
    "netIncomeRatio": 0.1587236931,
    "eps": 0.85,
    "epsdiluted": 0.83,
    "weightedAverageShsOut": 138100000,
    "weightedAverageShsOutDil": 140400000,
    "link": "https://www.sec.gov/Archives/edgar/data/1383312/000119312509171581/0001193125-09-171581-index.htm",
    "finalLink": "https://www.sec.gov/Archives/edgar/data/1383312/000119312509171581/d10k.htm"
  },
  {
    "date": "2009-03-31",
    "symbol": "BR",
    "reportedCurrency": "USD",
    "cik": "0001383312",
    "fillingDate": "2009-05-11",
    "acceptedDate": "2009-05-11 13:14:02",
    "calendarYear": "2009",
    "period": "Q3",
    "revenue": 481200000,
    "costOfRevenue": 372700000,
    "grossProfit": 108500000,
    "grossProfitRatio": 0.2254779717,
    "researchAndDevelopmentExpenses": 0,
    "generalAndAdministrativeExpenses": 51300000,
    "sellingAndMarketingExpenses": 0,
    "sellingGeneralAndAdministrativeExpenses": 51300000,
    "otherExpenses": 0,
    "operatingExpenses": 51300000,
    "costAndExpenses": 424000000,
    "interestIncome": 200000,
    "interestExpense": 3500000,
    "depreciationAndAmortization": 13200000,
    "ebitda": 71200000,
    "ebitdaratio": 0.1479634248,
    "operatingIncome": 57200000,
    "operatingIncomeRatio": 0.1188694929,
    "totalOtherIncomeExpensesNet": -3200000,
    "incomeBeforeTax": 54000000,
    "incomeBeforeTaxRatio": 0.1122194514,
    "incomeTaxExpense": 13100000,
    "netIncome": 40900000,
    "netIncomeRatio": 0.0849958437,
    "eps": 0.29,
    "epsdiluted": 0.29,
    "weightedAverageShsOut": 139500000,
    "weightedAverageShsOutDil": 141200000,
    "link": "https://www.sec.gov/Archives/edgar/data/1383312/000119312509106754/0001193125-09-106754-index.htm",
    "finalLink": "https://www.sec.gov/Archives/edgar/data/1383312/000119312509106754/d10q.htm"
  },
  {
    "date": "2008-12-31",
    "symbol": "BR",
    "reportedCurrency": "USD",
    "cik": "0001383312",
    "fillingDate": "2009-02-03",
    "acceptedDate": "2009-02-03 11:08:15",
    "calendarYear": "2009",
    "period": "Q2",
    "revenue": 459200000,
    "costOfRevenue": 345800000,
    "grossProfit": 113400000,
    "grossProfitRatio": 0.2469512195,
    "researchAndDevelopmentExpenses": 0,
    "generalAndAdministrativeExpenses": 66200000,
    "sellingAndMarketingExpenses": 0,
    "sellingGeneralAndAdministrativeExpenses": 66200000,
    "otherExpenses": 0,
    "operatingExpenses": 66200000,
    "costAndExpenses": 410600000,
    "interestIncome": 0,
    "interestExpense": 3200000,
    "depreciationAndAmortization": 12700000,
    "ebitda": 64600000,
    "ebitdaratio": 0.1406794425,
    "operatingIncome": 47300000,
    "operatingIncomeRatio": 0.1030052265,
    "totalOtherIncomeExpensesNet": 1400000,
    "incomeBeforeTax": 48600000,
    "incomeBeforeTaxRatio": 0.1058362369,
    "incomeTaxExpense": 18700000,
    "netIncome": 29900000,
    "netIncomeRatio": 0.0651132404,
    "eps": 0.21,
    "epsdiluted": 0.21,
    "weightedAverageShsOut": 140200000,
    "weightedAverageShsOutDil": 141300000,
    "link": "https://www.sec.gov/Archives/edgar/data/1383312/000119312509017160/0001193125-09-017160-index.htm",
    "finalLink": "https://www.sec.gov/Archives/edgar/data/1383312/000119312509017160/d10q.htm"
  },
  {
    "date": "2008-09-30",
    "symbol": "BR",
    "reportedCurrency": "USD",
    "cik": "0001383312",
    "fillingDate": "2008-11-06",
    "acceptedDate": "2008-11-06 10:30:10",
    "calendarYear": "2009",
    "period": "Q1",
    "revenue": 472400000,
    "costOfRevenue": 363000000,
    "grossProfit": 109400000,
    "grossProfitRatio": 0.2315834039,
    "researchAndDevelopmentExpenses": 0,
    "generalAndAdministrativeExpenses": 56700000,
    "sellingAndMarketingExpenses": 0,
    "sellingGeneralAndAdministrativeExpenses": 56700000,
    "otherExpenses": 0,
    "operatingExpenses": 56700000,
    "costAndExpenses": 419700000,
    "interestIncome": 500000,
    "interestExpense": 7500000,
    "depreciationAndAmortization": 14200000,
    "ebitda": 79900000,
    "ebitdaratio": 0.1691363251,
    "operatingIncome": 52700000,
    "operatingIncomeRatio": 0.1115580017,
    "totalOtherIncomeExpensesNet": 5500000,
    "incomeBeforeTax": 58200000,
    "incomeBeforeTaxRatio": 0.1232006774,
    "incomeTaxExpense": 22600000,
    "netIncome": 35600000,
    "netIncomeRatio": 0.0753598645,
    "eps": 0.25,
    "epsdiluted": 0.25,
    "weightedAverageShsOut": 140400000,
    "weightedAverageShsOutDil": 142200000,
    "link": "https://www.sec.gov/Archives/edgar/data/1383312/000119312508227290/0001193125-08-227290-index.htm",
    "finalLink": "https://www.sec.gov/Archives/edgar/data/1383312/000119312508227290/d10q.htm"
  },
  {
    "date": "2008-06-30",
    "symbol": "BR",
    "reportedCurrency": "USD",
    "cik": "0001383312",
    "fillingDate": "2008-08-14",
    "acceptedDate": "2008-08-14 14:12:29",
    "calendarYear": "2008",
    "period": "Q4",
    "revenue": 792400000,
    "costOfRevenue": 543400000,
    "grossProfit": 249000000,
    "grossProfitRatio": 0.3142352347,
    "researchAndDevelopmentExpenses": 0,
    "generalAndAdministrativeExpenses": 72700000,
    "sellingAndMarketingExpenses": 0,
    "sellingGeneralAndAdministrativeExpenses": 72700000,
    "otherExpenses": -16900000,
    "operatingExpenses": 55800000,
    "costAndExpenses": 599200000,
    "interestIncome": 0,
    "interestExpense": 33600000,
    "depreciationAndAmortization": 13900000,
    "ebitda": 242900000,
    "ebitdaratio": 0.3065371025,
    "operatingIncome": 202000000,
    "operatingIncomeRatio": 0.2549217567,
    "totalOtherIncomeExpensesNet": -30900000,
    "incomeBeforeTax": 171100000,
    "incomeBeforeTaxRatio": 0.2159262998,
    "incomeTaxExpense": 73300000,
    "netIncome": 97800000,
    "netIncomeRatio": 0.1234225139,
    "eps": 0.7,
    "epsdiluted": 0.69,
    "weightedAverageShsOut": 140400000,
    "weightedAverageShsOutDil": 142200000,
    "link": "https://www.sec.gov/Archives/edgar/data/1383312/000119312508178063/0001193125-08-178063-index.htm",
    "finalLink": "https://www.sec.gov/Archives/edgar/data/1383312/000119312508178063/d10k.htm"
  },
  {
    "date": "2008-03-31",
    "symbol": "BR",
    "reportedCurrency": "USD",
    "cik": "0001383312",
    "fillingDate": "2008-05-08",
    "acceptedDate": "2008-05-08 11:13:14",
    "calendarYear": "2008",
    "period": "Q3",
    "revenue": 498800000,
    "costOfRevenue": 383100000,
    "grossProfit": 115700000,
    "grossProfitRatio": 0.2319566961,
    "researchAndDevelopmentExpenses": 0,
    "generalAndAdministrativeExpenses": 60000000,
    "sellingAndMarketingExpenses": 0,
    "sellingGeneralAndAdministrativeExpenses": 60000000,
    "otherExpenses": 16100000,
    "operatingExpenses": 76100000,
    "costAndExpenses": 459200000,
    "interestIncome": 0,
    "interestExpense": 6200000,
    "depreciationAndAmortization": 12800000,
    "ebitda": 67400000,
    "ebitdaratio": 0.1351242983,
    "operatingIncome": 48400000,
    "operatingIncomeRatio": 0.0970328789,
    "totalOtherIncomeExpensesNet": 0,
    "incomeBeforeTax": 48400000,
    "incomeBeforeTaxRatio": 0.0970328789,
    "incomeTaxExpense": 18900000,
    "netIncome": 29500000,
    "netIncomeRatio": 0.0591419407,
    "eps": 0.21,
    "epsdiluted": 0.21,
    "weightedAverageShsOut": 139900000,
    "weightedAverageShsOutDil": 141300000,
    "link": "https://www.sec.gov/Archives/edgar/data/1383312/000119312508107231/0001193125-08-107231-index.htm",
    "finalLink": "https://www.sec.gov/Archives/edgar/data/1383312/000119312508107231/d10q.htm"
  },
  {
    "date": "2007-12-31",
    "symbol": "BR",
    "reportedCurrency": "USD",
    "cik": "0001383312",
    "fillingDate": "2008-02-07",
    "acceptedDate": "2008-02-07 11:47:33",
    "calendarYear": "2008",
    "period": "Q2",
    "revenue": 465100000,
    "costOfRevenue": 345700000,
    "grossProfit": 119400000,
    "grossProfitRatio": 0.2567189852,
    "researchAndDevelopmentExpenses": 0,
    "generalAndAdministrativeExpenses": 62500000,
    "sellingAndMarketingExpenses": 0,
    "sellingGeneralAndAdministrativeExpenses": 62500000,
    "otherExpenses": 18400000,
    "operatingExpenses": 80900000,
    "costAndExpenses": 426600000,
    "interestIncome": 0,
    "interestExpense": 9300000,
    "depreciationAndAmortization": 12400000,
    "ebitda": 69000000,
    "ebitdaratio": 0.1483551924,
    "operatingIncome": 47300000,
    "operatingIncomeRatio": 0.1016985594,
    "totalOtherIncomeExpensesNet": 0,
    "incomeBeforeTax": 47300000,
    "incomeBeforeTaxRatio": 0.1016985594,
    "incomeTaxExpense": 18400000,
    "netIncome": 28900000,
    "netIncomeRatio": 0.0621371748,
    "eps": 0.21,
    "epsdiluted": 0.21,
    "weightedAverageShsOut": 139300000,
    "weightedAverageShsOutDil": 140900000,
    "link": "https://www.sec.gov/Archives/edgar/data/1383312/000119312508022648/0001193125-08-022648-index.htm",
    "finalLink": "https://www.sec.gov/Archives/edgar/data/1383312/000119312508022648/d10q.htm"
  },
  {
    "date": "2007-09-30",
    "symbol": "BR",
    "reportedCurrency": "USD",
    "cik": "0001383312",
    "fillingDate": "2007-11-07",
    "acceptedDate": "2007-11-07 16:25:39",
    "calendarYear": "2008",
    "period": "Q1",
    "revenue": 451200000,
    "costOfRevenue": 334200000,
    "grossProfit": 117000000,
    "grossProfitRatio": 0.2593085106,
    "researchAndDevelopmentExpenses": 0,
    "generalAndAdministrativeExpenses": 49100000,
    "sellingAndMarketingExpenses": 0,
    "sellingGeneralAndAdministrativeExpenses": 49100000,
    "otherExpenses": 0,
    "operatingExpenses": 49100000,
    "costAndExpenses": 383300000,
    "interestIncome": 0,
    "interestExpense": 8800000,
    "depreciationAndAmortization": 12400000,
    "ebitda": 80600000,
    "ebitdaratio": 0.1786347518,
    "operatingIncome": 67900000,
    "operatingIncomeRatio": 0.1504875887,
    "totalOtherIncomeExpensesNet": -8800000,
    "incomeBeforeTax": 59100000,
    "incomeBeforeTaxRatio": 0.1309840426,
    "incomeTaxExpense": 23100000,
    "netIncome": 36000000,
    "netIncomeRatio": 0.079787234,
    "eps": 0.26,
    "epsdiluted": 0.26,
    "weightedAverageShsOut": 139100000,
    "weightedAverageShsOutDil": 139800000,
    "link": "https://www.sec.gov/Archives/edgar/data/1383312/000119312507238492/0001193125-07-238492-index.htm",
    "finalLink": "https://www.sec.gov/Archives/edgar/data/1383312/000119312507238492/d10q.htm"
  },
  {
    "date": "2007-06-30",
    "symbol": "BR",
    "reportedCurrency": "USD",
    "cik": "0001383312",
    "fillingDate": "2007-08-23",
    "acceptedDate": "2007-08-23 14:23:46",
    "calendarYear": "2007",
    "period": "Q4",
    "revenue": 773700000,
    "costOfRevenue": 537200000,
    "grossProfit": 236500000,
    "grossProfitRatio": 0.3056740339,
    "researchAndDevelopmentExpenses": 0,
    "generalAndAdministrativeExpenses": 67500000,
    "sellingAndMarketingExpenses": 0,
    "sellingGeneralAndAdministrativeExpenses": 67500000,
    "otherExpenses": 11300000,
    "operatingExpenses": 78800000,
    "costAndExpenses": 617000000,
    "interestIncome": 0,
    "interestExpense": 18200000,
    "depreciationAndAmortization": 33200000,
    "ebitda": 214700000,
    "ebitdaratio": 0.2774977381,
    "operatingIncome": 156700000,
    "operatingIncomeRatio": 0.2025332816,
    "totalOtherIncomeExpensesNet": 1800000,
    "incomeBeforeTax": 158500000,
    "incomeBeforeTaxRatio": 0.2048597648,
    "incomeTaxExpense": 59800000,
    "netIncome": 98700000,
    "netIncomeRatio": 0.1275688251,
    "eps": 0.71,
    "epsdiluted": 0.71,
    "weightedAverageShsOut": 139100000,
    "weightedAverageShsOutDil": 139800000,
    "link": "https://www.sec.gov/Archives/edgar/data/1383312/000119312507188068/0001193125-07-188068-index.htm",
    "finalLink": "https://www.sec.gov/Archives/edgar/data/1383312/000119312507188068/d10k.htm"
  },
  {
    "date": "2007-03-31",
    "symbol": "BR",
    "reportedCurrency": "USD",
    "cik": "0001383312",
    "fillingDate": "2007-05-15",
    "acceptedDate": "2007-05-15 13:30:05",
    "calendarYear": "2007",
    "period": "Q3",
    "revenue": 492800000,
    "costOfRevenue": 375100000,
    "grossProfit": 117700000,
    "grossProfitRatio": 0.2388392857,
    "researchAndDevelopmentExpenses": 0,
    "generalAndAdministrativeExpenses": 47600000,
    "sellingAndMarketingExpenses": 0,
    "sellingGeneralAndAdministrativeExpenses": 47600000,
    "otherExpenses": 0,
    "operatingExpenses": 47600000,
    "costAndExpenses": 422700000,
    "interestIncome": 0,
    "interestExpense": 6600000,
    "depreciationAndAmortization": 9500000,
    "ebitda": 93100000,
    "ebitdaratio": 0.1889204545,
    "operatingIncome": 83400000,
    "operatingIncomeRatio": 0.169237013,
    "totalOtherIncomeExpensesNet": -200000,
    "incomeBeforeTax": 69900000,
    "incomeBeforeTaxRatio": 0.1418425325,
    "incomeTaxExpense": 28000000,
    "netIncome": 41900000,
    "netIncomeRatio": 0.0850243506,
    "eps": 0.3,
    "epsdiluted": 0.3,
    "weightedAverageShsOut": 138800000,
    "weightedAverageShsOutDil": 138800000,
    "link": "https://www.sec.gov/Archives/edgar/data/1383312/000119312507115219/0001193125-07-115219-index.htm",
    "finalLink": "https://www.sec.gov/Archives/edgar/data/1383312/000119312507115219/d10q.htm"
  },
  {
    "date": "2006-12-31",
    "symbol": "BR",
    "reportedCurrency": "USD",
    "cik": "0001383312",
    "fillingDate": "2006-12-31",
    "acceptedDate": "2006-12-30 19:00:00",
    "calendarYear": "2007",
    "period": "Q2",
    "revenue": 431300000,
    "costOfRevenue": 333200000,
    "grossProfit": 98100000,
    "grossProfitRatio": 0.2274518896,
    "researchAndDevelopmentExpenses": 0,
    "generalAndAdministrativeExpenses": 51100000,
    "sellingAndMarketingExpenses": 0,
    "sellingGeneralAndAdministrativeExpenses": 51100000,
    "otherExpenses": 1000000,
    "operatingExpenses": 52100000,
    "costAndExpenses": 385300000,
    "interestIncome": 0,
    "interestExpense": 0,
    "depreciationAndAmortization": 10000000,
    "ebitda": 56000000,
    "ebitdaratio": 0.1298400185,
    "operatingIncome": 46000000,
    "operatingIncomeRatio": 0.106654301,
    "totalOtherIncomeExpensesNet": 0,
    "incomeBeforeTax": 46000000,
    "incomeBeforeTaxRatio": 0.106654301,
    "incomeTaxExpense": 18000000,
    "netIncome": 28000000,
    "netIncomeRatio": 0.0649200093,
    "eps": 0.2,
    "epsdiluted": 0.2,
    "weightedAverageShsOut": 138800000,
    "weightedAverageShsOutDil": 138800000,
    "link": "",
    "finalLink": ""
  },
  {
    "date": "2006-09-30",
    "symbol": "BR",
    "reportedCurrency": "USD",
    "cik": "0001383312",
    "fillingDate": "2006-09-30",
    "acceptedDate": "2006-09-29 20:00:00",
    "calendarYear": "2007",
    "period": "Q1",
    "revenue": 440100000,
    "costOfRevenue": 342600000,
    "grossProfit": 97500000,
    "grossProfitRatio": 0.221540559,
    "researchAndDevelopmentExpenses": 0,
    "generalAndAdministrativeExpenses": 50500000,
    "sellingAndMarketingExpenses": 0,
    "sellingGeneralAndAdministrativeExpenses": 50500000,
    "otherExpenses": 0,
    "operatingExpenses": 50500000,
    "costAndExpenses": 393100000,
    "interestIncome": 0,
    "interestExpense": 0,
    "depreciationAndAmortization": 9800000,
    "ebitda": 56800000,
    "ebitdaratio": 0.1290615769,
    "operatingIncome": 47000000,
    "operatingIncomeRatio": 0.1067939105,
    "totalOtherIncomeExpensesNet": -600000,
    "incomeBeforeTax": 46400000,
    "incomeBeforeTaxRatio": 0.105430584,
    "incomeTaxExpense": 17900000,
    "netIncome": 28500000,
    "netIncomeRatio": 0.0647580095,
    "eps": 0.21,
    "epsdiluted": 0.21,
    "weightedAverageShsOut": 138800000,
    "weightedAverageShsOutDil": 138800000,
    "link": "",
    "finalLink": ""
  },
  {
    "date": "2006-06-30",
    "symbol": "BR",
    "reportedCurrency": "USD",
    "cik": "0001383312",
    "fillingDate": "2006-06-30",
    "acceptedDate": "2006-06-29 20:00:00",
    "calendarYear": "2006",
    "period": "Q4",
    "revenue": 718100000,
    "costOfRevenue": 497700000,
    "grossProfit": 220400000,
    "grossProfitRatio": 0.3069210416,
    "researchAndDevelopmentExpenses": 0,
    "generalAndAdministrativeExpenses": 0,
    "sellingAndMarketingExpenses": 0,
    "sellingGeneralAndAdministrativeExpenses": 51800000,
    "otherExpenses": 1700000,
    "operatingExpenses": 53500000,
    "costAndExpenses": 551200000,
    "interestIncome": 0,
    "interestExpense": 0,
    "depreciationAndAmortization": 12900000,
    "ebitda": 179800000,
    "ebitdaratio": 0.250382955,
    "operatingIncome": 166900000,
    "operatingIncomeRatio": 0.2324188832,
    "totalOtherIncomeExpensesNet": 1900000,
    "incomeBeforeTax": 168800000,
    "incomeBeforeTaxRatio": 0.2350647542,
    "incomeTaxExpense": 68200000,
    "netIncome": 100700000,
    "netIncomeRatio": 0.1402311656,
    "eps": 0.73,
    "epsdiluted": 0.73,
    "weightedAverageShsOut": 138800000,
    "weightedAverageShsOutDil": 138800000,
    "link": "",
    "finalLink": ""
  },
  {
    "date": "2006-03-31",
    "symbol": "BR",
    "reportedCurrency": "USD",
    "cik": "0001383312",
    "fillingDate": "2006-03-31",
    "acceptedDate": "2006-03-30 19:00:00",
    "calendarYear": "2006",
    "period": "Q3",
    "revenue": 450500000,
    "costOfRevenue": 348400000,
    "grossProfit": 102100000,
    "grossProfitRatio": 0.2266370699,
    "researchAndDevelopmentExpenses": 0,
    "generalAndAdministrativeExpenses": 45000000,
    "sellingAndMarketingExpenses": 0,
    "sellingGeneralAndAdministrativeExpenses": 45000000,
    "otherExpenses": 0,
    "operatingExpenses": 45000000,
    "costAndExpenses": 393400000,
    "interestIncome": 0,
    "interestExpense": 0,
    "depreciationAndAmortization": 0,
    "ebitda": 57100000,
    "ebitdaratio": 0.1267480577,
    "operatingIncome": 57100000,
    "operatingIncomeRatio": 0.1267480577,
    "totalOtherIncomeExpensesNet": -1300000,
    "incomeBeforeTax": 55800000,
    "incomeBeforeTaxRatio": 0.1238623751,
    "incomeTaxExpense": 22500000,
    "netIncome": 33600000,
    "netIncomeRatio": 0.0745837958,
    "eps": 0.24,
    "epsdiluted": 0.24,
    "weightedAverageShsOut": 138800000,
    "weightedAverageShsOutDil": 138800000,
    "link": "",
    "finalLink": ""
  },
  {
    "date": "2001-12-31",
    "symbol": "BR",
    "reportedCurrency": "USD",
    "cik": "0001383312",
    "fillingDate": "2009-02-03",
    "acceptedDate": "2009-02-03 07:57:39",
    "calendarYear": "2002",
    "period": "Q2",
    "revenue": 462100000,
    "costOfRevenue": 345800000,
    "grossProfit": 116300000,
    "grossProfitRatio": 0.2516771262,
    "researchAndDevelopmentExpenses": 0,
    "generalAndAdministrativeExpenses": 0,
    "sellingAndMarketingExpenses": 0,
    "sellingGeneralAndAdministrativeExpenses": 66200000,
    "otherExpenses": 0,
    "operatingExpenses": 66200000,
    "costAndExpenses": 412000000,
    "interestIncome": 0,
    "interestExpense": 2900000,
    "depreciationAndAmortization": 0,
    "ebitda": 50100000,
    "ebitdaratio": 0.1084180913,
    "operatingIncome": 50100000,
    "operatingIncomeRatio": 0.1084180913,
    "totalOtherIncomeExpensesNet": -1500000,
    "incomeBeforeTax": 48600000,
    "incomeBeforeTaxRatio": 0.1051720407,
    "incomeTaxExpense": 18700000,
    "netIncome": 29900000,
    "netIncomeRatio": 0.0647046094,
    "eps": 0.21,
    "epsdiluted": 0.21,
    "weightedAverageShsOut": 140200000,
    "weightedAverageShsOutDil": 141300000,
    "link": "https://www.sec.gov/Archives/edgar/data/1383312/000119312509016986/0001193125-09-016986-index.htm",
    "finalLink": "https://www.sec.gov/Archives/edgar/data/1383312/000119312509016986/dex991.htm"
  }
]