[
  {
    "date": "2025-06-30",
    "symbol": "BRK-B",
    "reportedCurrency": "USD",
    "cik": "0001067983",
    "fillingDate": "2025-08-04",
    "acceptedDate": "2025-08-04 06:03:50",
    "calendarYear": "2025",
    "period": "Q2",
    "revenue": 92515000000,
    "costOfRevenue": 70200000000,
    "grossProfit": 22315000000,
    "grossProfitRatio": 0.2412041291,
    "researchAndDevelopmentExpenses": 0,
    "generalAndAdministrativeExpenses": 0,
    "sellingAndMarketingExpenses": 0,
    "sellingGeneralAndAdministrativeExpenses": 6731000000,
    "otherExpenses": 0,
    "operatingExpenses": 6731000000,
    "costAndExpenses": 76931000000,
    "interestIncome": 0,
    "interestExpense": 1253000000,
    "depreciationAndAmortization": 3329000000,
    "ebitda": 19332000000,
    "ebitdaratio": 0.2089607091,
    "operatingIncome": 15584000000,
    "operatingIncomeRatio": 0.1684483597,
    "totalOtherIncomeExpensesNet": -834000000,
    "incomeBeforeTax": 14750000000,
    "incomeBeforeTaxRatio": 0.1594336054,
    "incomeTaxExpense": 2293000000,
    "netIncome": 12370000000,
    "netIncomeRatio": 0.1337080473,
    "eps": 5.73,
    "epsdiluted": 5.73,
    "weightedAverageShsOut": 2158773362,
    "weightedAverageShsOutDil": 2158773362,
    "link": "https://www.sec.gov/Archives/edgar/data/1067983/000095017025101578/0000950170-25-101578-index.htm",
    "finalLink": "https://www.sec.gov/Archives/edgar/data/1067983/000095017025101578/brka-20250630.htm"
  },
  {
    "date": "2025-03-31",
    "symbol": "BRK-B",
    "reportedCurrency": "USD",
    "cik": "0001067983",
    "fillingDate": "2025-05-05",
    "acceptedDate": "2025-05-05 06:03:55",
    "calendarYear": "2025",
    "period": "Q1",
    "revenue": 89725000000,
    "costOfRevenue": 69330000000,
    "grossProfit": 20395000000,
    "grossProfitRatio": 0.2273056562,
    "researchAndDevelopmentExpenses": 0,
    "generalAndAdministrativeExpenses": 0,
    "sellingAndMarketingExpenses": 0,
    "sellingGeneralAndAdministrativeExpenses": 7681000000,
    "otherExpenses": 0,
    "operatingExpenses": 7681000000,
    "costAndExpenses": 77011000000,
    "interestIncome": 0,
    "interestExpense": 1257000000,
    "depreciationAndAmortization": 3265000000,
    "ebitda": 9670000000,
    "ebitdaratio": 0.1077737531,
    "operatingIncome": 12714000000,
    "operatingIncomeRatio": 0.1416996378,
    "totalOtherIncomeExpensesNet": -7566000000,
    "incomeBeforeTax": 5148000000,
    "incomeBeforeTaxRatio": 0.0573753135,
    "incomeTaxExpense": 476000000,
    "netIncome": 4603000000,
    "netIncomeRatio": 0.0513011981,
    "eps": 2.13,
    "epsdiluted": 2.13,
    "weightedAverageShsOut": 2157335000,
    "weightedAverageShsOutDil": 2157335000,
    "link": "https://www.sec.gov/Archives/edgar/data/1067983/000095017025063112/0000950170-25-063112-index.htm",
    "finalLink": "https://www.sec.gov/Archives/edgar/data/1067983/000095017025063112/brka-20250331.htm"
  },
  {
    "date": "2024-12-31",
    "symbol": "BRK-B",
    "reportedCurrency": "USD",
    "cik": "0001067983",
    "fillingDate": "2025-02-24",
    "acceptedDate": "2025-02-24 06:03:00",
    "calendarYear": "2024",
    "period": "Q4",
    "revenue": 94916000000,
    "costOfRevenue": 68527000000,
    "grossProfit": 26389000000,
    "grossProfitRatio": 0.2780247798,
    "researchAndDevelopmentExpenses": 0,
    "generalAndAdministrativeExpenses": 0,
    "sellingAndMarketingExpenses": 0,
    "sellingGeneralAndAdministrativeExpenses": 9986000000,
    "otherExpenses": 0,
    "operatingExpenses": 9986000000,
    "costAndExpenses": 78513000000,
    "interestIncome": 0,
    "interestExpense": 1440000000,
    "depreciationAndAmortization": 3283000000,
    "ebitda": 28748000000,
    "ebitdaratio": 0.3028783345,
    "operatingIncome": 16403000000,
    "operatingIncomeRatio": 0.1728159636,
    "totalOtherIncomeExpensesNet": 7622000000,
    "incomeBeforeTax": 24025000000,
    "incomeBeforeTaxRatio": 0.2531185469,
    "incomeTaxExpense": 4274000000,
    "netIncome": 19694000000,
    "netIncomeRatio": 0.2074887269,
    "eps": 9.13,
    "epsdiluted": 9.13,
    "weightedAverageShsOut": 2157034000,
    "weightedAverageShsOutDil": 2157034000,
    "link": "https://www.sec.gov/Archives/edgar/data/1067983/000095017025025210/0000950170-25-025210-index.htm",
    "finalLink": "https://www.sec.gov/Archives/edgar/data/1067983/000095017025025210/brka-20241231.htm"
  },
  {
    "date": "2024-09-30",
    "symbol": "BRK-B",
    "reportedCurrency": "USD",
    "cik": "0001067983",
    "fillingDate": "2024-11-04",
    "acceptedDate": "2024-11-04 06:01:42",
    "calendarYear": "2024",
    "period": "Q3",
    "revenue": 92995000000,
    "costOfRevenue": 72685000000,
    "grossProfit": 20310000000,
    "grossProfitRatio": 0.2183988386,
    "researchAndDevelopmentExpenses": 0,
    "generalAndAdministrativeExpenses": 0,
    "sellingAndMarketingExpenses": 0,
    "sellingGeneralAndAdministrativeExpenses": 7324000000,
    "otherExpenses": 0,
    "operatingExpenses": 7324000000,
    "costAndExpenses": 80009000000,
    "interestIncome": 0,
    "interestExpense": 1214000000,
    "depreciationAndAmortization": 3206000000,
    "ebitda": 36928000000,
    "ebitdaratio": 0.3970966181,
    "operatingIncome": 12986000000,
    "operatingIncomeRatio": 0.1396419162,
    "totalOtherIncomeExpensesNet": 19522000000,
    "incomeBeforeTax": 32508000000,
    "incomeBeforeTaxRatio": 0.349567181,
    "incomeTaxExpense": 6028000000,
    "netIncome": 26251000000,
    "netIncomeRatio": 0.2822839938,
    "eps": 12.18,
    "epsdiluted": 12.18,
    "weightedAverageShsOut": 2155185000,
    "weightedAverageShsOutDil": 2155185000,
    "link": "https://www.sec.gov/Archives/edgar/data/1067983/000095017024120241/0000950170-24-120241-index.htm",
    "finalLink": "https://www.sec.gov/Archives/edgar/data/1067983/000095017024120241/brka-20240930.htm"
  },
  {
    "date": "2024-06-30",
    "symbol": "BRK-B",
    "reportedCurrency": "USD",
    "cik": "0001067983",
    "fillingDate": "2024-08-05",
    "acceptedDate": "2024-08-05 06:05:01",
    "calendarYear": "2024",
    "period": "Q2",
    "revenue": 93653000000,
    "costOfRevenue": 73200000000,
    "grossProfit": 20453000000,
    "grossProfitRatio": 0.2183912955,
    "researchAndDevelopmentExpenses": 0,
    "generalAndAdministrativeExpenses": 0,
    "sellingAndMarketingExpenses": 0,
    "sellingGeneralAndAdministrativeExpenses": 5783000000,
    "otherExpenses": 0,
    "operatingExpenses": 5783000000,
    "costAndExpenses": 78983000000,
    "interestIncome": 0,
    "interestExpense": 1230000000,
    "depreciationAndAmortization": 3198000000,
    "ebitda": 42565000000,
    "ebitdaratio": 0.4544969195,
    "operatingIncome": 14670000000,
    "operatingIncomeRatio": 0.1566420723,
    "totalOtherIncomeExpensesNet": 23467000000,
    "incomeBeforeTax": 38137000000,
    "incomeBeforeTaxRatio": 0.4072159995,
    "incomeTaxExpense": 7639000000,
    "netIncome": 30348000000,
    "netIncomeRatio": 0.3240472809,
    "eps": 14.08,
    "epsdiluted": 14.08,
    "weightedAverageShsOut": 2155185000,
    "weightedAverageShsOutDil": 2155185000,
    "link": "https://www.sec.gov/Archives/edgar/data/1067983/000095017024090305/0000950170-24-090305-index.htm",
    "finalLink": "https://www.sec.gov/Archives/edgar/data/1067983/000095017024090305/brka-20240630.htm"
  },
  {
    "date": "2024-03-31",
    "symbol": "BRK-B",
    "reportedCurrency": "USD",
    "cik": "0001067983",
    "fillingDate": "2024-05-06",
    "acceptedDate": "2024-05-06 06:03:40",
    "calendarYear": "2024",
    "period": "Q1",
    "revenue": 89869000000,
    "costOfRevenue": 69675000000,
    "grossProfit": 20194000000,
    "grossProfitRatio": 0.2247048482,
    "researchAndDevelopmentExpenses": 0,
    "generalAndAdministrativeExpenses": 0,
    "sellingAndMarketingExpenses": 0,
    "sellingGeneralAndAdministrativeExpenses": 6322000000,
    "otherExpenses": 0,
    "operatingExpenses": 6322000000,
    "costAndExpenses": 75997000000,
    "interestIncome": 0,
    "interestExpense": 1316000000,
    "depreciationAndAmortization": 3168000000,
    "ebitda": 20190000000,
    "ebitdaratio": 0.2246603389,
    "operatingIncome": 13872000000,
    "operatingIncomeRatio": 0.15435801,
    "totalOtherIncomeExpensesNet": 1834000000,
    "incomeBeforeTax": 15706000000,
    "incomeBeforeTaxRatio": 0.174765492,
    "incomeTaxExpense": 2874000000,
    "netIncome": 12702000000,
    "netIncomeRatio": 0.1413390602,
    "eps": 5.88,
    "epsdiluted": 5.88,
    "weightedAverageShsOut": 2159055000,
    "weightedAverageShsOutDil": 2159055000,
    "link": "https://www.sec.gov/Archives/edgar/data/1067983/000095017024053185/0000950170-24-053185-index.htm",
    "finalLink": "https://www.sec.gov/Archives/edgar/data/1067983/000095017024053185/brka-20240331.htm"
  },
  {
    "date": "2023-12-31",
    "symbol": "BRK-B",
    "reportedCurrency": "USD",
    "cik": "0001067983",
    "fillingDate": "2024-02-26",
    "acceptedDate": "2024-02-26 06:08:31",
    "calendarYear": "2023",
    "period": "Q4",
    "revenue": 93376000000,
    "costOfRevenue": 75610000000,
    "grossProfit": 17766000000,
    "grossProfitRatio": 0.1902630226,
    "researchAndDevelopmentExpenses": 0,
    "generalAndAdministrativeExpenses": 0,
    "sellingAndMarketingExpenses": 0,
    "sellingGeneralAndAdministrativeExpenses": 5995000000,
    "otherExpenses": 0,
    "operatingExpenses": 5995000000,
    "costAndExpenses": 81605000000,
    "interestIncome": 0,
    "interestExpense": 1276000000,
    "depreciationAndAmortization": 3129000000,
    "ebitda": 51343000000,
    "ebitdaratio": 0.5498522104,
    "operatingIncome": 11771000000,
    "operatingIncomeRatio": 0.1260602296,
    "totalOtherIncomeExpensesNet": 35167000000,
    "incomeBeforeTax": 46938000000,
    "incomeBeforeTaxRatio": 0.5026773475,
    "incomeTaxExpense": 9180000000,
    "netIncome": 37574000000,
    "netIncomeRatio": 0.4023946196,
    "eps": 17.36,
    "epsdiluted": 17.36,
    "weightedAverageShsOut": 2164178000,
    "weightedAverageShsOutDil": 2164178000,
    "link": "https://www.sec.gov/Archives/edgar/data/1067983/000095017024019719/0000950170-24-019719-index.htm",
    "finalLink": "https://www.sec.gov/Archives/edgar/data/1067983/000095017024019719/brka-20231231.htm"
  },
  {
    "date": "2023-09-30",
    "symbol": "BRK-B",
    "reportedCurrency": "USD",
    "cik": "0001067983",
    "fillingDate": "2023-11-06",
    "acceptedDate": "2023-11-06 06:05:03",
    "calendarYear": "2023",
    "period": "Q3",
    "revenue": 93210000000,
    "costOfRevenue": 74273000000,
    "grossProfit": 18937000000,
    "grossProfitRatio": 0.2031648965,
    "researchAndDevelopmentExpenses": 0,
    "generalAndAdministrativeExpenses": 0,
    "sellingAndMarketingExpenses": 0,
    "sellingGeneralAndAdministrativeExpenses": 5702000000,
    "otherExpenses": 0,
    "operatingExpenses": 5702000000,
    "costAndExpenses": 79975000000,
    "interestIncome": 0,
    "interestExpense": 1260000000,
    "depreciationAndAmortization": 3210000000,
    "ebitda": -12489000000,
    "ebitdaratio": -0.1339877696,
    "operatingIncome": 13235000000,
    "operatingIncomeRatio": 0.1419912027,
    "totalOtherIncomeExpensesNet": -30194000000,
    "incomeBeforeTax": -16959000000,
    "incomeBeforeTaxRatio": -0.1819439974,
    "incomeTaxExpense": -4392000000,
    "netIncome": -12767000000,
    "netIncomeRatio": -0.1369702822,
    "eps": -5.88,
    "epsdiluted": -5.88,
    "weightedAverageShsOut": 2170388000,
    "weightedAverageShsOutDil": 2170388000,
    "link": "https://www.sec.gov/Archives/edgar/data/1067983/000095017023058993/0000950170-23-058993-index.htm",
    "finalLink": "https://www.sec.gov/Archives/edgar/data/1067983/000095017023058993/brka-20230930.htm"
  },
  {
    "date": "2023-06-30",
    "symbol": "BRK-B",
    "reportedCurrency": "USD",
    "cik": "0001067983",
    "fillingDate": "2023-08-07",
    "acceptedDate": "2023-08-07 06:04:06",
    "calendarYear": "2023",
    "period": "Q2",
    "revenue": 92503000000,
    "costOfRevenue": 74386000000,
    "grossProfit": 18117000000,
    "grossProfitRatio": 0.1958531075,
    "researchAndDevelopmentExpenses": 0,
    "generalAndAdministrativeExpenses": 0,
    "sellingAndMarketingExpenses": 0,
    "sellingGeneralAndAdministrativeExpenses": 5560000000,
    "otherExpenses": 0,
    "operatingExpenses": 5560000000,
    "costAndExpenses": 79946000000,
    "interestIncome": 0,
    "interestExpense": 1249000000,
    "depreciationAndAmortization": 3096000000,
    "ebitda": 49780000000,
    "ebitdaratio": 0.5381447088,
    "operatingIncome": 12557000000,
    "operatingIncomeRatio": 0.1357469487,
    "totalOtherIncomeExpensesNet": 32878000000,
    "incomeBeforeTax": 45435000000,
    "incomeBeforeTaxRatio": 0.4911732592,
    "incomeTaxExpense": 9236000000,
    "netIncome": 35912000000,
    "netIncomeRatio": 0.3882252467,
    "eps": 16.52,
    "epsdiluted": 16.52,
    "weightedAverageShsOut": 2174314000,
    "weightedAverageShsOutDil": 2174314000,
    "link": "https://www.sec.gov/Archives/edgar/data/1067983/000095017023038705/0000950170-23-038705-index.htm",
    "finalLink": "https://www.sec.gov/Archives/edgar/data/1067983/000095017023038705/brka-20230630.htm"
  },
  {
    "date": "2023-03-31",
    "symbol": "BRK-B",
    "reportedCurrency": "USD",
    "cik": "0001067983",
    "fillingDate": "2023-05-08",
    "acceptedDate": "2023-05-08 06:01:35",
    "calendarYear": "2023",
    "period": "Q1",
    "revenue": 85393000000,
    "costOfRevenue": 69267000000,
    "grossProfit": 16126000000,
    "grossProfitRatio": 0.1888445189,
    "researchAndDevelopmentExpenses": 0,
    "generalAndAdministrativeExpenses": 0,
    "sellingAndMarketingExpenses": 0,
    "sellingGeneralAndAdministrativeExpenses": 5576000000,
    "otherExpenses": 0,
    "operatingExpenses": 5576000000,
    "costAndExpenses": 74843000000,
    "interestIncome": 0,
    "interestExpense": 1218000000,
    "depreciationAndAmortization": 3051000000,
    "ebitda": 49021000000,
    "ebitdaratio": 0.5740634478,
    "operatingIncome": 10550000000,
    "operatingIncomeRatio": 0.1235464265,
    "totalOtherIncomeExpensesNet": 34202000000,
    "incomeBeforeTax": 44752000000,
    "incomeBeforeTaxRatio": 0.5240710597,
    "incomeTaxExpense": 8995000000,
    "netIncome": 35504000000,
    "netIncomeRatio": 0.4157717846,
    "eps": 16.25,
    "epsdiluted": 16.25,
    "weightedAverageShsOut": 2184657000,
    "weightedAverageShsOutDil": 2184657000,
    "link": "https://www.sec.gov/Archives/edgar/data/1067983/000095017023018438/0000950170-23-018438-index.htm",
    "finalLink": "https://www.sec.gov/Archives/edgar/data/1067983/000095017023018438/brka-20230331.htm"
  },
  {
    "date": "2022-12-31",
    "symbol": "BRK-B",
    "reportedCurrency": "USD",
    "cik": "0001067983",
    "fillingDate": "2023-02-27",
    "acceptedDate": "2023-02-27 06:04:49",
    "calendarYear": "2022",
    "period": "Q4",
    "revenue": 78072000000,
    "costOfRevenue": 62767000000,
    "grossProfit": 15305000000,
    "grossProfitRatio": 0.1960369915,
    "researchAndDevelopmentExpenses": 0,
    "generalAndAdministrativeExpenses": 0,
    "sellingAndMarketingExpenses": 0,
    "sellingGeneralAndAdministrativeExpenses": 2425000000,
    "otherExpenses": 0,
    "operatingExpenses": 2425000000,
    "costAndExpenses": 65192000000,
    "interestIncome": 0,
    "interestExpense": 1139000000,
    "depreciationAndAmortization": 2758000000,
    "ebitda": 26006000000,
    "ebitdaratio": 0.3331027769,
    "operatingIncome": 12880000000,
    "operatingIncomeRatio": 0.1649759197,
    "totalOtherIncomeExpensesNet": 9229000000,
    "incomeBeforeTax": 22109000000,
    "incomeBeforeTaxRatio": 0.2831873143,
    "incomeTaxExpense": 3872000000,
    "netIncome": 18164000000,
    "netIncomeRatio": 0.2326570345,
    "eps": 8.27,
    "epsdiluted": 8.27,
    "weightedAverageShsOut": 2195134000,
    "weightedAverageShsOutDil": 2195134000,
    "link": "https://www.sec.gov/Archives/edgar/data/1067983/000095017023004451/0000950170-23-004451-index.htm",
    "finalLink": "https://www.sec.gov/Archives/edgar/data/1067983/000095017023004451/brka-20221231.htm"
  },
  {
    "date": "2022-09-30",
    "symbol": "BRK-B",
    "reportedCurrency": "USD",
    "cik": "0001067983",
    "fillingDate": "2022-11-07",
    "acceptedDate": "2022-11-07 06:04:15",
    "calendarYear": "2022",
    "period": "Q3",
    "revenue": 76904000000,
    "costOfRevenue": 62952000000,
    "grossProfit": 13952000000,
    "grossProfitRatio": 0.1814209924,
    "researchAndDevelopmentExpenses": 0,
    "generalAndAdministrativeExpenses": 0,
    "sellingAndMarketingExpenses": 0,
    "sellingGeneralAndAdministrativeExpenses": 5268000000,
    "otherExpenses": 0,
    "operatingExpenses": 5268000000,
    "costAndExpenses": 68220000000,
    "interestIncome": 0,
    "interestExpense": 1092000000,
    "depreciationAndAmortization": 2728000000,
    "ebitda": -438000000,
    "ebitdaratio": -0.0056954125,
    "operatingIncome": 8684000000,
    "operatingIncomeRatio": 0.1129200042,
    "totalOtherIncomeExpensesNet": -12942000000,
    "incomeBeforeTax": -4258000000,
    "incomeBeforeTaxRatio": -0.0553677312,
    "incomeTaxExpense": -1560000000,
    "netIncome": -2798000000,
    "netIncomeRatio": -0.036383023,
    "eps": -1.27,
    "epsdiluted": -1.27,
    "weightedAverageShsOut": 2200418000,
    "weightedAverageShsOutDil": 2200418000,
    "link": "https://www.sec.gov/Archives/edgar/data/1067983/000095017022022287/0000950170-22-022287-index.htm",
    "finalLink": "https://www.sec.gov/Archives/edgar/data/1067983/000095017022022287/brka-20220930.htm"
  },
  {
    "date": "2022-06-30",
    "symbol": "BRK-B",
    "reportedCurrency": "USD",
    "cik": "0001067983",
    "fillingDate": "2022-08-08",
    "acceptedDate": "2022-08-08 06:04:43",
    "calendarYear": "2022",
    "period": "Q2",
    "revenue": 76201000000,
    "costOfRevenue": 59945000000,
    "grossProfit": 16256000000,
    "grossProfitRatio": 0.2133305337,
    "researchAndDevelopmentExpenses": 0,
    "generalAndAdministrativeExpenses": 0,
    "sellingAndMarketingExpenses": 0,
    "sellingGeneralAndAdministrativeExpenses": 5162000000,
    "otherExpenses": 0,
    "operatingExpenses": 5162000000,
    "costAndExpenses": 65107000000,
    "interestIncome": 0,
    "interestExpense": 1087000000,
    "depreciationAndAmortization": 2710000000,
    "ebitda": -51511000000,
    "ebitdaratio": -0.6759885041,
    "operatingIncome": 11094000000,
    "operatingIncomeRatio": 0.1455886406,
    "totalOtherIncomeExpensesNet": -66402000000,
    "incomeBeforeTax": -55308000000,
    "incomeBeforeTaxRatio": -0.7258172465,
    "incomeTaxExpense": -12066000000,
    "netIncome": -43621000000,
    "netIncomeRatio": -0.5724465558,
    "eps": -19.84,
    "epsdiluted": -19.84,
    "weightedAverageShsOut": 2205864000,
    "weightedAverageShsOutDil": 2205864000,
    "link": "https://www.sec.gov/Archives/edgar/data/1067983/000156459022028282/0001564590-22-028282-index.htm",
    "finalLink": "https://www.sec.gov/Archives/edgar/data/1067983/000156459022028282/brka-10q_20220630.htm"
  },
  {
    "date": "2022-03-31",
    "symbol": "BRK-B",
    "reportedCurrency": "USD",
    "cik": "0001067983",
    "fillingDate": "2022-05-02",
    "acceptedDate": "2022-05-02 06:04:12",
    "calendarYear": "2022",
    "period": "Q1",
    "revenue": 70843000000,
    "costOfRevenue": 56962000000,
    "grossProfit": 13881000000,
    "grossProfitRatio": 0.1959403187,
    "researchAndDevelopmentExpenses": 0,
    "generalAndAdministrativeExpenses": 0,
    "sellingAndMarketingExpenses": 0,
    "sellingGeneralAndAdministrativeExpenses": 4967000000,
    "otherExpenses": 0,
    "operatingExpenses": 4967000000,
    "costAndExpenses": 61929000000,
    "interestIncome": 0,
    "interestExpense": 1034000000,
    "depreciationAndAmortization": 2703000000,
    "ebitda": 10694000000,
    "ebitdaratio": 0.1509535169,
    "operatingIncome": 8914000000,
    "operatingIncomeRatio": 0.1258275341,
    "totalOtherIncomeExpensesNet": -1957000000,
    "incomeBeforeTax": 6957000000,
    "incomeBeforeTaxRatio": 0.0982030688,
    "incomeTaxExpense": 1252000000,
    "netIncome": 5580000000,
    "netIncomeRatio": 0.0787657214,
    "eps": 2.52,
    "epsdiluted": 2.52,
    "weightedAverageShsOut": 2212053000,
    "weightedAverageShsOutDil": 2212053000,
    "link": "https://www.sec.gov/Archives/edgar/data/1067983/000156459022016907/0001564590-22-016907-index.htm",
    "finalLink": "https://www.sec.gov/Archives/edgar/data/1067983/000156459022016907/brka-10q_20220331.htm"
  },
  {
    "date": "2021-12-31",
    "symbol": "BRK-B",
    "reportedCurrency": "USD",
    "cik": "0001067983",
    "fillingDate": "2022-02-28",
    "acceptedDate": "2022-02-28 06:04:52",
    "calendarYear": "2021",
    "period": "Q4",
    "revenue": 71798000000,
    "costOfRevenue": 57603000000,
    "grossProfit": 14195000000,
    "grossProfitRatio": 0.197707457,
    "researchAndDevelopmentExpenses": 0,
    "generalAndAdministrativeExpenses": 0,
    "sellingAndMarketingExpenses": 0,
    "sellingGeneralAndAdministrativeExpenses": 5360000000,
    "otherExpenses": 0,
    "operatingExpenses": 5360000000,
    "costAndExpenses": 62963000000,
    "interestIncome": 0,
    "interestExpense": 990000000,
    "depreciationAndAmortization": 2705000000,
    "ebitda": 52648000000,
    "ebitdaratio": 0.7332794785,
    "operatingIncome": 8835000000,
    "operatingIncomeRatio": 0.123053567,
    "totalOtherIncomeExpensesNet": 40118000000,
    "incomeBeforeTax": 48953000000,
    "incomeBeforeTaxRatio": 0.6818156495,
    "incomeTaxExpense": 9055000000,
    "netIncome": 39646000000,
    "netIncomeRatio": 0.5521880832,
    "eps": 17.79,
    "epsdiluted": 17.79,
    "weightedAverageShsOut": 2227770000,
    "weightedAverageShsOutDil": 2227770000,
    "link": "https://www.sec.gov/Archives/edgar/data/1067983/000156459022007322/0001564590-22-007322-index.htm",
    "finalLink": "https://www.sec.gov/Archives/edgar/data/1067983/000156459022007322/brka-10k_20211231.htm"
  },
  {
    "date": "2021-09-30",
    "symbol": "BRK-B",
    "reportedCurrency": "USD",
    "cik": "0001067983",
    "fillingDate": "2021-11-08",
    "acceptedDate": "2021-11-08 06:06:05",
    "calendarYear": "2021",
    "period": "Q3",
    "revenue": 70583000000,
    "costOfRevenue": 57452000000,
    "grossProfit": 13131000000,
    "grossProfitRatio": 0.1860362977,
    "researchAndDevelopmentExpenses": 0,
    "generalAndAdministrativeExpenses": 0,
    "sellingAndMarketingExpenses": 0,
    "sellingGeneralAndAdministrativeExpenses": 5153000000,
    "otherExpenses": 0,
    "operatingExpenses": 5153000000,
    "costAndExpenses": 62605000000,
    "interestIncome": 0,
    "interestExpense": 1056000000,
    "depreciationAndAmortization": 2668000000,
    "ebitda": 16208000000,
    "ebitdaratio": 0.2296303643,
    "operatingIncome": 7978000000,
    "operatingIncomeRatio": 0.1130300497,
    "totalOtherIncomeExpensesNet": 4506000000,
    "incomeBeforeTax": 12484000000,
    "incomeBeforeTaxRatio": 0.1768697845,
    "incomeTaxExpense": 1840000000,
    "netIncome": 10344000000,
    "netIncomeRatio": 0.1465508692,
    "eps": 4.59,
    "epsdiluted": 4.59,
    "weightedAverageShsOut": 2254518000,
    "weightedAverageShsOutDil": 2254518000,
    "link": "https://www.sec.gov/Archives/edgar/data/1067983/000156459021055032/0001564590-21-055032-index.htm",
    "finalLink": "https://www.sec.gov/Archives/edgar/data/1067983/000156459021055032/brka-10q_20210930.htm"
  },
  {
    "date": "2021-06-30",
    "symbol": "BRK-B",
    "reportedCurrency": "USD",
    "cik": "0001067983",
    "fillingDate": "2021-08-09",
    "acceptedDate": "2021-08-09 06:05:15",
    "calendarYear": "2021",
    "period": "Q2",
    "revenue": 69114000000,
    "costOfRevenue": 54813000000,
    "grossProfit": 14301000000,
    "grossProfitRatio": 0.2069190034,
    "researchAndDevelopmentExpenses": 0,
    "generalAndAdministrativeExpenses": 0,
    "sellingAndMarketingExpenses": 0,
    "sellingGeneralAndAdministrativeExpenses": 5000000000,
    "otherExpenses": 0,
    "operatingExpenses": 5000000000,
    "costAndExpenses": 59813000000,
    "interestIncome": 0,
    "interestExpense": 1076000000,
    "depreciationAndAmortization": 2672000000,
    "ebitda": 39469000000,
    "ebitdaratio": 0.5710709842,
    "operatingIncome": 9301000000,
    "operatingIncomeRatio": 0.1345747605,
    "totalOtherIncomeExpensesNet": 26420000000,
    "incomeBeforeTax": 35721000000,
    "incomeBeforeTaxRatio": 0.5168417397,
    "incomeTaxExpense": 7296000000,
    "netIncome": 28094000000,
    "netIncomeRatio": 0.4064878317,
    "eps": 12.33,
    "epsdiluted": 12.33,
    "weightedAverageShsOut": 2279363000,
    "weightedAverageShsOutDil": 2279363000,
    "link": "https://www.sec.gov/Archives/edgar/data/1067983/000156459021042312/0001564590-21-042312-index.htm",
    "finalLink": "https://www.sec.gov/Archives/edgar/data/1067983/000156459021042312/brka-10q_20210630.htm"
  },
  {
    "date": "2021-03-31",
    "symbol": "BRK-B",
    "reportedCurrency": "USD",
    "cik": "0001067983",
    "fillingDate": "2021-05-03",
    "acceptedDate": "2021-05-03 08:42:26",
    "calendarYear": "2021",
    "period": "Q1",
    "revenue": 64599000000,
    "costOfRevenue": 51062000000,
    "grossProfit": 13537000000,
    "grossProfitRatio": 0.2095543275,
    "researchAndDevelopmentExpenses": 0,
    "generalAndAdministrativeExpenses": 0,
    "sellingAndMarketingExpenses": 0,
    "sellingGeneralAndAdministrativeExpenses": 4630000000,
    "otherExpenses": 0,
    "operatingExpenses": 4630000000,
    "costAndExpenses": 55692000000,
    "interestIncome": 0,
    "interestExpense": 1050000000,
    "depreciationAndAmortization": 2673000000,
    "ebitda": 18251000000,
    "ebitdaratio": 0.2825275933,
    "operatingIncome": 8907000000,
    "operatingIncomeRatio": 0.1378813914,
    "totalOtherIncomeExpensesNet": 5621000000,
    "incomeBeforeTax": 14528000000,
    "incomeBeforeTaxRatio": 0.2248951222,
    "incomeTaxExpense": 2688000000,
    "netIncome": 11711000000,
    "netIncomeRatio": 0.181287636,
    "eps": 5.09,
    "epsdiluted": 5.09,
    "weightedAverageShsOut": 2299925000,
    "weightedAverageShsOutDil": 2299925000,
    "link": "https://www.sec.gov/Archives/edgar/data/1067983/000156459021022703/0001564590-21-022703-index.htm",
    "finalLink": "https://www.sec.gov/Archives/edgar/data/1067983/000156459021022703/brka-10q_20210331.htm"
  },
  {
    "date": "2020-12-31",
    "symbol": "BRK-B",
    "reportedCurrency": "USD",
    "cik": "0001067983",
    "fillingDate": "2021-03-01",
    "acceptedDate": "2021-03-01 06:22:33",
    "calendarYear": "2020",
    "period": "Q4",
    "revenue": 64381000000,
    "costOfRevenue": 52151000000,
    "grossProfit": 12230000000,
    "grossProfitRatio": 0.1899628772,
    "researchAndDevelopmentExpenses": 0,
    "generalAndAdministrativeExpenses": 0,
    "sellingAndMarketingExpenses": 0,
    "sellingGeneralAndAdministrativeExpenses": 4952000000,
    "otherExpenses": 0,
    "operatingExpenses": 4952000000,
    "costAndExpenses": 57103000000,
    "interestIncome": 0,
    "interestExpense": 1057000000,
    "depreciationAndAmortization": 2904000000,
    "ebitda": 49364000000,
    "ebitdaratio": 0.7667479536,
    "operatingIncome": 7278000000,
    "operatingIncomeRatio": 0.1130457744,
    "totalOtherIncomeExpensesNet": 38125000000,
    "incomeBeforeTax": 45403000000,
    "incomeBeforeTaxRatio": 0.7052235908,
    "incomeTaxExpense": 9273000000,
    "netIncome": 35835000000,
    "netIncomeRatio": 0.5566083161,
    "eps": 15.34,
    "epsdiluted": 15.34,
    "weightedAverageShsOut": 2335128000,
    "weightedAverageShsOutDil": 2335128000,
    "link": "https://www.sec.gov/Archives/edgar/data/1067983/000156459021009611/0001564590-21-009611-index.htm",
    "finalLink": "https://www.sec.gov/Archives/edgar/data/1067983/000156459021009611/brka-10k_20201231.htm"
  },
  {
    "date": "2020-09-30",
    "symbol": "BRK-B",
    "reportedCurrency": "USD",
    "cik": "0001067983",
    "fillingDate": "2020-11-09",
    "acceptedDate": "2020-11-09 06:08:26",
    "calendarYear": "2020",
    "period": "Q3",
    "revenue": 63024000000,
    "costOfRevenue": 50760000000,
    "grossProfit": 12264000000,
    "grossProfitRatio": 0.1945925362,
    "researchAndDevelopmentExpenses": 0,
    "generalAndAdministrativeExpenses": 0,
    "sellingAndMarketingExpenses": 0,
    "sellingGeneralAndAdministrativeExpenses": 4632000000,
    "otherExpenses": 0,
    "operatingExpenses": 4632000000,
    "costAndExpenses": 55392000000,
    "interestIncome": 0,
    "interestExpense": 1000000000,
    "depreciationAndAmortization": 2583000000,
    "ebitda": 41513000000,
    "ebitdaratio": 0.6586855801,
    "operatingIncome": 7632000000,
    "operatingIncomeRatio": 0.1210967251,
    "totalOtherIncomeExpensesNet": 30298000000,
    "incomeBeforeTax": 37930000000,
    "incomeBeforeTaxRatio": 0.6018342219,
    "incomeTaxExpense": 7517000000,
    "netIncome": 30137000000,
    "netIncomeRatio": 0.4781829144,
    "eps": 12.66,
    "epsdiluted": 12.66,
    "weightedAverageShsOut": 2380046000,
    "weightedAverageShsOutDil": 2380046000,
    "link": "https://www.sec.gov/Archives/edgar/data/1067983/000156459020052144/0001564590-20-052144-index.htm",
    "finalLink": "https://www.sec.gov/Archives/edgar/data/1067983/000156459020052144/brka-10q_20200930.htm"
  },
  {
    "date": "2020-06-30",
    "symbol": "BRK-B",
    "reportedCurrency": "USD",
    "cik": "0001067983",
    "fillingDate": "2020-08-10",
    "acceptedDate": "2020-08-10 06:03:21",
    "calendarYear": "2020",
    "period": "Q2",
    "revenue": 56840000000,
    "costOfRevenue": 44971000000,
    "grossProfit": 11869000000,
    "grossProfitRatio": 0.2088142153,
    "researchAndDevelopmentExpenses": 0,
    "generalAndAdministrativeExpenses": 0,
    "sellingAndMarketingExpenses": 0,
    "sellingGeneralAndAdministrativeExpenses": 4526000000,
    "otherExpenses": 0,
    "operatingExpenses": 4526000000,
    "costAndExpenses": 49497000000,
    "interestIncome": 0,
    "interestExpense": 1002000000,
    "depreciationAndAmortization": 2524000000,
    "ebitda": 38935000000,
    "ebitdaratio": 0.6849929627,
    "operatingIncome": 7343000000,
    "operatingIncomeRatio": 0.1291871921,
    "totalOtherIncomeExpensesNet": 28066000000,
    "incomeBeforeTax": 35409000000,
    "incomeBeforeTaxRatio": 0.6229591837,
    "incomeTaxExpense": 9002000000,
    "netIncome": 26295000000,
    "netIncomeRatio": 0.4626143561,
    "eps": 10.88,
    "epsdiluted": 10.88,
    "weightedAverageShsOut": 2417639000,
    "weightedAverageShsOutDil": 2417639000,
    "link": "https://www.sec.gov/Archives/edgar/data/1067983/000156459020038544/0001564590-20-038544-index.htm",
    "finalLink": "https://www.sec.gov/Archives/edgar/data/1067983/000156459020038544/brka-10q_20200630.htm"
  },
  {
    "date": "2020-03-31",
    "symbol": "BRK-B",
    "reportedCurrency": "USD",
    "cik": "0001067983",
    "fillingDate": "2020-05-04",
    "acceptedDate": "2020-05-04 06:07:05",
    "calendarYear": "2020",
    "period": "Q1",
    "revenue": 61265000000,
    "costOfRevenue": 48844000000,
    "grossProfit": 12421000000,
    "grossProfitRatio": 0.2027421856,
    "researchAndDevelopmentExpenses": 0,
    "generalAndAdministrativeExpenses": 0,
    "sellingAndMarketingExpenses": 0,
    "sellingGeneralAndAdministrativeExpenses": 4699000000,
    "otherExpenses": 0,
    "operatingExpenses": 4699000000,
    "costAndExpenses": 53543000000,
    "interestIncome": 0,
    "interestExpense": 1024000000,
    "depreciationAndAmortization": 2585000000,
    "ebitda": -59440000000,
    "ebitdaratio": -0.9702113768,
    "operatingIncome": 7722000000,
    "operatingIncomeRatio": 0.1260426018,
    "totalOtherIncomeExpensesNet": -70771000000,
    "incomeBeforeTax": -63049000000,
    "incomeBeforeTaxRatio": -1.0291193993,
    "incomeTaxExpense": -13352000000,
    "netIncome": -49746000000,
    "netIncomeRatio": -0.8119807394,
    "eps": -20.44,
    "epsdiluted": -20.44,
    "weightedAverageShsOut": 2434332000,
    "weightedAverageShsOutDil": 2434332000,
    "link": "https://www.sec.gov/Archives/edgar/data/1067983/000156459020020599/0001564590-20-020599-index.htm",
    "finalLink": "https://www.sec.gov/Archives/edgar/data/1067983/000156459020020599/brka-10q_20200331.htm"
  },
  {
    "date": "2019-12-31",
    "symbol": "BRK-B",
    "reportedCurrency": "USD",
    "cik": "0001067983",
    "fillingDate": "2020-02-24",
    "acceptedDate": "2020-02-24 06:23:37",
    "calendarYear": "2019",
    "period": "Q4",
    "revenue": 65368000000,
    "costOfRevenue": 53448000000,
    "grossProfit": 11920000000,
    "grossProfitRatio": 0.1823522213,
    "researchAndDevelopmentExpenses": 0,
    "generalAndAdministrativeExpenses": 0,
    "sellingAndMarketingExpenses": 0,
    "sellingGeneralAndAdministrativeExpenses": 5422000000,
    "otherExpenses": 0,
    "operatingExpenses": 5422000000,
    "costAndExpenses": 58870000000,
    "interestIncome": 0,
    "interestExpense": 993000000,
    "depreciationAndAmortization": 2657000000,
    "ebitda": 40451000000,
    "ebitdaratio": 0.6188196059,
    "operatingIncome": 6498000000,
    "operatingIncomeRatio": 0.0994064374,
    "totalOtherIncomeExpensesNet": 30303000000,
    "incomeBeforeTax": 36801000000,
    "incomeBeforeTaxRatio": 0.5629818872,
    "incomeTaxExpense": 7571000000,
    "netIncome": 29159000000,
    "netIncomeRatio": 0.4460745319,
    "eps": 11.92,
    "epsdiluted": 11.92,
    "weightedAverageShsOut": 2442111000,
    "weightedAverageShsOutDil": 2442111000,
    "link": "https://www.sec.gov/Archives/edgar/data/1067983/000156459020005874/0001564590-20-005874-index.htm",
    "finalLink": "https://www.sec.gov/Archives/edgar/data/1067983/000156459020005874/brka-10k_20191231.htm"
  },
  {
    "date": "2019-09-30",
    "symbol": "BRK-B",
    "reportedCurrency": "USD",
    "cik": "0001067983",
    "fillingDate": "2019-11-04",
    "acceptedDate": "2019-11-04 06:33:56",
    "calendarYear": "2019",
    "period": "Q3",
    "revenue": 64972000000,
    "costOfRevenue": 50684000000,
    "grossProfit": 14288000000,
    "grossProfitRatio": 0.2199101151,
    "researchAndDevelopmentExpenses": 0,
    "generalAndAdministrativeExpenses": 0,
    "sellingAndMarketingExpenses": 0,
    "sellingGeneralAndAdministrativeExpenses": 4767000000,
    "otherExpenses": 0,
    "operatingExpenses": 4767000000,
    "costAndExpenses": 55451000000,
    "interestIncome": 0,
    "interestExpense": 985000000,
    "depreciationAndAmortization": 2534000000,
    "ebitda": 24008000000,
    "ebitdaratio": 0.369513021,
    "operatingIncome": 9521000000,
    "operatingIncomeRatio": 0.146540048,
    "totalOtherIncomeExpensesNet": 10968000000,
    "incomeBeforeTax": 20489000000,
    "incomeBeforeTaxRatio": 0.3153512282,
    "incomeTaxExpense": 3832000000,
    "netIncome": 16524000000,
    "netIncomeRatio": 0.25432494,
    "eps": 6.75,
    "epsdiluted": 6.75,
    "weightedAverageShsOut": 2449502000,
    "weightedAverageShsOutDil": 2449502000,
    "link": "https://www.sec.gov/Archives/edgar/data/1067983/000095012319009995/0000950123-19-009995-index.htm",
    "finalLink": "https://www.sec.gov/Archives/edgar/data/1067983/000095012319009995/brka-10q_20190930.htm"
  },
  {
    "date": "2019-06-30",
    "symbol": "BRK-B",
    "reportedCurrency": "USD",
    "cik": "0001067983",
    "fillingDate": "2019-08-05",
    "acceptedDate": "2019-08-05 06:07:15",
    "calendarYear": "2019",
    "period": "Q2",
    "revenue": 63598000000,
    "costOfRevenue": 50190000000,
    "grossProfit": 13408000000,
    "grossProfitRatio": 0.2108242398,
    "researchAndDevelopmentExpenses": 0,
    "generalAndAdministrativeExpenses": 0,
    "sellingAndMarketingExpenses": 0,
    "sellingGeneralAndAdministrativeExpenses": 4723000000,
    "otherExpenses": 0,
    "operatingExpenses": 4723000000,
    "costAndExpenses": 54913000000,
    "interestIncome": 0,
    "interestExpense": 992000000,
    "depreciationAndAmortization": 2456000000,
    "ebitda": 21207000000,
    "ebitdaratio": 0.3334538822,
    "operatingIncome": 8685000000,
    "operatingIncomeRatio": 0.1365608981,
    "totalOtherIncomeExpensesNet": 9074000000,
    "incomeBeforeTax": 17759000000,
    "incomeBeforeTaxRatio": 0.2792383408,
    "incomeTaxExpense": 3586000000,
    "netIncome": 14073000000,
    "netIncomeRatio": 0.2212805434,
    "eps": 5.74,
    "epsdiluted": 5.74,
    "weightedAverageShsOut": 2452442000,
    "weightedAverageShsOutDil": 2452442000,
    "link": "https://www.sec.gov/Archives/edgar/data/1067983/000156459019028491/0001564590-19-028491-index.htm",
    "finalLink": "https://www.sec.gov/Archives/edgar/data/1067983/000156459019028491/brka-10q_20190630.htm"
  },
  {
    "date": "2019-03-31",
    "symbol": "BRK-B",
    "reportedCurrency": "USD",
    "cik": "0001067983",
    "fillingDate": "2019-05-06",
    "acceptedDate": "2019-05-06 06:08:27",
    "calendarYear": "2019",
    "period": "Q1",
    "revenue": 60678000000,
    "costOfRevenue": 48098000000,
    "grossProfit": 12580000000,
    "grossProfitRatio": 0.2073239065,
    "researchAndDevelopmentExpenses": 0,
    "generalAndAdministrativeExpenses": 0,
    "sellingAndMarketingExpenses": 0,
    "sellingGeneralAndAdministrativeExpenses": 4602000000,
    "otherExpenses": 0,
    "operatingExpenses": 4602000000,
    "costAndExpenses": 52700000000,
    "interestIncome": 0,
    "interestExpense": 991000000,
    "depreciationAndAmortization": 2417000000,
    "ebitda": 31055000000,
    "ebitdaratio": 0.5117999934,
    "operatingIncome": 7978000000,
    "operatingIncomeRatio": 0.1314809321,
    "totalOtherIncomeExpensesNet": 19669000000,
    "incomeBeforeTax": 27647000000,
    "incomeBeforeTaxRatio": 0.4556346617,
    "incomeTaxExpense": 5915000000,
    "netIncome": 21661000000,
    "netIncomeRatio": 0.3569827615,
    "eps": 8.81,
    "epsdiluted": 8.81,
    "weightedAverageShsOut": 2459730000,
    "weightedAverageShsOutDil": 2459730000,
    "link": "https://www.sec.gov/Archives/edgar/data/1067983/000119312519137433/0001193125-19-137433-index.htm",
    "finalLink": "https://www.sec.gov/Archives/edgar/data/1067983/000119312519137433/d728539d10q.htm"
  },
  {
    "date": "2018-12-31",
    "symbol": "BRK-B",
    "reportedCurrency": "USD",
    "cik": "0001067983",
    "fillingDate": "2019-02-25",
    "acceptedDate": "2019-02-25 06:20:28",
    "calendarYear": "2018",
    "period": "Q4",
    "revenue": 63714000000,
    "costOfRevenue": 51941000000,
    "grossProfit": 11773000000,
    "grossProfitRatio": 0.1847788555,
    "researchAndDevelopmentExpenses": 0,
    "generalAndAdministrativeExpenses": 0,
    "sellingAndMarketingExpenses": 0,
    "sellingGeneralAndAdministrativeExpenses": 4798000000,
    "otherExpenses": 0,
    "operatingExpenses": 4798000000,
    "costAndExpenses": 56739000000,
    "interestIncome": 0,
    "interestExpense": 1244000000,
    "depreciationAndAmortization": 2610000000,
    "ebitda": -28867000000,
    "ebitdaratio": -0.4530715384,
    "operatingIncome": 6975000000,
    "operatingIncomeRatio": 0.1094735851,
    "totalOtherIncomeExpensesNet": -39696000000,
    "incomeBeforeTax": -32721000000,
    "incomeBeforeTaxRatio": -0.5135605989,
    "incomeTaxExpense": -7330000000,
    "netIncome": -25392000000,
    "netIncomeRatio": -0.3985309351,
    "eps": -10.31,
    "epsdiluted": -10.31,
    "weightedAverageShsOut": 2462433000,
    "weightedAverageShsOutDil": 2462433000,
    "link": "https://www.sec.gov/Archives/edgar/data/1067983/000119312519048926/0001193125-19-048926-index.htm",
    "finalLink": "https://www.sec.gov/Archives/edgar/data/1067983/000119312519048926/d678758d10k.htm"
  },
  {
    "date": "2018-09-30",
    "symbol": "BRK-B",
    "reportedCurrency": "USD",
    "cik": "0001067983",
    "fillingDate": "2018-11-05",
    "acceptedDate": "2018-11-05 06:09:31",
    "calendarYear": "2018",
    "period": "Q3",
    "revenue": 63450000000,
    "costOfRevenue": 49881000000,
    "grossProfit": 13569000000,
    "grossProfitRatio": 0.2138534279,
    "researchAndDevelopmentExpenses": 0,
    "generalAndAdministrativeExpenses": 0,
    "sellingAndMarketingExpenses": 0,
    "sellingGeneralAndAdministrativeExpenses": 4583000000,
    "otherExpenses": 0,
    "operatingExpenses": 4583000000,
    "costAndExpenses": 54464000000,
    "interestIncome": 0,
    "interestExpense": 896000000,
    "depreciationAndAmortization": 2395000000,
    "ebitda": 26438000000,
    "ebitdaratio": 0.4166745469,
    "operatingIncome": 8986000000,
    "operatingIncomeRatio": 0.1416233255,
    "totalOtherIncomeExpensesNet": 14161000000,
    "incomeBeforeTax": 23147000000,
    "incomeBeforeTaxRatio": 0.3648069346,
    "incomeTaxExpense": 4440000000,
    "netIncome": 18540000000,
    "netIncomeRatio": 0.2921985816,
    "eps": 7.52,
    "epsdiluted": 7.52,
    "weightedAverageShsOut": 2465333000,
    "weightedAverageShsOutDil": 2465333000,
    "link": "https://www.sec.gov/Archives/edgar/data/1067983/000119312518317734/0001193125-18-317734-index.htm",
    "finalLink": "https://www.sec.gov/Archives/edgar/data/1067983/000119312518317734/d636103d10q.htm"
  },
  {
    "date": "2018-06-30",
    "symbol": "BRK-B",
    "reportedCurrency": "USD",
    "cik": "0001067983",
    "fillingDate": "2018-08-06",
    "acceptedDate": "2018-08-06 06:08:28",
    "calendarYear": "2018",
    "period": "Q2",
    "revenue": 62200000000,
    "costOfRevenue": 48602000000,
    "grossProfit": 13598000000,
    "grossProfitRatio": 0.2186173633,
    "researchAndDevelopmentExpenses": 0,
    "generalAndAdministrativeExpenses": 0,
    "sellingAndMarketingExpenses": 0,
    "sellingGeneralAndAdministrativeExpenses": 4732000000,
    "otherExpenses": 0,
    "operatingExpenses": 4732000000,
    "costAndExpenses": 53334000000,
    "interestIncome": 0,
    "interestExpense": 521000000,
    "depreciationAndAmortization": 2387000000,
    "ebitda": 18006000000,
    "ebitdaratio": 0.2894855305,
    "operatingIncome": 8866000000,
    "operatingIncomeRatio": 0.1425401929,
    "totalOtherIncomeExpensesNet": 6232000000,
    "incomeBeforeTax": 15098000000,
    "incomeBeforeTaxRatio": 0.242733119,
    "incomeTaxExpense": 3021000000,
    "netIncome": 12011000000,
    "netIncomeRatio": 0.1931028939,
    "eps": 4.87,
    "epsdiluted": 4.87,
    "weightedAverageShsOut": 2467584000,
    "weightedAverageShsOutDil": 2467584000,
    "link": "https://www.sec.gov/Archives/edgar/data/1067983/000119312518238892/0001193125-18-238892-index.htm",
    "finalLink": "https://www.sec.gov/Archives/edgar/data/1067983/000119312518238892/d370289d10q.htm"
  },
  {
    "date": "2018-03-31",
    "symbol": "BRK-B",
    "reportedCurrency": "USD",
    "cik": "0001067983",
    "fillingDate": "2018-05-07",
    "acceptedDate": "2018-05-07 06:10:47",
    "calendarYear": "2018",
    "period": "Q1",
    "revenue": 58473000000,
    "costOfRevenue": 46699000000,
    "grossProfit": 11774000000,
    "grossProfitRatio": 0.2013578917,
    "researchAndDevelopmentExpenses": 0,
    "generalAndAdministrativeExpenses": 0,
    "sellingAndMarketingExpenses": 0,
    "sellingGeneralAndAdministrativeExpenses": 4431000000,
    "otherExpenses": 0,
    "operatingExpenses": 4431000000,
    "costAndExpenses": 51130000000,
    "interestIncome": 0,
    "interestExpense": 1192000000,
    "depreciationAndAmortization": 2387000000,
    "ebitda": 2056000000,
    "ebitdaratio": 0.0351615275,
    "operatingIncome": 7343000000,
    "operatingIncomeRatio": 0.1255793272,
    "totalOtherIncomeExpensesNet": -8866000000,
    "incomeBeforeTax": -1523000000,
    "incomeBeforeTaxRatio": -0.0260462094,
    "incomeTaxExpense": -452000000,
    "netIncome": -1138000000,
    "netIncomeRatio": -0.0194619739,
    "eps": -0.46,
    "epsdiluted": -0.46,
    "weightedAverageShsOut": 2467436000,
    "weightedAverageShsOutDil": 2467436000,
    "link": "https://www.sec.gov/Archives/edgar/data/1067983/000119312518153460/0001193125-18-153460-index.htm",
    "finalLink": "https://www.sec.gov/Archives/edgar/data/1067983/000119312518153460/d539101d10q.htm"
  },
  {
    "date": "2017-12-31",
    "symbol": "BRK-B",
    "reportedCurrency": "USD",
    "cik": "0001067983",
    "fillingDate": "2018-02-26",
    "acceptedDate": "2018-02-26 06:12:56",
    "calendarYear": "2017",
    "period": "Q4",
    "revenue": 58800000000,
    "costOfRevenue": 48422000000,
    "grossProfit": 10378000000,
    "grossProfitRatio": 0.1764965986,
    "researchAndDevelopmentExpenses": 0,
    "generalAndAdministrativeExpenses": 0,
    "sellingAndMarketingExpenses": 498000000,
    "sellingGeneralAndAdministrativeExpenses": 4716000000,
    "otherExpenses": 0,
    "operatingExpenses": 4716000000,
    "costAndExpenses": 53138000000,
    "interestIncome": 0,
    "interestExpense": 586000000,
    "depreciationAndAmortization": 2353000000,
    "ebitda": 9330000000,
    "ebitdaratio": 0.1586734694,
    "operatingIncome": 5662000000,
    "operatingIncomeRatio": 0.096292517,
    "totalOtherIncomeExpensesNet": 729000000,
    "incomeBeforeTax": 6391000000,
    "incomeBeforeTaxRatio": 0.1086904762,
    "incomeTaxExpense": -26265000000,
    "netIncome": 32551000000,
    "netIncomeRatio": 0.5535884354,
    "eps": 13.2,
    "epsdiluted": 13.19,
    "weightedAverageShsOut": 2467196000,
    "weightedAverageShsOutDil": 2467269000,
    "link": "https://www.sec.gov/Archives/edgar/data/1067983/000119312518057033/0001193125-18-057033-index.htm",
    "finalLink": "https://www.sec.gov/Archives/edgar/data/1067983/000119312518057033/d437858d10k.htm"
  },
  {
    "date": "2017-09-30",
    "symbol": "BRK-B",
    "reportedCurrency": "USD",
    "cik": "0001067983",
    "fillingDate": "2017-11-03",
    "acceptedDate": "2017-11-03 16:17:23",
    "calendarYear": "2017",
    "period": "Q3",
    "revenue": 59507000000,
    "costOfRevenue": 49418000000,
    "grossProfit": 10089000000,
    "grossProfitRatio": 0.169543079,
    "researchAndDevelopmentExpenses": 0,
    "generalAndAdministrativeExpenses": 0,
    "sellingAndMarketingExpenses": 531000000,
    "sellingGeneralAndAdministrativeExpenses": 4245000000,
    "otherExpenses": 0,
    "operatingExpenses": 4245000000,
    "costAndExpenses": 53663000000,
    "interestIncome": 0,
    "interestExpense": 1233000000,
    "depreciationAndAmortization": 2296000000,
    "ebitda": 9159000000,
    "ebitdaratio": 0.1539146655,
    "operatingIncome": 5844000000,
    "operatingIncomeRatio": 0.0982069336,
    "totalOtherIncomeExpensesNet": -214000000,
    "incomeBeforeTax": 5630000000,
    "incomeBeforeTaxRatio": 0.0946107181,
    "incomeTaxExpense": 1427000000,
    "netIncome": 4067000000,
    "netIncomeRatio": 0.0683449006,
    "eps": 1.65,
    "epsdiluted": 1.65,
    "weightedAverageShsOut": 2466984000,
    "weightedAverageShsOutDil": 2466984000,
    "link": "https://www.sec.gov/Archives/edgar/data/1067983/000119312517332829/0001193125-17-332829-index.htm",
    "finalLink": "https://www.sec.gov/Archives/edgar/data/1067983/000119312517332829/d473873d10q.htm"
  },
  {
    "date": "2017-06-30",
    "symbol": "BRK-B",
    "reportedCurrency": "USD",
    "cik": "0001067983",
    "fillingDate": "2017-08-04",
    "acceptedDate": "2017-08-04 17:02:28",
    "calendarYear": "2017",
    "period": "Q2",
    "revenue": 57256000000,
    "costOfRevenue": 45709000000,
    "grossProfit": 11547000000,
    "grossProfitRatio": 0.2016731871,
    "researchAndDevelopmentExpenses": 0,
    "generalAndAdministrativeExpenses": 0,
    "sellingAndMarketingExpenses": 469000000,
    "sellingGeneralAndAdministrativeExpenses": 4387000000,
    "otherExpenses": 0,
    "operatingExpenses": 4387000000,
    "costAndExpenses": 50096000000,
    "interestIncome": 0,
    "interestExpense": 1500000000,
    "depreciationAndAmortization": 2296000000,
    "ebitda": 9925000000,
    "ebitdaratio": 0.1733442783,
    "operatingIncome": 7160000000,
    "operatingIncomeRatio": 0.1250523963,
    "totalOtherIncomeExpensesNet": -1031000000,
    "incomeBeforeTax": 6129000000,
    "incomeBeforeTaxRatio": 0.1070455498,
    "incomeTaxExpense": 1774000000,
    "netIncome": 4262000000,
    "netIncomeRatio": 0.0744376135,
    "eps": 1.73,
    "epsdiluted": 1.73,
    "weightedAverageShsOut": 2466869000,
    "weightedAverageShsOutDil": 2466869000,
    "link": "https://www.sec.gov/Archives/edgar/data/1067983/000119312517248832/0001193125-17-248832-index.htm",
    "finalLink": "https://www.sec.gov/Archives/edgar/data/1067983/000119312517248832/d415768d10q.htm"
  },
  {
    "date": "2017-03-31",
    "symbol": "BRK-B",
    "reportedCurrency": "USD",
    "cik": "0001067983",
    "fillingDate": "2017-05-05",
    "acceptedDate": "2017-05-05 16:32:23",
    "calendarYear": "2017",
    "period": "Q1",
    "revenue": 64412000000,
    "costOfRevenue": 54113000000,
    "grossProfit": 10299000000,
    "grossProfitRatio": 0.1598925666,
    "researchAndDevelopmentExpenses": 0,
    "generalAndAdministrativeExpenses": 0,
    "sellingAndMarketingExpenses": 442000000,
    "sellingGeneralAndAdministrativeExpenses": 4534000000,
    "otherExpenses": 0,
    "operatingExpenses": 4534000000,
    "costAndExpenses": 58647000000,
    "interestIncome": 0,
    "interestExpense": 1067000000,
    "depreciationAndAmortization": 2243000000,
    "ebitda": 8998000000,
    "ebitdaratio": 0.1396944669,
    "operatingIncome": 5765000000,
    "operatingIncomeRatio": 0.0895019562,
    "totalOtherIncomeExpensesNet": -77000000,
    "incomeBeforeTax": 5688000000,
    "incomeBeforeTaxRatio": 0.0883065267,
    "incomeTaxExpense": 1549000000,
    "netIncome": 4060000000,
    "netIncomeRatio": 0.0630317332,
    "eps": 1.65,
    "epsdiluted": 1.65,
    "weightedAverageShsOut": 2466636000,
    "weightedAverageShsOutDil": 2466636000,
    "link": "https://www.sec.gov/Archives/edgar/data/1067983/000119312517160889/0001193125-17-160889-index.htm",
    "finalLink": "https://www.sec.gov/Archives/edgar/data/1067983/000119312517160889/d364161d10q.htm"
  },
  {
    "date": "2016-12-31",
    "symbol": "BRK-B",
    "reportedCurrency": "USD",
    "cik": "0001067983",
    "fillingDate": "2017-02-27",
    "acceptedDate": "2017-02-24 21:03:56",
    "calendarYear": "2016",
    "period": "Q4",
    "revenue": 54699000000,
    "costOfRevenue": 43559000000,
    "grossProfit": 11140000000,
    "grossProfitRatio": 0.2036600303,
    "researchAndDevelopmentExpenses": 0,
    "generalAndAdministrativeExpenses": 0,
    "sellingAndMarketingExpenses": 438000000,
    "sellingGeneralAndAdministrativeExpenses": 5169000000,
    "otherExpenses": 0,
    "operatingExpenses": 5169000000,
    "costAndExpenses": 48728000000,
    "interestIncome": 0,
    "interestExpense": 554000000,
    "depreciationAndAmortization": 2296000000,
    "ebitda": 11241000000,
    "ebitdaratio": 0.2055064992,
    "operatingIncome": 5971000000,
    "operatingIncomeRatio": 0.109161045,
    "totalOtherIncomeExpensesNet": 3343000000,
    "incomeBeforeTax": 9314000000,
    "incomeBeforeTaxRatio": 0.170277336,
    "incomeTaxExpense": 2959000000,
    "netIncome": 6286000000,
    "netIncomeRatio": 0.114919834,
    "eps": 2.55,
    "epsdiluted": 2.55,
    "weightedAverageShsOut": 2466233000,
    "weightedAverageShsOutDil": 2466481000,
    "link": "https://www.sec.gov/Archives/edgar/data/1067983/000119312517056969/0001193125-17-056969-index.htm",
    "finalLink": "https://www.sec.gov/Archives/edgar/data/1067983/000119312517056969/d303001d10k.htm"
  },
  {
    "date": "2016-09-30",
    "symbol": "BRK-B",
    "reportedCurrency": "USD",
    "cik": "0001067983",
    "fillingDate": "2016-11-04",
    "acceptedDate": "2016-11-04 16:17:28",
    "calendarYear": "2016",
    "period": "Q3",
    "revenue": 55460000000,
    "costOfRevenue": 43076000000,
    "grossProfit": 12384000000,
    "grossProfitRatio": 0.2232960692,
    "researchAndDevelopmentExpenses": 0,
    "generalAndAdministrativeExpenses": 0,
    "sellingAndMarketingExpenses": 465000000,
    "sellingGeneralAndAdministrativeExpenses": 4424000000,
    "otherExpenses": 0,
    "operatingExpenses": 4424000000,
    "costAndExpenses": 47500000000,
    "interestIncome": 0,
    "interestExpense": 1043000000,
    "depreciationAndAmortization": 2246000000,
    "ebitda": 13814000000,
    "ebitdaratio": 0.2490804183,
    "operatingIncome": 7960000000,
    "operatingIncomeRatio": 0.1435268662,
    "totalOtherIncomeExpensesNet": 2565000000,
    "incomeBeforeTax": 10525000000,
    "incomeBeforeTaxRatio": 0.1897764154,
    "incomeTaxExpense": 3192000000,
    "netIncome": 7198000000,
    "netIncomeRatio": 0.129787234,
    "eps": 2.92,
    "epsdiluted": 2.92,
    "weightedAverageShsOut": 2465868000,
    "weightedAverageShsOutDil": 2465868000,
    "link": "https://www.sec.gov/Archives/edgar/data/1067983/000119312516760194/0001193125-16-760194-index.htm",
    "finalLink": "https://www.sec.gov/Archives/edgar/data/1067983/000119312516760194/d268144d10q.htm"
  },
  {
    "date": "2016-06-30",
    "symbol": "BRK-B",
    "reportedCurrency": "USD",
    "cik": "0001067983",
    "fillingDate": "2016-08-05",
    "acceptedDate": "2016-08-05 16:17:28",
    "calendarYear": "2016",
    "period": "Q2",
    "revenue": 54440000000,
    "costOfRevenue": 32768000000,
    "grossProfit": 21672000000,
    "grossProfitRatio": 0.39808964,
    "researchAndDevelopmentExpenses": 0,
    "generalAndAdministrativeExpenses": 4066000000,
    "sellingAndMarketingExpenses": 443000000,
    "sellingGeneralAndAdministrativeExpenses": 4509000000,
    "otherExpenses": 9997000000,
    "operatingExpenses": 14506000000,
    "costAndExpenses": 47068000000,
    "interestIncome": 1822000000,
    "interestExpense": 727000000,
    "depreciationAndAmortization": 2234000000,
    "ebitda": 10333000000,
    "ebitdaratio": 0.1898052902,
    "operatingIncome": 7166000000,
    "operatingIncomeRatio": 0.1316311536,
    "totalOtherIncomeExpensesNet": 206000000,
    "incomeBeforeTax": 7372000000,
    "incomeBeforeTaxRatio": 0.1354151359,
    "incomeTaxExpense": 2290000000,
    "netIncome": 5001000000,
    "netIncomeRatio": 0.091862601,
    "eps": 2.03,
    "epsdiluted": 2.03,
    "weightedAverageShsOut": 2465616000,
    "weightedAverageShsOutDil": 2465616000,
    "link": "https://www.sec.gov/Archives/edgar/data/1067983/000119312516673492/0001193125-16-673492-index.htm",
    "finalLink": "https://www.sec.gov/Archives/edgar/data/1067983/000119312516673492/d210900d10q.htm"
  },
  {
    "date": "2016-03-31",
    "symbol": "BRK-B",
    "reportedCurrency": "USD",
    "cik": "0001067983",
    "fillingDate": "2016-05-06",
    "acceptedDate": "2016-05-06 16:12:04",
    "calendarYear": "2016",
    "period": "Q1",
    "revenue": 53213000000,
    "costOfRevenue": 31495000000,
    "grossProfit": 21718000000,
    "grossProfitRatio": 0.4081333509,
    "researchAndDevelopmentExpenses": 0,
    "generalAndAdministrativeExpenses": 3722000000,
    "sellingAndMarketingExpenses": 393000000,
    "sellingGeneralAndAdministrativeExpenses": 4115000000,
    "otherExpenses": 11387000000,
    "operatingExpenses": 15502000000,
    "costAndExpenses": 45707000000,
    "interestIncome": 1483000000,
    "interestExpense": 1173000000,
    "depreciationAndAmortization": 2125000000,
    "ebitda": 9754000000,
    "ebitdaratio": 0.183301073,
    "operatingIncome": 6456000000,
    "operatingIncomeRatio": 0.1213237367,
    "totalOtherIncomeExpensesNet": 0,
    "incomeBeforeTax": 6456000000,
    "incomeBeforeTaxRatio": 0.1213237367,
    "incomeTaxExpense": 799000000,
    "netIncome": 5589000000,
    "netIncomeRatio": 0.1050307256,
    "eps": 2.27,
    "epsdiluted": 2.27,
    "weightedAverageShsOut": 2465229000,
    "weightedAverageShsOutDil": 2465229000,
    "link": "https://www.sec.gov/Archives/edgar/data/1067983/000119312516582004/0001193125-16-582004-index.htm",
    "finalLink": "https://www.sec.gov/Archives/edgar/data/1067983/000119312516582004/d174504d10q.htm"
  },
  {
    "date": "2015-12-31",
    "symbol": "BRK-B",
    "reportedCurrency": "USD",
    "cik": "0001067983",
    "fillingDate": "2016-02-29",
    "acceptedDate": "2016-02-26 21:02:20",
    "calendarYear": "2015",
    "period": "Q4",
    "revenue": 51226000000,
    "costOfRevenue": 30217000000,
    "grossProfit": 21009000000,
    "grossProfitRatio": 0.4101237653,
    "researchAndDevelopmentExpenses": 0,
    "generalAndAdministrativeExpenses": 3546000000,
    "sellingAndMarketingExpenses": 410000000,
    "sellingGeneralAndAdministrativeExpenses": 3956000000,
    "otherExpenses": 9672000000,
    "operatingExpenses": 13628000000,
    "costAndExpenses": 43084000000,
    "interestIncome": 1910000000,
    "interestExpense": 808000000,
    "depreciationAndAmortization": 1978000000,
    "ebitda": 10167000000,
    "ebitdaratio": 0.1984734315,
    "operatingIncome": 7381000000,
    "operatingIncomeRatio": 0.1440869871,
    "totalOtherIncomeExpensesNet": 0,
    "incomeBeforeTax": 7381000000,
    "incomeBeforeTaxRatio": 0.1440869871,
    "incomeTaxExpense": 1834000000,
    "netIncome": 5478000000,
    "netIncomeRatio": 0.1069378831,
    "eps": 2.22,
    "epsdiluted": 2.22,
    "weightedAverageShsOut": 2465066000,
    "weightedAverageShsOutDil": 2465089000,
    "link": "https://www.sec.gov/Archives/edgar/data/1067983/000119312516483023/0001193125-16-483023-index.htm",
    "finalLink": "https://www.sec.gov/Archives/edgar/data/1067983/000119312516483023/d103603d10k.htm"
  },
  {
    "date": "2015-09-30",
    "symbol": "BRK-B",
    "reportedCurrency": "USD",
    "cik": "0001067983",
    "fillingDate": "2015-11-06",
    "acceptedDate": "2015-11-06 16:17:04",
    "calendarYear": "2015",
    "period": "Q3",
    "revenue": 59753000000,
    "costOfRevenue": 30293000000,
    "grossProfit": 29460000000,
    "grossProfitRatio": 0.4930296387,
    "researchAndDevelopmentExpenses": 0,
    "generalAndAdministrativeExpenses": 3721000000,
    "sellingAndMarketingExpenses": 409000000,
    "sellingGeneralAndAdministrativeExpenses": 4130000000,
    "otherExpenses": 11258000000,
    "operatingExpenses": 15388000000,
    "costAndExpenses": 45681000000,
    "interestIncome": 1461000000,
    "interestExpense": 865000000,
    "depreciationAndAmortization": 1989000000,
    "ebitda": 16926000000,
    "ebitdaratio": 0.2832661122,
    "operatingIncome": 14072000000,
    "operatingIncomeRatio": 0.2355028199,
    "totalOtherIncomeExpensesNet": -865000000,
    "incomeBeforeTax": 14072000000,
    "incomeBeforeTaxRatio": 0.2355028199,
    "incomeTaxExpense": 4545000000,
    "netIncome": 9428000000,
    "netIncomeRatio": 0.1577828728,
    "eps": 3.82,
    "epsdiluted": 3.82,
    "weightedAverageShsOut": 2464973000,
    "weightedAverageShsOutDil": 2464973000,
    "link": "https://www.sec.gov/Archives/edgar/data/1067983/000119312515370187/0001193125-15-370187-index.htm",
    "finalLink": "https://www.sec.gov/Archives/edgar/data/1067983/000119312515370187/d52687d10q.htm"
  },
  {
    "date": "2015-06-30",
    "symbol": "BRK-B",
    "reportedCurrency": "USD",
    "cik": "0001067983",
    "fillingDate": "2015-08-07",
    "acceptedDate": "2015-08-07 17:06:28",
    "calendarYear": "2015",
    "period": "Q2",
    "revenue": 51542000000,
    "costOfRevenue": 31019000000,
    "grossProfit": 20523000000,
    "grossProfitRatio": 0.3981801249,
    "researchAndDevelopmentExpenses": 0,
    "generalAndAdministrativeExpenses": 3378000000,
    "sellingAndMarketingExpenses": 402000000,
    "sellingGeneralAndAdministrativeExpenses": 3780000000,
    "otherExpenses": 10897000000,
    "operatingExpenses": 14677000000,
    "costAndExpenses": 45696000000,
    "interestIncome": 1739000000,
    "interestExpense": 967000000,
    "depreciationAndAmortization": 1941000000,
    "ebitda": 8754000000,
    "ebitdaratio": 0.1698420705,
    "operatingIncome": 5846000000,
    "operatingIncomeRatio": 0.1134220636,
    "totalOtherIncomeExpensesNet": 0,
    "incomeBeforeTax": 5846000000,
    "incomeBeforeTaxRatio": 0.1134220636,
    "incomeTaxExpense": 1739000000,
    "netIncome": 4013000000,
    "netIncomeRatio": 0.0778588336,
    "eps": 1.63,
    "epsdiluted": 1.63,
    "weightedAverageShsOut": 2464625000,
    "weightedAverageShsOutDil": 2464625000,
    "link": "https://www.sec.gov/Archives/edgar/data/1067983/000119312515283231/0001193125-15-283231-index.htm",
    "finalLink": "https://www.sec.gov/Archives/edgar/data/1067983/000119312515283231/d940652d10q.htm"
  },
  {
    "date": "2015-03-31",
    "symbol": "BRK-B",
    "reportedCurrency": "USD",
    "cik": "0001067983",
    "fillingDate": "2015-05-01",
    "acceptedDate": "2015-05-01 17:06:18",
    "calendarYear": "2015",
    "period": "Q1",
    "revenue": 47326000000,
    "costOfRevenue": 27440000000,
    "grossProfit": 19886000000,
    "grossProfitRatio": 0.4201918607,
    "researchAndDevelopmentExpenses": 0,
    "generalAndAdministrativeExpenses": 3078000000,
    "sellingAndMarketingExpenses": 365000000,
    "sellingGeneralAndAdministrativeExpenses": 3443000000,
    "otherExpenses": 8796000000,
    "operatingExpenses": 12239000000,
    "costAndExpenses": 39679000000,
    "interestIncome": 1635000000,
    "interestExpense": 875000000,
    "depreciationAndAmortization": 1871000000,
    "ebitda": 10393000000,
    "ebitdaratio": 0.2196044458,
    "operatingIncome": 7647000000,
    "operatingIncomeRatio": 0.1615813718,
    "totalOtherIncomeExpensesNet": 0,
    "incomeBeforeTax": 7647000000,
    "incomeBeforeTaxRatio": 0.1615813718,
    "incomeTaxExpense": 2414000000,
    "netIncome": 5164000000,
    "netIncomeRatio": 0.1091154968,
    "eps": 2.1,
    "epsdiluted": 2.1,
    "weightedAverageShsOut": 2464425000,
    "weightedAverageShsOutDil": 2464425000,
    "link": "https://www.sec.gov/Archives/edgar/data/1067983/000119312515166595/0001193125-15-166595-index.htm",
    "finalLink": "https://www.sec.gov/Archives/edgar/data/1067983/000119312515166595/d906176d10q.htm"
  },
  {
    "date": "2014-12-31",
    "symbol": "BRK-B",
    "reportedCurrency": "USD",
    "cik": "0001067983",
    "fillingDate": "2015-03-02",
    "acceptedDate": "2015-02-27 21:32:25",
    "calendarYear": "2014",
    "period": "Q4",
    "revenue": 48402000000,
    "costOfRevenue": 28083000000,
    "grossProfit": 20319000000,
    "grossProfitRatio": 0.4197967026,
    "researchAndDevelopmentExpenses": 0,
    "generalAndAdministrativeExpenses": 3353000000,
    "sellingAndMarketingExpenses": 379000000,
    "sellingGeneralAndAdministrativeExpenses": 3732000000,
    "otherExpenses": 10746000000,
    "operatingExpenses": 14478000000,
    "costAndExpenses": 42561000000,
    "interestIncome": 1550000000,
    "interestExpense": 830000000,
    "depreciationAndAmortization": 1934000000,
    "ebitda": 8605000000,
    "ebitdaratio": 0.1777819098,
    "operatingIncome": 5841000000,
    "operatingIncomeRatio": 0.1206768315,
    "totalOtherIncomeExpensesNet": 0,
    "incomeBeforeTax": 5841000000,
    "incomeBeforeTaxRatio": 0.1206768315,
    "incomeTaxExpense": 1623000000,
    "netIncome": 4155000000,
    "netIncomeRatio": 0.0858435602,
    "eps": 1.69,
    "epsdiluted": 1.69,
    "weightedAverageShsOut": 2464278000,
    "weightedAverageShsOutDil": 2464363000,
    "link": "https://www.sec.gov/Archives/edgar/data/1067983/000119312515070966/0001193125-15-070966-index.htm",
    "finalLink": "https://www.sec.gov/Archives/edgar/data/1067983/000119312515070966/d820461d10k.htm"
  },
  {
    "date": "2014-09-30",
    "symbol": "BRK-B",
    "reportedCurrency": "USD",
    "cik": "0001067983",
    "fillingDate": "2014-11-07",
    "acceptedDate": "2014-11-07 17:01:47",
    "calendarYear": "2014",
    "period": "Q3",
    "revenue": 50941000000,
    "costOfRevenue": 30556000000,
    "grossProfit": 20385000000,
    "grossProfitRatio": 0.4001688228,
    "researchAndDevelopmentExpenses": 0,
    "generalAndAdministrativeExpenses": 2991000000,
    "sellingAndMarketingExpenses": 393000000,
    "sellingGeneralAndAdministrativeExpenses": 3384000000,
    "otherExpenses": 10251000000,
    "operatingExpenses": 13635000000,
    "costAndExpenses": 44191000000,
    "interestIncome": 1503000000,
    "interestExpense": 817000000,
    "depreciationAndAmortization": 1854000000,
    "ebitda": 9421000000,
    "ebitdaratio": 0.1849394397,
    "operatingIncome": 6750000000,
    "operatingIncomeRatio": 0.1325062327,
    "totalOtherIncomeExpensesNet": 0,
    "incomeBeforeTax": 6750000000,
    "incomeBeforeTaxRatio": 0.1325062327,
    "incomeTaxExpense": 2029000000,
    "netIncome": 4617000000,
    "netIncomeRatio": 0.0906342632,
    "eps": 1.87,
    "epsdiluted": 1.87,
    "weightedAverageShsOut": 2463836000,
    "weightedAverageShsOutDil": 2463836000,
    "link": "https://www.sec.gov/Archives/edgar/data/1067983/000119312514403605/0001193125-14-403605-index.htm",
    "finalLink": "https://www.sec.gov/Archives/edgar/data/1067983/000119312514403605/d796179d10q.htm"
  },
  {
    "date": "2014-06-30",
    "symbol": "BRK-B",
    "reportedCurrency": "USD",
    "cik": "0001067983",
    "fillingDate": "2014-08-01",
    "acceptedDate": "2014-08-01 17:01:16",
    "calendarYear": "2014",
    "period": "Q2",
    "revenue": 49607000000,
    "costOfRevenue": 26884000000,
    "grossProfit": 22723000000,
    "grossProfitRatio": 0.4580603544,
    "researchAndDevelopmentExpenses": 0,
    "generalAndAdministrativeExpenses": 2966000000,
    "sellingAndMarketingExpenses": 423000000,
    "sellingGeneralAndAdministrativeExpenses": 3389000000,
    "otherExpenses": 10418000000,
    "operatingExpenses": 13807000000,
    "costAndExpenses": 40691000000,
    "interestIncome": 1912000000,
    "interestExpense": 824000000,
    "depreciationAndAmortization": 1810000000,
    "ebitda": 11550000000,
    "ebitdaratio": 0.2328300441,
    "operatingIncome": 8916000000,
    "operatingIncomeRatio": 0.179732699,
    "totalOtherIncomeExpensesNet": 0,
    "incomeBeforeTax": 8916000000,
    "incomeBeforeTaxRatio": 0.179732699,
    "incomeTaxExpense": 2458000000,
    "netIncome": 6395000000,
    "netIncomeRatio": 0.1289132582,
    "eps": 2.59,
    "epsdiluted": 2.59,
    "weightedAverageShsOut": 2466554000,
    "weightedAverageShsOutDil": 2466554000,
    "link": "https://www.sec.gov/Archives/edgar/data/1067983/000119312514291724/0001193125-14-291724-index.htm",
    "finalLink": "https://www.sec.gov/Archives/edgar/data/1067983/000119312514291724/d747143d10q.htm"
  },
  {
    "date": "2014-03-31",
    "symbol": "BRK-B",
    "reportedCurrency": "USD",
    "cik": "0001067983",
    "fillingDate": "2014-05-02",
    "acceptedDate": "2014-05-02 17:01:07",
    "calendarYear": "2014",
    "period": "Q1",
    "revenue": 45217000000,
    "costOfRevenue": 24937000000,
    "grossProfit": 20280000000,
    "grossProfitRatio": 0.4485038813,
    "researchAndDevelopmentExpenses": 0,
    "generalAndAdministrativeExpenses": 2888000000,
    "sellingAndMarketingExpenses": 377000000,
    "sellingGeneralAndAdministrativeExpenses": 3265000000,
    "otherExpenses": 10417000000,
    "operatingExpenses": 13682000000,
    "costAndExpenses": 38619000000,
    "interestIncome": 1493000000,
    "interestExpense": 782000000,
    "depreciationAndAmortization": 1772000000,
    "ebitda": 9152000000,
    "ebitdaratio": 0.2024017516,
    "operatingIncome": 6598000000,
    "operatingIncomeRatio": 0.1459185704,
    "totalOtherIncomeExpensesNet": 0,
    "incomeBeforeTax": 6598000000,
    "incomeBeforeTaxRatio": 0.1459185704,
    "incomeTaxExpense": 1825000000,
    "netIncome": 4705000000,
    "netIncomeRatio": 0.1040537851,
    "eps": 1.91,
    "epsdiluted": 1.91,
    "weightedAverageShsOut": 2466087000,
    "weightedAverageShsOutDil": 2466087000,
    "link": "https://www.sec.gov/Archives/edgar/data/1067983/000119312514180321/0001193125-14-180321-index.htm",
    "finalLink": "https://www.sec.gov/Archives/edgar/data/1067983/000119312514180321/d706591d10q.htm"
  },
  {
    "date": "2013-12-31",
    "symbol": "BRK-B",
    "reportedCurrency": "USD",
    "cik": "0001067983",
    "fillingDate": "2014-03-03",
    "acceptedDate": "2014-03-03 06:08:50",
    "calendarYear": "2013",
    "period": "Q4",
    "revenue": 46535000000,
    "costOfRevenue": 26566000000,
    "grossProfit": 19969000000,
    "grossProfitRatio": 0.4291178683,
    "researchAndDevelopmentExpenses": 0,
    "generalAndAdministrativeExpenses": 3228000000,
    "sellingAndMarketingExpenses": 0,
    "sellingGeneralAndAdministrativeExpenses": 3228000000,
    "otherExpenses": 9509000000,
    "operatingExpenses": 12737000000,
    "costAndExpenses": 37867000000,
    "interestIncome": 1644000000,
    "interestExpense": 718000000,
    "depreciationAndAmortization": 2472000000,
    "ebitda": 10422000000,
    "ebitdaratio": 0.2239604599,
    "operatingIncome": 7232000000,
    "operatingIncomeRatio": 0.1554099065,
    "totalOtherIncomeExpensesNet": 0,
    "incomeBeforeTax": 7232000000,
    "incomeBeforeTaxRatio": 0.1554099065,
    "incomeTaxExpense": 2169000000,
    "netIncome": 4990000000,
    "netIncomeRatio": 0.1072311164,
    "eps": 2.02,
    "epsdiluted": 2.02,
    "weightedAverageShsOut": 2465828000,
    "weightedAverageShsOutDil": 2465930000,
    "link": "https://www.sec.gov/Archives/edgar/data/1067983/000119312514078778/0001193125-14-078778-index.htm",
    "finalLink": "https://www.sec.gov/Archives/edgar/data/1067983/000119312514078778/d656225d10k.htm"
  },
  {
    "date": "2013-09-30",
    "symbol": "BRK-B",
    "reportedCurrency": "USD",
    "cik": "0001067983",
    "fillingDate": "2013-11-01",
    "acceptedDate": "2013-11-01 17:01:06",
    "calendarYear": "2013",
    "period": "Q3",
    "revenue": 46114000000,
    "costOfRevenue": 26166000000,
    "grossProfit": 19948000000,
    "grossProfitRatio": 0.4325801275,
    "researchAndDevelopmentExpenses": 0,
    "generalAndAdministrativeExpenses": 2860000000,
    "sellingAndMarketingExpenses": 388000000,
    "sellingGeneralAndAdministrativeExpenses": 3248000000,
    "otherExpenses": 9322000000,
    "operatingExpenses": 12570000000,
    "costAndExpenses": 38736000000,
    "interestIncome": 1460000000,
    "interestExpense": 706000000,
    "depreciationAndAmortization": 1616000000,
    "ebitda": 9700000000,
    "ebitdaratio": 0.2103482673,
    "operatingIncome": 7378000000,
    "operatingIncomeRatio": 0.1599947955,
    "totalOtherIncomeExpensesNet": 0,
    "incomeBeforeTax": 7378000000,
    "incomeBeforeTaxRatio": 0.1599947955,
    "incomeTaxExpense": 2225000000,
    "netIncome": 5053000000,
    "netIncomeRatio": 0.1095762675,
    "eps": 2.05,
    "epsdiluted": 2.05,
    "weightedAverageShsOut": 2465667000,
    "weightedAverageShsOutDil": 2465667000,
    "link": "https://www.sec.gov/Archives/edgar/data/1067983/000119312513423169/0001193125-13-423169-index.htm",
    "finalLink": "https://www.sec.gov/Archives/edgar/data/1067983/000119312513423169/d608962d10q.htm"
  },
  {
    "date": "2013-06-30",
    "symbol": "BRK-B",
    "reportedCurrency": "USD",
    "cik": "0001067983",
    "fillingDate": "2013-08-02",
    "acceptedDate": "2013-08-02 17:04:11",
    "calendarYear": "2013",
    "period": "Q2",
    "revenue": 44232000000,
    "costOfRevenue": 25427000000,
    "grossProfit": 18805000000,
    "grossProfitRatio": 0.4251446916,
    "researchAndDevelopmentExpenses": 0,
    "generalAndAdministrativeExpenses": 2878000000,
    "sellingAndMarketingExpenses": 407000000,
    "sellingGeneralAndAdministrativeExpenses": 3285000000,
    "otherExpenses": 8629000000,
    "operatingExpenses": 11914000000,
    "costAndExpenses": 37341000000,
    "interestIncome": 1952000000,
    "interestExpense": 691000000,
    "depreciationAndAmortization": 1616000000,
    "ebitda": 9198000000,
    "ebitdaratio": 0.2079489962,
    "operatingIncome": 6891000000,
    "operatingIncomeRatio": 0.1557921867,
    "totalOtherIncomeExpensesNet": 0,
    "incomeBeforeTax": 6891000000,
    "incomeBeforeTaxRatio": 0.1557921867,
    "incomeTaxExpense": 2279000000,
    "netIncome": 4541000000,
    "netIncomeRatio": 0.1026632302,
    "eps": 1.84,
    "epsdiluted": 1.84,
    "weightedAverageShsOut": 2465397000,
    "weightedAverageShsOutDil": 2465397000,
    "link": "https://www.sec.gov/Archives/edgar/data/1067983/000119312513317399/0001193125-13-317399-index.htm",
    "finalLink": "https://www.sec.gov/Archives/edgar/data/1067983/000119312513317399/d562133d10q.htm"
  },
  {
    "date": "2013-03-31",
    "symbol": "BRK-B",
    "reportedCurrency": "USD",
    "cik": "0001067983",
    "fillingDate": "2013-05-03",
    "acceptedDate": "2013-05-03 17:05:12",
    "calendarYear": "2013",
    "period": "Q1",
    "revenue": 42661000000,
    "costOfRevenue": 24424000000,
    "grossProfit": 18237000000,
    "grossProfitRatio": 0.427486463,
    "researchAndDevelopmentExpenses": 0,
    "generalAndAdministrativeExpenses": 2814000000,
    "sellingAndMarketingExpenses": 396000000,
    "sellingGeneralAndAdministrativeExpenses": 3210000000,
    "otherExpenses": 7732000000,
    "operatingExpenses": 10942000000,
    "costAndExpenses": 35366000000,
    "interestIncome": 1352000000,
    "interestExpense": 686000000,
    "depreciationAndAmortization": 1601000000,
    "ebitda": 9582000000,
    "ebitdaratio": 0.2246079557,
    "operatingIncome": 7295000000,
    "operatingIncomeRatio": 0.1709992733,
    "totalOtherIncomeExpensesNet": 0,
    "incomeBeforeTax": 7295000000,
    "incomeBeforeTaxRatio": 0.1709992733,
    "incomeTaxExpense": 2278000000,
    "netIncome": 4892000000,
    "netIncomeRatio": 0.1146714798,
    "eps": 1.98,
    "epsdiluted": 1.98,
    "weightedAverageShsOut": 2464770000,
    "weightedAverageShsOutDil": 2464770000,
    "link": "https://www.sec.gov/Archives/edgar/data/1067983/000119312513199397/0001193125-13-199397-index.htm",
    "finalLink": "https://www.sec.gov/Archives/edgar/data/1067983/000119312513199397/d508175d10q.htm"
  },
  {
    "date": "2012-12-31",
    "symbol": "BRK-B",
    "reportedCurrency": "USD",
    "cik": "0001067983",
    "fillingDate": "2013-03-01",
    "acceptedDate": "2013-03-01 16:10:21",
    "calendarYear": "2012",
    "period": "Q4",
    "revenue": 42789000000,
    "costOfRevenue": 25254000000,
    "grossProfit": 17535000000,
    "grossProfitRatio": 0.4098015845,
    "researchAndDevelopmentExpenses": 0,
    "generalAndAdministrativeExpenses": 0,
    "sellingAndMarketingExpenses": -5914000000,
    "sellingGeneralAndAdministrativeExpenses": 3026000000,
    "otherExpenses": 7755000000,
    "operatingExpenses": 10781000000,
    "costAndExpenses": 35820000000,
    "interestIncome": 1512000000,
    "interestExpense": 665000000,
    "depreciationAndAmortization": 1332000000,
    "ebitda": 8751000000,
    "ebitdaratio": 0.2045151791,
    "operatingIncome": 6754000000,
    "operatingIncomeRatio": 0.1578443058,
    "totalOtherIncomeExpensesNet": 0,
    "incomeBeforeTax": 6754000000,
    "incomeBeforeTaxRatio": 0.1578443058,
    "incomeTaxExpense": 2093000000,
    "netIncome": 4551000000,
    "netIncomeRatio": 0.106359111,
    "eps": 1.84,
    "epsdiluted": 1.84,
    "weightedAverageShsOut": 2475792000,
    "weightedAverageShsOutDil": 2475792000,
    "link": "https://www.sec.gov/Archives/edgar/data/1067983/000119312513087679/0001193125-13-087679-index.htm",
    "finalLink": "https://www.sec.gov/Archives/edgar/data/1067983/000119312513087679/d484968d10k.htm"
  },
  {
    "date": "2012-09-30",
    "symbol": "BRK-B",
    "reportedCurrency": "USD",
    "cik": "0001067983",
    "fillingDate": "2012-11-02",
    "acceptedDate": "2012-11-02 17:16:50",
    "calendarYear": "2012",
    "period": "Q3",
    "revenue": 40133000000,
    "costOfRevenue": 22922000000,
    "grossProfit": 17758000000,
    "grossProfitRatio": 0.4424787581,
    "researchAndDevelopmentExpenses": 0,
    "generalAndAdministrativeExpenses": 0,
    "sellingAndMarketingExpenses": 2573000000,
    "sellingGeneralAndAdministrativeExpenses": 2573000000,
    "otherExpenses": -7625000000,
    "operatingExpenses": -5052000000,
    "costAndExpenses": 25495000000,
    "interestIncome": 1360000000,
    "interestExpense": 692000000,
    "depreciationAndAmortization": 1296000000,
    "ebitda": 7924000000,
    "ebitdaratio": 0.1974435004,
    "operatingIncome": 5936000000,
    "operatingIncomeRatio": 0.1479082052,
    "totalOtherIncomeExpensesNet": 0,
    "incomeBeforeTax": 5936000000,
    "incomeBeforeTaxRatio": 0.1479082052,
    "incomeTaxExpense": 1882000000,
    "netIncome": 3920000000,
    "netIncomeRatio": 0.0976752299,
    "eps": 1.58,
    "epsdiluted": 1.58,
    "weightedAverageShsOut": 2478275000,
    "weightedAverageShsOutDil": 2478275000,
    "link": "https://www.sec.gov/Archives/edgar/data/1067983/000119312512449402/0001193125-12-449402-index.htm",
    "finalLink": "https://www.sec.gov/Archives/edgar/data/1067983/000119312512449402/d425185d10q.htm"
  },
  {
    "date": "2012-06-30",
    "symbol": "BRK-B",
    "reportedCurrency": "USD",
    "cik": "0001067983",
    "fillingDate": "2012-08-03",
    "acceptedDate": "2012-08-03 17:01:03",
    "calendarYear": "2012",
    "period": "Q2",
    "revenue": 39614000000,
    "costOfRevenue": 39579000000,
    "grossProfit": 35000000,
    "grossProfitRatio": 0.000883526,
    "researchAndDevelopmentExpenses": 0,
    "generalAndAdministrativeExpenses": 0,
    "sellingAndMarketingExpenses": 2476000000,
    "sellingGeneralAndAdministrativeExpenses": 2476000000,
    "otherExpenses": -7056000000,
    "operatingExpenses": -4580000000,
    "costAndExpenses": 34784000000,
    "interestIncome": 1792000000,
    "interestExpense": 696000000,
    "depreciationAndAmortization": 1265000000,
    "ebitda": 6576000000,
    "ebitdaratio": 0.1660019185,
    "operatingIncome": 4615000000,
    "operatingIncomeRatio": 0.1164992174,
    "totalOtherIncomeExpensesNet": 0,
    "incomeBeforeTax": 4615000000,
    "incomeBeforeTaxRatio": 0.1164992174,
    "incomeTaxExpense": 1384000000,
    "netIncome": 3108000000,
    "netIncomeRatio": 0.0784571111,
    "eps": 1.25,
    "epsdiluted": 1.25,
    "weightedAverageShsOut": 2477265000,
    "weightedAverageShsOutDil": 2477265000,
    "link": "https://www.sec.gov/Archives/edgar/data/1067983/000115752312004238/0001157523-12-004238-index.htm",
    "finalLink": "https://www.sec.gov/Archives/edgar/data/1067983/000115752312004238/a50358310.htm"
  },
  {
    "date": "2012-03-31",
    "symbol": "BRK-B",
    "reportedCurrency": "USD",
    "cik": "0001067983",
    "fillingDate": "2012-05-04",
    "acceptedDate": "2012-05-04 17:01:08",
    "calendarYear": "2012",
    "period": "Q1",
    "revenue": 37144000000,
    "costOfRevenue": 37055000000,
    "grossProfit": 89000000,
    "grossProfitRatio": 0.0023960801,
    "researchAndDevelopmentExpenses": 0,
    "generalAndAdministrativeExpenses": 0,
    "sellingAndMarketingExpenses": 2428000000,
    "sellingGeneralAndAdministrativeExpenses": 2428000000,
    "otherExpenses": -7270000000,
    "operatingExpenses": -4842000000,
    "costAndExpenses": 31998000000,
    "interestIncome": 1442000000,
    "interestExpense": 691000000,
    "depreciationAndAmortization": 1253000000,
    "ebitda": 6875000000,
    "ebitdaratio": 0.1850904588,
    "operatingIncome": 4931000000,
    "operatingIncomeRatio": 0.1327536076,
    "totalOtherIncomeExpensesNet": 0,
    "incomeBeforeTax": 4931000000,
    "incomeBeforeTaxRatio": 0.1327536076,
    "incomeTaxExpense": 1565000000,
    "netIncome": 3245000000,
    "netIncomeRatio": 0.0873626965,
    "eps": 1.31,
    "epsdiluted": 1.31,
    "weightedAverageShsOut": 2476415000,
    "weightedAverageShsOutDil": 2476415000,
    "link": "https://www.sec.gov/Archives/edgar/data/1067983/000115752312002551/0001157523-12-002551-index.htm",
    "finalLink": "https://www.sec.gov/Archives/edgar/data/1067983/000115752312002551/a50258446.htm"
  },
  {
    "date": "2011-12-31",
    "symbol": "BRK-B",
    "reportedCurrency": "USD",
    "cik": "0001067983",
    "fillingDate": "2012-02-27",
    "acceptedDate": "2012-02-27 06:02:29",
    "calendarYear": "2011",
    "period": "Q4",
    "revenue": 38271000000,
    "costOfRevenue": 38057000000,
    "grossProfit": 214000000,
    "grossProfitRatio": 0.0055917013,
    "researchAndDevelopmentExpenses": 0,
    "generalAndAdministrativeExpenses": 0,
    "sellingAndMarketingExpenses": 0,
    "sellingGeneralAndAdministrativeExpenses": 2408000000,
    "otherExpenses": -6646000000,
    "operatingExpenses": -4238000000,
    "costAndExpenses": 33503000000,
    "interestIncome": 1515000000,
    "interestExpense": 675000000,
    "depreciationAndAmortization": 1265000000,
    "ebitda": 6392000000,
    "ebitdaratio": 0.1670194142,
    "operatingIncome": 4452000000,
    "operatingIncomeRatio": 0.1163282904,
    "totalOtherIncomeExpensesNet": 0,
    "incomeBeforeTax": 4452000000,
    "incomeBeforeTaxRatio": 0.1163282904,
    "incomeTaxExpense": 1261000000,
    "netIncome": 3048000000,
    "netIncomeRatio": 0.0796425492,
    "eps": 1.23,
    "epsdiluted": 1.23,
    "weightedAverageShsOut": 2476212000,
    "weightedAverageShsOutDil": 2476212000,
    "link": "https://www.sec.gov/Archives/edgar/data/1067983/000119312512079022/0001193125-12-079022-index.htm",
    "finalLink": "https://www.sec.gov/Archives/edgar/data/1067983/000119312512079022/d280149d10k.htm"
  },
  {
    "date": "2011-09-30",
    "symbol": "BRK-B",
    "reportedCurrency": "USD",
    "cik": "0001067983",
    "fillingDate": "2011-11-04",
    "acceptedDate": "2011-11-04 17:16:52",
    "calendarYear": "2011",
    "period": "Q3",
    "revenue": 36190000000,
    "costOfRevenue": 35430000000,
    "grossProfit": 760000000,
    "grossProfitRatio": 0.0210002763,
    "researchAndDevelopmentExpenses": 0,
    "generalAndAdministrativeExpenses": 0,
    "sellingAndMarketingExpenses": 0,
    "sellingGeneralAndAdministrativeExpenses": 2105000000,
    "otherExpenses": -4708000000,
    "operatingExpenses": -2603000000,
    "costAndExpenses": 32827000000,
    "interestIncome": 1435000000,
    "interestExpense": 669000000,
    "depreciationAndAmortization": 1142000000,
    "ebitda": 5174000000,
    "ebitdaratio": 0.1429676706,
    "operatingIncome": 3363000000,
    "operatingIncomeRatio": 0.0929262227,
    "totalOtherIncomeExpensesNet": 0,
    "incomeBeforeTax": 3363000000,
    "incomeBeforeTaxRatio": 0.0929262227,
    "incomeTaxExpense": 953000000,
    "netIncome": 2278000000,
    "netIncomeRatio": 0.0629455651,
    "eps": 0.92,
    "epsdiluted": 0.92,
    "weightedAverageShsOut": 2476934000,
    "weightedAverageShsOutDil": 2476934000,
    "link": "https://www.sec.gov/Archives/edgar/data/1067983/000115752311006500/0001157523-11-006500-index.htm",
    "finalLink": "https://www.sec.gov/Archives/edgar/data/1067983/000115752311006500/a50050868.htm"
  },
  {
    "date": "2011-06-30",
    "symbol": "BRK-B",
    "reportedCurrency": "USD",
    "cik": "0001067983",
    "fillingDate": "2011-08-05",
    "acceptedDate": "2011-08-05 17:16:06",
    "calendarYear": "2011",
    "period": "Q2",
    "revenue": 38297000000,
    "costOfRevenue": 37148000000,
    "grossProfit": 1149000000,
    "grossProfitRatio": 0.0300023501,
    "researchAndDevelopmentExpenses": 0,
    "generalAndAdministrativeExpenses": 0,
    "sellingAndMarketingExpenses": 0,
    "sellingGeneralAndAdministrativeExpenses": 2122000000,
    "otherExpenses": -6238000000,
    "operatingExpenses": -4116000000,
    "costAndExpenses": 33032000000,
    "interestIncome": 1785000000,
    "interestExpense": 662000000,
    "depreciationAndAmortization": 1141000000,
    "ebitda": 7068000000,
    "ebitdaratio": 0.1845575371,
    "operatingIncome": 5265000000,
    "operatingIncomeRatio": 0.1374781314,
    "totalOtherIncomeExpensesNet": 0,
    "incomeBeforeTax": 5265000000,
    "incomeBeforeTaxRatio": 0.1374781314,
    "incomeTaxExpense": 1725000000,
    "netIncome": 3417000000,
    "netIncomeRatio": 0.089223699,
    "eps": 1.38,
    "epsdiluted": 1.38,
    "weightedAverageShsOut": 2473577000,
    "weightedAverageShsOutDil": 2473577000,
    "link": "https://www.sec.gov/Archives/edgar/data/1067983/000115752311004793/0001157523-11-004793-index.htm",
    "finalLink": "https://www.sec.gov/Archives/edgar/data/1067983/000115752311004793/a6813983.htm"
  },
  {
    "date": "2011-03-31",
    "symbol": "BRK-B",
    "reportedCurrency": "USD",
    "cik": "0001067983",
    "fillingDate": "2011-05-06",
    "acceptedDate": "2011-05-06 17:15:49",
    "calendarYear": "2011",
    "period": "Q1",
    "revenue": 33942000000,
    "costOfRevenue": 34751000000,
    "grossProfit": -809000000,
    "grossProfitRatio": -0.023834777,
    "researchAndDevelopmentExpenses": 0,
    "generalAndAdministrativeExpenses": 0,
    "sellingAndMarketingExpenses": 0,
    "sellingGeneralAndAdministrativeExpenses": 2035000000,
    "otherExpenses": -5078000000,
    "operatingExpenses": -3043000000,
    "costAndExpenses": 31486000000,
    "interestIncome": 1675000000,
    "interestExpense": 658000000,
    "depreciationAndAmortization": 1135000000,
    "ebitda": 4027000000,
    "ebitdaratio": 0.1186435684,
    "operatingIncome": 2234000000,
    "operatingIncomeRatio": 0.0658181604,
    "totalOtherIncomeExpensesNet": 0,
    "incomeBeforeTax": 2234000000,
    "incomeBeforeTaxRatio": 0.0658181604,
    "incomeTaxExpense": 629000000,
    "netIncome": 1511000000,
    "netIncomeRatio": 0.0445171174,
    "eps": 0.61,
    "epsdiluted": 0.61,
    "weightedAverageShsOut": 2472615000,
    "weightedAverageShsOutDil": 2472615000,
    "link": "https://www.sec.gov/Archives/edgar/data/1067983/000115752311002891/0001157523-11-002891-index.htm",
    "finalLink": "https://www.sec.gov/Archives/edgar/data/1067983/000115752311002891/a6706198.htm"
  },
  {
    "date": "2010-12-31",
    "symbol": "BRK-B",
    "reportedCurrency": "USD",
    "cik": "0001067983",
    "fillingDate": "2011-02-28",
    "acceptedDate": "2011-02-28 10:20:14",
    "calendarYear": "2010",
    "period": "Q4",
    "revenue": 35956000000,
    "costOfRevenue": 18991000000,
    "grossProfit": 16965000000,
    "grossProfitRatio": 0.471826677,
    "researchAndDevelopmentExpenses": 0,
    "generalAndAdministrativeExpenses": 0,
    "sellingAndMarketingExpenses": 0,
    "sellingGeneralAndAdministrativeExpenses": 2054000000,
    "otherExpenses": 8430000000,
    "operatingExpenses": 10484000000,
    "costAndExpenses": 29475000000,
    "interestIncome": 1653000000,
    "interestExpense": 660000000,
    "depreciationAndAmortization": 1170000000,
    "ebitda": 8311000000,
    "ebitdaratio": 0.23114362,
    "operatingIncome": 6481000000,
    "operatingIncomeRatio": 0.180248081,
    "totalOtherIncomeExpensesNet": 0,
    "incomeBeforeTax": 6481000000,
    "incomeBeforeTaxRatio": 0.180248081,
    "incomeTaxExpense": 2008000000,
    "netIncome": 4377000000,
    "netIncomeRatio": 0.121732117,
    "eps": 1.77,
    "epsdiluted": 1.77,
    "weightedAverageShsOut": 2472264000,
    "weightedAverageShsOutDil": 2472264000,
    "link": "https://www.sec.gov/Archives/edgar/data/1067983/000119312511048914/0001193125-11-048914-index.htm",
    "finalLink": "https://www.sec.gov/Archives/edgar/data/1067983/000119312511048914/d10k.htm"
  },
  {
    "date": "2010-09-30",
    "symbol": "BRK-B",
    "reportedCurrency": "USD",
    "cik": "0001067983",
    "fillingDate": "2010-11-05",
    "acceptedDate": "2010-11-05 17:12:53",
    "calendarYear": "2010",
    "period": "Q3",
    "revenue": 36435000000,
    "costOfRevenue": 35993000000,
    "grossProfit": 442000000,
    "grossProfitRatio": 0.0121311925,
    "researchAndDevelopmentExpenses": 0,
    "generalAndAdministrativeExpenses": 0,
    "sellingAndMarketingExpenses": 0,
    "sellingGeneralAndAdministrativeExpenses": 1896000000,
    "otherExpenses": -5988000000,
    "operatingExpenses": -4092000000,
    "costAndExpenses": 31740000000,
    "interestIncome": 1634000000,
    "interestExpense": 668000000,
    "depreciationAndAmortization": 1094000000,
    "ebitda": 6296000000,
    "ebitdaratio": 0.1728008783,
    "operatingIncome": 4534000000,
    "operatingIncomeRatio": 0.124440785,
    "totalOtherIncomeExpensesNet": 0,
    "incomeBeforeTax": 4534000000,
    "incomeBeforeTaxRatio": 0.124440785,
    "incomeTaxExpense": 1415000000,
    "netIncome": 2989000000,
    "netIncomeRatio": 0.0820365034,
    "eps": 1.21,
    "epsdiluted": 1.21,
    "weightedAverageShsOut": 2471388000,
    "weightedAverageShsOutDil": 2471388000,
    "link": "https://www.sec.gov/Archives/edgar/data/1067983/000115752310006675/0001157523-10-006675-index.htm",
    "finalLink": "https://www.sec.gov/Archives/edgar/data/1067983/000115752310006675/a6492698.htm"
  },
  {
    "date": "2010-06-30",
    "symbol": "BRK-B",
    "reportedCurrency": "USD",
    "cik": "0001067983",
    "fillingDate": "2010-08-06",
    "acceptedDate": "2010-08-06 17:10:19",
    "calendarYear": "2010",
    "period": "Q2",
    "revenue": 33883000000,
    "costOfRevenue": 33188000000,
    "grossProfit": 695000000,
    "grossProfitRatio": 0.0205117611,
    "researchAndDevelopmentExpenses": 0,
    "generalAndAdministrativeExpenses": 0,
    "sellingAndMarketingExpenses": 0,
    "sellingGeneralAndAdministrativeExpenses": 1915000000,
    "otherExpenses": -4158000000,
    "operatingExpenses": -2243000000,
    "costAndExpenses": 30945000000,
    "interestIncome": 1915000000,
    "interestExpense": 637000000,
    "depreciationAndAmortization": 1100000000,
    "ebitda": 4675000000,
    "ebitdaratio": 0.1379747956,
    "operatingIncome": 2938000000,
    "operatingIncomeRatio": 0.0867101496,
    "totalOtherIncomeExpensesNet": 0,
    "incomeBeforeTax": 2938000000,
    "incomeBeforeTaxRatio": 0.0867101496,
    "incomeTaxExpense": 848000000,
    "netIncome": 1968000000,
    "netIncomeRatio": 0.0580822241,
    "eps": 0.8,
    "epsdiluted": 0.8,
    "weightedAverageShsOut": 2470761000,
    "weightedAverageShsOutDil": 2470761000,
    "link": "https://www.sec.gov/Archives/edgar/data/1067983/000115752310004882/0001157523-10-004882-index.htm",
    "finalLink": "https://www.sec.gov/Archives/edgar/data/1067983/000115752310004882/a6381775.htm"
  },
  {
    "date": "2010-03-31",
    "symbol": "BRK-B",
    "reportedCurrency": "USD",
    "cik": "0001067983",
    "fillingDate": "2010-05-07",
    "acceptedDate": "2010-05-07 17:16:06",
    "calendarYear": "2010",
    "period": "Q1",
    "revenue": 32037000000,
    "costOfRevenue": 16738000000,
    "grossProfit": -3699000000,
    "grossProfitRatio": -0.1154602491,
    "researchAndDevelopmentExpenses": 0,
    "generalAndAdministrativeExpenses": 0,
    "sellingAndMarketingExpenses": 0,
    "sellingGeneralAndAdministrativeExpenses": 1839000000,
    "otherExpenses": -10636000000,
    "operatingExpenses": -8797000000,
    "costAndExpenses": 18577000000,
    "interestIncome": 1696000000,
    "interestExpense": 593000000,
    "depreciationAndAmortization": 915000000,
    "ebitda": 6606000000,
    "ebitdaratio": 0.2061990823,
    "operatingIncome": 5098000000,
    "operatingIncomeRatio": 0.1591285077,
    "totalOtherIncomeExpensesNet": -593000000,
    "incomeBeforeTax": 5098000000,
    "incomeBeforeTaxRatio": 0.1591285077,
    "incomeTaxExpense": 1336000000,
    "netIncome": 3633000000,
    "netIncomeRatio": 0.1134001311,
    "eps": 1.51,
    "epsdiluted": 1.51,
    "weightedAverageShsOut": 2398749000,
    "weightedAverageShsOutDil": 2398749000,
    "link": "https://www.sec.gov/Archives/edgar/data/1067983/000115752310002982/0001157523-10-002982-index.htm",
    "finalLink": "https://www.sec.gov/Archives/edgar/data/1067983/000115752310002982/a6277868.htm"
  },
  {
    "date": "2009-12-31",
    "symbol": "BRK-B",
    "reportedCurrency": "USD",
    "cik": "0001067983",
    "fillingDate": "2010-03-01",
    "acceptedDate": "2010-03-01 06:02:07",
    "calendarYear": "2009",
    "period": "Q4",
    "revenue": 29207000000,
    "costOfRevenue": 32452000000,
    "grossProfit": -3245000000,
    "grossProfitRatio": -0.1111035026,
    "researchAndDevelopmentExpenses": 0,
    "generalAndAdministrativeExpenses": 0,
    "sellingAndMarketingExpenses": 0,
    "sellingGeneralAndAdministrativeExpenses": 2066000000,
    "otherExpenses": -9776000000,
    "operatingExpenses": -7710000000,
    "costAndExpenses": 24742000000,
    "interestIncome": 1741000000,
    "interestExpense": 500000000,
    "depreciationAndAmortization": 812000000,
    "ebitda": 5777000000,
    "ebitdaratio": 0.1977950491,
    "operatingIncome": 4465000000,
    "operatingIncomeRatio": 0.152874311,
    "totalOtherIncomeExpensesNet": -500000000,
    "incomeBeforeTax": 4465000000,
    "incomeBeforeTaxRatio": 0.152874311,
    "incomeTaxExpense": 1431000000,
    "netIncome": 3056000000,
    "netIncomeRatio": 0.1046324511,
    "eps": 1.31,
    "epsdiluted": 1.31,
    "weightedAverageShsOut": 2327606000,
    "weightedAverageShsOutDil": 2327622000,
    "link": "https://www.sec.gov/Archives/edgar/data/1067983/000119312510043450/0001193125-10-043450-index.htm",
    "finalLink": "https://www.sec.gov/Archives/edgar/data/1067983/000119312510043450/d10k.htm"
  },
  {
    "date": "2009-09-30",
    "symbol": "BRK-B",
    "reportedCurrency": "USD",
    "cik": "0001067983",
    "fillingDate": "2009-11-06",
    "acceptedDate": "2009-11-06 17:05:02",
    "calendarYear": "2009",
    "period": "Q3",
    "revenue": 29904000000,
    "costOfRevenue": 18200000000,
    "grossProfit": 484000000,
    "grossProfitRatio": 0.0161851257,
    "researchAndDevelopmentExpenses": 0,
    "generalAndAdministrativeExpenses": 0,
    "sellingAndMarketingExpenses": 0,
    "sellingGeneralAndAdministrativeExpenses": 2015000000,
    "otherExpenses": -10458000000,
    "operatingExpenses": -8443000000,
    "costAndExpenses": 23371000000,
    "interestIncome": 1781000000,
    "interestExpense": 494000000,
    "depreciationAndAmortization": 779000000,
    "ebitda": 6112000000,
    "ebitdaratio": 0.2043873729,
    "operatingIncome": 4839000000,
    "operatingIncomeRatio": 0.161817817,
    "totalOtherIncomeExpensesNet": -494000000,
    "incomeBeforeTax": 4839000000,
    "incomeBeforeTaxRatio": 0.161817817,
    "incomeTaxExpense": 1601000000,
    "netIncome": 3238000000,
    "netIncomeRatio": 0.1082798288,
    "eps": 1.39,
    "epsdiluted": 1.39,
    "weightedAverageShsOut": 2327589000,
    "weightedAverageShsOutDil": 2327589000,
    "link": "https://www.sec.gov/Archives/edgar/data/1067983/000115752309007839/0001157523-09-007839-index.htm",
    "finalLink": "https://www.sec.gov/Archives/edgar/data/1067983/000115752309007839/a6089935.htm"
  },
  {
    "date": "2009-06-30",
    "symbol": "BRK-B",
    "reportedCurrency": "USD",
    "cik": "0001067983",
    "fillingDate": "2009-08-07",
    "acceptedDate": "2009-08-07 17:09:53",
    "calendarYear": "2009",
    "period": "Q2",
    "revenue": 29607000000,
    "costOfRevenue": 17630000000,
    "grossProfit": 504000000,
    "grossProfitRatio": 0.0170230013,
    "researchAndDevelopmentExpenses": 0,
    "generalAndAdministrativeExpenses": 0,
    "sellingAndMarketingExpenses": 0,
    "sellingGeneralAndAdministrativeExpenses": 2073000000,
    "otherExpenses": -10312000000,
    "operatingExpenses": -8239000000,
    "costAndExpenses": 17156000000,
    "interestIncome": 1873000000,
    "interestExpense": 510000000,
    "depreciationAndAmortization": 778000000,
    "ebitda": 6079000000,
    "ebitdaratio": 0.2053230655,
    "operatingIncome": 4791000000,
    "operatingIncomeRatio": 0.1618198399,
    "totalOtherIncomeExpensesNet": -510000000,
    "incomeBeforeTax": 4791000000,
    "incomeBeforeTaxRatio": 0.1618198399,
    "incomeTaxExpense": 1520000000,
    "netIncome": 3295000000,
    "netIncomeRatio": 0.1112912487,
    "eps": 1.42,
    "epsdiluted": 1.42,
    "weightedAverageShsOut": 2327585000,
    "weightedAverageShsOutDil": 2327585000,
    "link": "https://www.sec.gov/Archives/edgar/data/1067983/000115752309005813/0001157523-09-005813-index.htm",
    "finalLink": "https://www.sec.gov/Archives/edgar/data/1067983/000115752309005813/a6021509.htm"
  },
  {
    "date": "2009-03-31",
    "symbol": "BRK-B",
    "reportedCurrency": "USD",
    "cik": "0001067983",
    "fillingDate": "2009-05-08",
    "acceptedDate": "2009-05-08 17:06:54",
    "calendarYear": "2009",
    "period": "Q1",
    "revenue": 14310000000,
    "costOfRevenue": 18480000000,
    "grossProfit": -3161000000,
    "grossProfitRatio": -0.2208944794,
    "researchAndDevelopmentExpenses": 0,
    "generalAndAdministrativeExpenses": 0,
    "sellingAndMarketingExpenses": 0,
    "sellingGeneralAndAdministrativeExpenses": 1963000000,
    "otherExpenses": -2461000000,
    "operatingExpenses": -498000000,
    "costAndExpenses": 25327000000,
    "interestIncome": 1736000000,
    "interestExpense": 488000000,
    "depreciationAndAmortization": 758000000,
    "ebitda": -1297000000,
    "ebitdaratio": -0.0906359189,
    "operatingIncome": -1966000000,
    "operatingIncomeRatio": -0.137386443,
    "totalOtherIncomeExpensesNet": -488000000,
    "incomeBeforeTax": -2543000000,
    "incomeBeforeTaxRatio": -0.1777078966,
    "incomeTaxExpense": -1014000000,
    "netIncome": -1534000000,
    "netIncomeRatio": -0.1071977638,
    "eps": -0.66,
    "epsdiluted": -0.66,
    "weightedAverageShsOut": 2324223000,
    "weightedAverageShsOutDil": 2324223000,
    "link": "https://www.sec.gov/Archives/edgar/data/1067983/000119312509105560/0001193125-09-105560-index.htm",
    "finalLink": "https://www.sec.gov/Archives/edgar/data/1067983/000119312509105560/d10q.htm"
  },
  {
    "date": "2008-12-31",
    "symbol": "BRK-B",
    "reportedCurrency": "USD",
    "cik": "0001067983",
    "fillingDate": "2009-03-02",
    "acceptedDate": "2009-03-02 11:43:28",
    "calendarYear": "2008",
    "period": "Q4",
    "revenue": 29199000000,
    "costOfRevenue": 18369000000,
    "grossProfit": 10830000000,
    "grossProfitRatio": 0.3709031131,
    "researchAndDevelopmentExpenses": 0,
    "generalAndAdministrativeExpenses": 2282000000,
    "sellingAndMarketingExpenses": 0,
    "sellingGeneralAndAdministrativeExpenses": 2282000000,
    "otherExpenses": 8400000000,
    "operatingExpenses": 10682000000,
    "costAndExpenses": 30192000000,
    "interestIncome": 1808000000,
    "interestExpense": 480000000,
    "depreciationAndAmortization": 0,
    "ebitda": 628000000,
    "ebitdaratio": 0.0215075859,
    "operatingIncome": 148000000,
    "operatingIncomeRatio": 0.0050686667,
    "totalOtherIncomeExpensesNet": 0,
    "incomeBeforeTax": 148000000,
    "incomeBeforeTaxRatio": 0.0050686667,
    "incomeTaxExpense": -167000000,
    "netIncome": 117000000,
    "netIncomeRatio": 0.0040069865,
    "eps": 0.05,
    "epsdiluted": 0.05,
    "weightedAverageShsOut": 2323839000,
    "weightedAverageShsOutDil": 2323851000,
    "link": "https://www.sec.gov/Archives/edgar/data/1067983/000119312509042055/0001193125-09-042055-index.htm",
    "finalLink": "https://www.sec.gov/Archives/edgar/data/1067983/000119312509042055/d10k.htm"
  },
  {
    "date": "2008-09-30",
    "symbol": "BRK-B",
    "reportedCurrency": "USD",
    "cik": "0001067983",
    "fillingDate": "2008-11-07",
    "acceptedDate": "2008-11-07 17:08:11",
    "calendarYear": "2008",
    "period": "Q3",
    "revenue": 29435000000,
    "costOfRevenue": 33869000000,
    "grossProfit": -4434000000,
    "grossProfitRatio": -0.1506369968,
    "researchAndDevelopmentExpenses": 0,
    "generalAndAdministrativeExpenses": 1861000000,
    "sellingAndMarketingExpenses": 0,
    "sellingGeneralAndAdministrativeExpenses": 1861000000,
    "otherExpenses": -7797000000,
    "operatingExpenses": -5936000000,
    "costAndExpenses": 27933000000,
    "interestIncome": 1607000000,
    "interestExpense": 514000000,
    "depreciationAndAmortization": 0,
    "ebitda": 2016000000,
    "ebitdaratio": 0.068489893,
    "operatingIncome": 1502000000,
    "operatingIncomeRatio": 0.0510276881,
    "totalOtherIncomeExpensesNet": 0,
    "incomeBeforeTax": 1502000000,
    "incomeBeforeTaxRatio": 0.0510276881,
    "incomeTaxExpense": 294000000,
    "netIncome": 1057000000,
    "netIncomeRatio": 0.0359096314,
    "eps": 0.45,
    "epsdiluted": 0.45,
    "weightedAverageShsOut": 2323838000,
    "weightedAverageShsOutDil": 2323838000,
    "link": "https://www.sec.gov/Archives/edgar/data/1067983/000095015008000030/0000950150-08-000030-index.htm",
    "finalLink": "https://www.sec.gov/Archives/edgar/data/1067983/000095015008000030/v50391e10vq.htm"
  },
  {
    "date": "2008-06-30",
    "symbol": "BRK-B",
    "reportedCurrency": "USD",
    "cik": "0001067983",
    "fillingDate": "2008-08-08",
    "acceptedDate": "2008-08-08 17:18:17",
    "calendarYear": "2008",
    "period": "Q2",
    "revenue": 29829000000,
    "costOfRevenue": 32359000000,
    "grossProfit": -2530000000,
    "grossProfitRatio": -0.084816789,
    "researchAndDevelopmentExpenses": 0,
    "generalAndAdministrativeExpenses": 2049000000,
    "sellingAndMarketingExpenses": 0,
    "sellingGeneralAndAdministrativeExpenses": 2049000000,
    "otherExpenses": -9050000000,
    "operatingExpenses": -7001000000,
    "costAndExpenses": 26499000000,
    "interestIncome": 1719000000,
    "interestExpense": 493000000,
    "depreciationAndAmortization": 0,
    "ebitda": 4964000000,
    "ebitdaratio": 0.1664152335,
    "operatingIncome": 4471000000,
    "operatingIncomeRatio": 0.1498876932,
    "totalOtherIncomeExpensesNet": 0,
    "incomeBeforeTax": 4471000000,
    "incomeBeforeTaxRatio": 0.1498876932,
    "incomeTaxExpense": 1443000000,
    "netIncome": 2880000000,
    "netIncomeRatio": 0.0965503369,
    "eps": 1.24,
    "epsdiluted": 1.24,
    "weightedAverageShsOut": 2323472000,
    "weightedAverageShsOutDil": 2323472000,
    "link": "https://www.sec.gov/Archives/edgar/data/1067983/000095015008000015/0000950150-08-000015-index.htm",
    "finalLink": "https://www.sec.gov/Archives/edgar/data/1067983/000095015008000015/v42777e10vq.htm"
  },
  {
    "date": "2008-03-31",
    "symbol": "BRK-B",
    "reportedCurrency": "USD",
    "cik": "0001067983",
    "fillingDate": "2008-05-02",
    "acceptedDate": "2008-05-02 17:18:28",
    "calendarYear": "2008",
    "period": "Q1",
    "revenue": 26816000000,
    "costOfRevenue": 28746000000,
    "grossProfit": -1930000000,
    "grossProfitRatio": -0.071971957,
    "researchAndDevelopmentExpenses": 0,
    "generalAndAdministrativeExpenses": 1860000000,
    "sellingAndMarketingExpenses": 0,
    "sellingGeneralAndAdministrativeExpenses": 1860000000,
    "otherExpenses": -5243000000,
    "operatingExpenses": -3383000000,
    "costAndExpenses": 25363000000,
    "interestIncome": 1622000000,
    "interestExpense": 476000000,
    "depreciationAndAmortization": 0,
    "ebitda": 1929000000,
    "ebitdaratio": 0.0719346659,
    "operatingIncome": 1453000000,
    "operatingIncomeRatio": 0.0541840692,
    "totalOtherIncomeExpensesNet": 0,
    "incomeBeforeTax": 1453000000,
    "incomeBeforeTaxRatio": 0.0541840692,
    "incomeTaxExpense": 408000000,
    "netIncome": 940000000,
    "netIncomeRatio": 0.0350536993,
    "eps": 0.4,
    "epsdiluted": 0.4,
    "weightedAverageShsOut": 2322591000,
    "weightedAverageShsOutDil": 2322591000,
    "link": "https://www.sec.gov/Archives/edgar/data/1067983/000095014808000131/0000950148-08-000131-index.htm",
    "finalLink": "https://www.sec.gov/Archives/edgar/data/1067983/000095014808000131/a40317e10vq.htm"
  },
  {
    "date": "2007-12-31",
    "symbol": "BRK-B",
    "reportedCurrency": "USD",
    "cik": "0001067983",
    "fillingDate": "2008-02-29",
    "acceptedDate": "2008-02-29 16:41:22",
    "calendarYear": "2007",
    "period": "Q4",
    "revenue": 28663000000,
    "costOfRevenue": 16485000000,
    "grossProfit": 10777000000,
    "grossProfitRatio": 0.3759899522,
    "researchAndDevelopmentExpenses": 0,
    "generalAndAdministrativeExpenses": 1964000000,
    "sellingAndMarketingExpenses": 0,
    "sellingGeneralAndAdministrativeExpenses": 1964000000,
    "otherExpenses": 5595000000,
    "operatingExpenses": 7559000000,
    "costAndExpenses": 23617000000,
    "interestIncome": 1735000000,
    "interestExpense": 497000000,
    "depreciationAndAmortization": 0,
    "ebitda": 4923000000,
    "ebitdaratio": 0.1717545267,
    "operatingIncome": 4426000000,
    "operatingIncomeRatio": 0.1544150996,
    "totalOtherIncomeExpensesNet": 0,
    "incomeBeforeTax": 4426000000,
    "incomeBeforeTaxRatio": 0.1544150996,
    "incomeTaxExpense": 1392000000,
    "netIncome": 2947000000,
    "netIncomeRatio": 0.1028154764,
    "eps": 1.27,
    "epsdiluted": 1.27,
    "weightedAverageShsOut": 2321429000,
    "weightedAverageShsOutDil": 2321539000,
    "link": "https://www.sec.gov/Archives/edgar/data/1067983/000095013408003848/0000950134-08-003848-index.htm",
    "finalLink": "https://www.sec.gov/Archives/edgar/data/1067983/000095013408003848/a38469e10vk.htm"
  },
  {
    "date": "2007-09-30",
    "symbol": "BRK-B",
    "reportedCurrency": "USD",
    "cik": "0001067983",
    "fillingDate": "2007-11-02",
    "acceptedDate": "2007-11-02 17:11:43",
    "calendarYear": "2007",
    "period": "Q3",
    "revenue": 29873000000,
    "costOfRevenue": 17587000000,
    "grossProfit": 12286000000,
    "grossProfitRatio": 0.4112743949,
    "researchAndDevelopmentExpenses": 0,
    "generalAndAdministrativeExpenses": 1732000000,
    "sellingAndMarketingExpenses": 0,
    "sellingGeneralAndAdministrativeExpenses": 1732000000,
    "otherExpenses": 3707000000,
    "operatingExpenses": 5439000000,
    "costAndExpenses": 23026000000,
    "interestIncome": 1707000000,
    "interestExpense": 481000000,
    "depreciationAndAmortization": 0,
    "ebitda": 7328000000,
    "ebitdaratio": 0.245305125,
    "operatingIncome": 6847000000,
    "operatingIncomeRatio": 0.2292036287,
    "totalOtherIncomeExpensesNet": 0,
    "incomeBeforeTax": 6847000000,
    "incomeBeforeTaxRatio": 0.2292036287,
    "incomeTaxExpense": 2197000000,
    "netIncome": 4553000000,
    "netIncomeRatio": 0.1524118769,
    "eps": 1.96,
    "epsdiluted": 1.96,
    "weightedAverageShsOut": 2321051000,
    "weightedAverageShsOutDil": 2321051000,
    "link": "https://www.sec.gov/Archives/edgar/data/1067983/000095013407022672/0000950134-07-022672-index.htm",
    "finalLink": "https://www.sec.gov/Archives/edgar/data/1067983/000095013407022672/a35091e10vq.htm"
  },
  {
    "date": "2007-06-30",
    "symbol": "BRK-B",
    "reportedCurrency": "USD",
    "cik": "0001067983",
    "fillingDate": "2007-08-03",
    "acceptedDate": "2007-08-03 16:43:58",
    "calendarYear": "2007",
    "period": "Q2",
    "revenue": 27024000000,
    "costOfRevenue": 16961000000,
    "grossProfit": 10063000000,
    "grossProfitRatio": 0.3723727057,
    "researchAndDevelopmentExpenses": 0,
    "generalAndAdministrativeExpenses": 1761000000,
    "sellingAndMarketingExpenses": 0,
    "sellingGeneralAndAdministrativeExpenses": 1761000000,
    "otherExpenses": 3486000000,
    "operatingExpenses": 5247000000,
    "costAndExpenses": 22531000000,
    "interestIncome": 1713000000,
    "interestExpense": 469000000,
    "depreciationAndAmortization": 0,
    "ebitda": 5285000000,
    "ebitdaratio": 0.1955669035,
    "operatingIncome": 4816000000,
    "operatingIncomeRatio": 0.1782119597,
    "totalOtherIncomeExpensesNet": 0,
    "incomeBeforeTax": 4816000000,
    "incomeBeforeTaxRatio": 0.1782119597,
    "incomeTaxExpense": 1617000000,
    "netIncome": 3118000000,
    "netIncomeRatio": 0.1153789224,
    "eps": 1.35,
    "epsdiluted": 1.35,
    "weightedAverageShsOut": 2317808000,
    "weightedAverageShsOutDil": 2317808000,
    "link": "https://www.sec.gov/Archives/edgar/data/1067983/000095013407016772/0000950134-07-016772-index.htm",
    "finalLink": "https://www.sec.gov/Archives/edgar/data/1067983/000095013407016772/a32496e10vq.htm"
  },
  {
    "date": "2007-03-31",
    "symbol": "BRK-B",
    "reportedCurrency": "USD",
    "cik": "0001067983",
    "fillingDate": "2007-05-04",
    "acceptedDate": "2007-05-04 16:55:22",
    "calendarYear": "2007",
    "period": "Q1",
    "revenue": 32967000000,
    "costOfRevenue": 13353000000,
    "grossProfit": 20331000000,
    "grossProfitRatio": 0.6167076167,
    "researchAndDevelopmentExpenses": 0,
    "generalAndAdministrativeExpenses": 1641000000,
    "sellingAndMarketingExpenses": 0,
    "sellingGeneralAndAdministrativeExpenses": 1641000000,
    "otherExpenses": 3609000000,
    "operatingExpenses": 5250000000,
    "costAndExpenses": 28702000000,
    "interestIncome": 1541000000,
    "interestExpense": 463000000,
    "depreciationAndAmortization": 0,
    "ebitda": 4535000000,
    "ebitdaratio": 0.1375618042,
    "operatingIncome": 4072000000,
    "operatingIncomeRatio": 0.1235174569,
    "totalOtherIncomeExpensesNet": 0,
    "incomeBeforeTax": 4072000000,
    "incomeBeforeTaxRatio": 0.1235174569,
    "incomeTaxExpense": 1388000000,
    "netIncome": 2595000000,
    "netIncomeRatio": 0.0787150787,
    "eps": 1.12,
    "epsdiluted": 1.12,
    "weightedAverageShsOut": 2314212000,
    "weightedAverageShsOutDil": 2314212000,
    "link": "https://www.sec.gov/Archives/edgar/data/1067983/000095015007000022/0000950150-07-000022-index.htm",
    "finalLink": "https://www.sec.gov/Archives/edgar/data/1067983/000095015007000022/a29898e10vq.htm"
  },
  {
    "date": "2006-12-31",
    "symbol": "BRK-B",
    "reportedCurrency": "USD",
    "cik": "0001067983",
    "fillingDate": "2007-03-01",
    "acceptedDate": "2007-03-01 16:16:44",
    "calendarYear": "2006",
    "period": "Q4",
    "revenue": 26049000000,
    "costOfRevenue": 14349000000,
    "grossProfit": 11700000000,
    "grossProfitRatio": 0.4491535184,
    "researchAndDevelopmentExpenses": 0,
    "generalAndAdministrativeExpenses": 1554000000,
    "sellingAndMarketingExpenses": 0,
    "sellingGeneralAndAdministrativeExpenses": 1554000000,
    "otherExpenses": 4884000000,
    "operatingExpenses": 6438000000,
    "costAndExpenses": 21919000000,
    "interestIncome": 1520000000,
    "interestExpense": 453000000,
    "depreciationAndAmortization": 0,
    "ebitda": 5715000000,
    "ebitdaratio": 0.2193942186,
    "operatingIncome": 5262000000,
    "operatingIncomeRatio": 0.2020039157,
    "totalOtherIncomeExpensesNet": 0,
    "incomeBeforeTax": 5262000000,
    "incomeBeforeTaxRatio": 0.2020039157,
    "incomeTaxExpense": 1604000000,
    "netIncome": 3583000000,
    "netIncomeRatio": 0.1375484664,
    "eps": 1.55,
    "epsdiluted": 1.55,
    "weightedAverageShsOut": 2313726000,
    "weightedAverageShsOutDil": 2313973000,
    "link": "https://www.sec.gov/Archives/edgar/data/1067983/000095013407004573/0000950134-07-004573-index.htm",
    "finalLink": "https://www.sec.gov/Archives/edgar/data/1067983/000095013407004573/a27718e10vk.htm"
  },
  {
    "date": "2006-09-30",
    "symbol": "BRK-B",
    "reportedCurrency": "USD",
    "cik": "0001067983",
    "fillingDate": "2006-11-03",
    "acceptedDate": "2006-11-03 17:20:16",
    "calendarYear": "2006",
    "period": "Q3",
    "revenue": 25371000000,
    "costOfRevenue": 16042000000,
    "grossProfit": 9329000000,
    "grossProfitRatio": 0.3677032833,
    "researchAndDevelopmentExpenses": 0,
    "generalAndAdministrativeExpenses": 1560000000,
    "sellingAndMarketingExpenses": 0,
    "sellingGeneralAndAdministrativeExpenses": 1560000000,
    "otherExpenses": 3468000000,
    "operatingExpenses": 5028000000,
    "costAndExpenses": 21070000000,
    "interestIncome": 1517000000,
    "interestExpense": 463000000,
    "depreciationAndAmortization": 0,
    "ebitda": 4764000000,
    "ebitdaratio": 0.1877734421,
    "operatingIncome": 4301000000,
    "operatingIncomeRatio": 0.16952426,
    "totalOtherIncomeExpensesNet": 0,
    "incomeBeforeTax": 4301000000,
    "incomeBeforeTaxRatio": 0.16952426,
    "incomeTaxExpense": 1451000000,
    "netIncome": 2772000000,
    "netIncomeRatio": 0.1092586023,
    "eps": 1.2,
    "epsdiluted": 1.2,
    "weightedAverageShsOut": 2313258000,
    "weightedAverageShsOutDil": 2313258000,
    "link": "https://www.sec.gov/Archives/edgar/data/1067983/000095013406020444/0000950134-06-020444-index.htm",
    "finalLink": "https://www.sec.gov/Archives/edgar/data/1067983/000095013406020444/a24649e10vq.htm"
  },
  {
    "date": "2006-06-30",
    "symbol": "BRK-B",
    "reportedCurrency": "USD",
    "cik": "0001067983",
    "fillingDate": "2006-08-07",
    "acceptedDate": "2006-08-04 18:17:21",
    "calendarYear": "2006",
    "period": "Q2",
    "revenue": 23893000000,
    "costOfRevenue": 15696000000,
    "grossProfit": 8197000000,
    "grossProfitRatio": 0.3430711924,
    "researchAndDevelopmentExpenses": 0,
    "generalAndAdministrativeExpenses": 1440000000,
    "sellingAndMarketingExpenses": 0,
    "sellingGeneralAndAdministrativeExpenses": 1440000000,
    "otherExpenses": 3155000000,
    "operatingExpenses": 4595000000,
    "costAndExpenses": 20291000000,
    "interestIncome": 1526000000,
    "interestExpense": 446000000,
    "depreciationAndAmortization": 0,
    "ebitda": 4048000000,
    "ebitdaratio": 0.1694220064,
    "operatingIncome": 3602000000,
    "operatingIncomeRatio": 0.1507554514,
    "totalOtherIncomeExpensesNet": 0,
    "incomeBeforeTax": 3602000000,
    "incomeBeforeTaxRatio": 0.1507554514,
    "incomeTaxExpense": 1208000000,
    "netIncome": 2347000000,
    "netIncomeRatio": 0.098229607,
    "eps": 1.01,
    "epsdiluted": 1.01,
    "weightedAverageShsOut": 2312460000,
    "weightedAverageShsOutDil": 2312460000,
    "link": "https://www.sec.gov/Archives/edgar/data/1067983/000095013406014893/0000950134-06-014893-index.htm",
    "finalLink": "https://www.sec.gov/Archives/edgar/data/1067983/000095013406014893/a22570e10vq.htm"
  },
  {
    "date": "2006-03-31",
    "symbol": "BRK-B",
    "reportedCurrency": "USD",
    "cik": "0001067983",
    "fillingDate": "2006-05-05",
    "acceptedDate": "2006-05-05 17:23:10",
    "calendarYear": "2006",
    "period": "Q1",
    "revenue": 21156000000,
    "costOfRevenue": 14994000000,
    "grossProfit": 6162000000,
    "grossProfitRatio": 0.2912648894,
    "researchAndDevelopmentExpenses": 0,
    "generalAndAdministrativeExpenses": 1378000000,
    "sellingAndMarketingExpenses": 0,
    "sellingGeneralAndAdministrativeExpenses": 1378000000,
    "otherExpenses": 1171000000,
    "operatingExpenses": 2549000000,
    "costAndExpenses": 18675000000,
    "interestIncome": 1429000000,
    "interestExpense": 362000000,
    "depreciationAndAmortization": 0,
    "ebitda": 3975000000,
    "ebitdaratio": 0.1878899603,
    "operatingIncome": 3613000000,
    "operatingIncomeRatio": 0.1707789752,
    "totalOtherIncomeExpensesNet": 0,
    "incomeBeforeTax": 3613000000,
    "incomeBeforeTaxRatio": 0.1707789752,
    "incomeTaxExpense": 1242000000,
    "netIncome": 2313000000,
    "netIncomeRatio": 0.1093306863,
    "eps": 1,
    "epsdiluted": 1,
    "weightedAverageShsOut": 2311401000,
    "weightedAverageShsOutDil": 2311401000,
    "link": "https://www.sec.gov/Archives/edgar/data/1067983/000095012906005040/0000950129-06-005040-index.htm",
    "finalLink": "https://www.sec.gov/Archives/edgar/data/1067983/000095012906005040/a20113e10vq.htm"
  },
  {
    "date": "2005-12-31",
    "symbol": "BRK-B",
    "reportedCurrency": "USD",
    "cik": "0001067983",
    "fillingDate": "2006-03-13",
    "acceptedDate": "2006-03-10 19:21:39",
    "calendarYear": "2005",
    "period": "Q4",
    "revenue": 26603000000,
    "costOfRevenue": 13859000000,
    "grossProfit": 12132000000,
    "grossProfitRatio": 0.4560387926,
    "researchAndDevelopmentExpenses": 0,
    "generalAndAdministrativeExpenses": 1506000000,
    "sellingAndMarketingExpenses": 0,
    "sellingGeneralAndAdministrativeExpenses": 1506000000,
    "otherExpenses": 2938000000,
    "operatingExpenses": 4444000000,
    "costAndExpenses": 18162000000,
    "interestIncome": 1358000000,
    "interestExpense": 169000000,
    "depreciationAndAmortization": 0,
    "ebitda": 7998000000,
    "ebitdaratio": 0.3006427846,
    "operatingIncome": 7688000000,
    "operatingIncomeRatio": 0.2889899635,
    "totalOtherIncomeExpensesNet": 141000000,
    "incomeBeforeTax": 7829000000,
    "incomeBeforeTaxRatio": 0.2942901177,
    "incomeTaxExpense": 2636000000,
    "netIncome": 5130000000,
    "netIncomeRatio": 0.1928353945,
    "eps": 2.22,
    "epsdiluted": 2.22,
    "weightedAverageShsOut": 2310656000,
    "weightedAverageShsOutDil": 2311083000,
    "link": "https://www.sec.gov/Archives/edgar/data/1067983/000095012906002521/0000950129-06-002521-index.htm",
    "finalLink": "https://www.sec.gov/Archives/edgar/data/1067983/000095012906002521/a18139e10vk.htm"
  },
  {
    "date": "2005-09-30",
    "symbol": "BRK-B",
    "reportedCurrency": "USD",
    "cik": "0001067983",
    "fillingDate": "2005-11-04",
    "acceptedDate": "2005-11-04 17:17:43",
    "calendarYear": "2005",
    "period": "Q3",
    "revenue": 11947000000,
    "costOfRevenue": 17549000000,
    "grossProfit": 1555000000,
    "grossProfitRatio": 0.1301581987,
    "researchAndDevelopmentExpenses": 0,
    "generalAndAdministrativeExpenses": 1289000000,
    "sellingAndMarketingExpenses": 0,
    "sellingGeneralAndAdministrativeExpenses": 1289000000,
    "otherExpenses": -428000000,
    "operatingExpenses": 1289000000,
    "costAndExpenses": 19698000000,
    "interestIncome": 1279000000,
    "interestExpense": 193000000,
    "depreciationAndAmortization": 0,
    "ebitda": 1028000000,
    "ebitdaratio": 0.0860467063,
    "operatingIncome": 694000000,
    "operatingIncomeRatio": 0.058089897,
    "totalOtherIncomeExpensesNet": 141000000,
    "incomeBeforeTax": 694000000,
    "incomeBeforeTaxRatio": 0.058089897,
    "incomeTaxExpense": 232000000,
    "netIncome": 586000000,
    "netIncomeRatio": 0.0490499707,
    "eps": 0.25,
    "epsdiluted": 0.25,
    "weightedAverageShsOut": 2309846000,
    "weightedAverageShsOutDil": 2309846000,
    "link": "https://www.sec.gov/Archives/edgar/data/1067983/000095012905010572/0000950129-05-010572-index.htm",
    "finalLink": "https://www.sec.gov/Archives/edgar/data/1067983/000095012905010572/a14052e10vq.htm"
  },
  {
    "date": "2005-06-30",
    "symbol": "BRK-B",
    "reportedCurrency": "USD",
    "cik": "0001067983",
    "fillingDate": "2005-08-05",
    "acceptedDate": "2005-08-05 17:24:52",
    "calendarYear": "2005",
    "period": "Q2",
    "revenue": 11239000000,
    "costOfRevenue": 13897000000,
    "grossProfit": 4732000000,
    "grossProfitRatio": 0.4210338998,
    "researchAndDevelopmentExpenses": 0,
    "generalAndAdministrativeExpenses": 1242000000,
    "sellingAndMarketingExpenses": 0,
    "sellingGeneralAndAdministrativeExpenses": 1242000000,
    "otherExpenses": 1436000000,
    "operatingExpenses": 6864000000,
    "costAndExpenses": 15974000000,
    "interestIncome": 1250000000,
    "interestExpense": 195000000,
    "depreciationAndAmortization": 0,
    "ebitda": 2349000000,
    "ebitdaratio": 0.2090043598,
    "operatingIncome": 2054000000,
    "operatingIncomeRatio": 0.182756473,
    "totalOtherIncomeExpensesNet": 100000000,
    "incomeBeforeTax": 2154000000,
    "incomeBeforeTaxRatio": 0.1916540617,
    "incomeTaxExpense": 691000000,
    "netIncome": 1449000000,
    "netIncomeRatio": 0.128926061,
    "eps": 0.63,
    "epsdiluted": 0.63,
    "weightedAverageShsOut": 2309481000,
    "weightedAverageShsOutDil": 2309481000,
    "link": "https://www.sec.gov/Archives/edgar/data/1067983/000095012905007767/0000950129-05-007767-index.htm",
    "finalLink": "https://www.sec.gov/Archives/edgar/data/1067983/000095012905007767/a11264e10vq.htm"
  },
  {
    "date": "2005-03-31",
    "symbol": "BRK-B",
    "reportedCurrency": "USD",
    "cik": "0001067983",
    "fillingDate": "2005-05-09",
    "acceptedDate": "2005-05-06 19:47:33",
    "calendarYear": "2005",
    "period": "Q1",
    "revenue": 10607000000,
    "costOfRevenue": 13673000000,
    "grossProfit": 4497000000,
    "grossProfitRatio": 0.4239653059,
    "researchAndDevelopmentExpenses": 0,
    "generalAndAdministrativeExpenses": 1291000000,
    "sellingAndMarketingExpenses": 0,
    "sellingGeneralAndAdministrativeExpenses": 1291000000,
    "otherExpenses": 1374000000,
    "operatingExpenses": 6851000000,
    "costAndExpenses": 15661000000,
    "interestIncome": 1154000000,
    "interestExpense": 166000000,
    "depreciationAndAmortization": 0,
    "ebitda": 2139000000,
    "ebitdaratio": 0.2016592816,
    "operatingIncome": 1832000000,
    "operatingIncomeRatio": 0.1727161309,
    "totalOtherIncomeExpensesNet": 141000000,
    "incomeBeforeTax": 1973000000,
    "incomeBeforeTaxRatio": 0.1860092392,
    "incomeTaxExpense": 600000000,
    "netIncome": 1363000000,
    "netIncomeRatio": 0.1285000471,
    "eps": 0.59,
    "epsdiluted": 0.59,
    "weightedAverageShsOut": 2308649000,
    "weightedAverageShsOutDil": 2308649000,
    "link": "https://www.sec.gov/Archives/edgar/data/1067983/000095012905004868/0000950129-05-004868-index.htm",
    "finalLink": "https://www.sec.gov/Archives/edgar/data/1067983/000095012905004868/a08729e10vq.htm"
  },
  {
    "date": "2004-12-31",
    "symbol": "BRK-B",
    "reportedCurrency": "USD",
    "cik": "0001067983",
    "fillingDate": "2005-03-15",
    "acceptedDate": "2005-03-15 14:59:29",
    "calendarYear": "2004",
    "period": "Q4",
    "revenue": 18587000000,
    "costOfRevenue": 13055000000,
    "grossProfit": 5532000000,
    "grossProfitRatio": 0.297627374,
    "researchAndDevelopmentExpenses": 0,
    "generalAndAdministrativeExpenses": 1335000000,
    "sellingAndMarketingExpenses": 0,
    "sellingGeneralAndAdministrativeExpenses": 1335000000,
    "otherExpenses": -565000000,
    "operatingExpenses": 770000000,
    "costAndExpenses": 13574000000,
    "interestIncome": 1048000000,
    "interestExpense": 131000000,
    "depreciationAndAmortization": 0,
    "ebitda": 5059000000,
    "ebitdaratio": 0.2721794803,
    "operatingIncome": 4762000000,
    "operatingIncomeRatio": 0.2562005703,
    "totalOtherIncomeExpensesNet": 166000000,
    "incomeBeforeTax": 4928000000,
    "incomeBeforeTaxRatio": 0.2651315436,
    "incomeTaxExpense": 1570000000,
    "netIncome": 3339000000,
    "netIncomeRatio": 0.179641685,
    "eps": 1.45,
    "epsdiluted": 1.45,
    "weightedAverageShsOut": 2307374000,
    "weightedAverageShsOutDil": 2308132000,
    "link": "https://www.sec.gov/Archives/edgar/data/1067983/000095012905002423/0000950129-05-002423-index.htm",
    "finalLink": "https://www.sec.gov/Archives/edgar/data/1067983/000095012905002423/a06623e10vk.htm"
  },
  {
    "date": "2004-09-30",
    "symbol": "BRK-B",
    "reportedCurrency": "USD",
    "cik": "0001067983",
    "fillingDate": "2004-11-08",
    "acceptedDate": "2004-11-05 18:52:23",
    "calendarYear": "2004",
    "period": "Q3",
    "revenue": 18599000000,
    "costOfRevenue": 15209000000,
    "grossProfit": 3390000000,
    "grossProfitRatio": 0.1822678639,
    "researchAndDevelopmentExpenses": 0,
    "generalAndAdministrativeExpenses": 1231000000,
    "sellingAndMarketingExpenses": 0,
    "sellingGeneralAndAdministrativeExpenses": 1231000000,
    "otherExpenses": 227000000,
    "operatingExpenses": 1596000000,
    "costAndExpenses": 16720000000,
    "interestIncome": 970000000,
    "interestExpense": 112000000,
    "depreciationAndAmortization": 0,
    "ebitda": 1906000000,
    "ebitdaratio": 0.1024786279,
    "operatingIncome": 1932000000,
    "operatingIncomeRatio": 0.1038765525,
    "totalOtherIncomeExpensesNet": -138000000,
    "incomeBeforeTax": 1794000000,
    "incomeBeforeTaxRatio": 0.0964567988,
    "incomeTaxExpense": 649000000,
    "netIncome": 1137000000,
    "netIncomeRatio": 0.0611323189,
    "eps": 0.49,
    "epsdiluted": 0.49,
    "weightedAverageShsOut": 2306855000,
    "weightedAverageShsOutDil": 2306855000,
    "link": "https://www.sec.gov/Archives/edgar/data/1067983/000095012904008588/0000950129-04-008588-index.htm",
    "finalLink": "https://www.sec.gov/Archives/edgar/data/1067983/000095012904008588/a02862e10vq.htm"
  },
  {
    "date": "2004-06-30",
    "symbol": "BRK-B",
    "reportedCurrency": "USD",
    "cik": "0001067983",
    "fillingDate": "2004-08-09",
    "acceptedDate": "2004-08-06 19:02:01",
    "calendarYear": "2004",
    "period": "Q2",
    "revenue": 18517000000,
    "costOfRevenue": 14016000000,
    "grossProfit": 4501000000,
    "grossProfitRatio": 0.2430739321,
    "researchAndDevelopmentExpenses": 0,
    "generalAndAdministrativeExpenses": 1241000000,
    "sellingAndMarketingExpenses": 0,
    "sellingGeneralAndAdministrativeExpenses": 1241000000,
    "otherExpenses": 1417000000,
    "operatingExpenses": 2658000000,
    "costAndExpenses": 16603000000,
    "interestIncome": 1010000000,
    "interestExpense": 245000000,
    "depreciationAndAmortization": 0,
    "ebitda": 2159000000,
    "ebitdaratio": 0.1165955608,
    "operatingIncome": 1843000000,
    "operatingIncomeRatio": 0.0995301615,
    "totalOtherIncomeExpensesNet": 71000000,
    "incomeBeforeTax": 1914000000,
    "incomeBeforeTaxRatio": 0.1033644759,
    "incomeTaxExpense": 617000000,
    "netIncome": 1282000000,
    "netIncomeRatio": 0.0692336772,
    "eps": 0.56,
    "epsdiluted": 0.56,
    "weightedAverageShsOut": 2306442000,
    "weightedAverageShsOutDil": 2306442000,
    "link": "https://www.sec.gov/Archives/edgar/data/1067983/000095012904005709/0000950129-04-005709-index.htm",
    "finalLink": "https://www.sec.gov/Archives/edgar/data/1067983/000095012904005709/a00798e10vq.htm"
  },
  {
    "date": "2004-03-31",
    "symbol": "BRK-B",
    "reportedCurrency": "USD",
    "cik": "0001067983",
    "fillingDate": "2004-05-10",
    "acceptedDate": "2004-05-07 18:01:13",
    "calendarYear": "2004",
    "period": "Q1",
    "revenue": 17166000000,
    "costOfRevenue": 13136000000,
    "grossProfit": 4030000000,
    "grossProfitRatio": 0.2347663987,
    "researchAndDevelopmentExpenses": 0,
    "generalAndAdministrativeExpenses": 1182000000,
    "sellingAndMarketingExpenses": 0,
    "sellingGeneralAndAdministrativeExpenses": 1182000000,
    "otherExpenses": 686000000,
    "operatingExpenses": 1645000000,
    "costAndExpenses": 14781000000,
    "interestIncome": 990000000,
    "interestExpense": 233000000,
    "depreciationAndAmortization": 0,
    "ebitda": 2533000000,
    "ebitdaratio": 0.1475591285,
    "operatingIncome": 2162000000,
    "operatingIncomeRatio": 0.1259466387,
    "totalOtherIncomeExpensesNet": 138000000,
    "incomeBeforeTax": 2300000000,
    "incomeBeforeTaxRatio": 0.1339857859,
    "incomeTaxExpense": 733000000,
    "netIncome": 1550000000,
    "netIncomeRatio": 0.0902947687,
    "eps": 0.67,
    "epsdiluted": 0.67,
    "weightedAverageShsOut": 2305613000,
    "weightedAverageShsOutDil": 2305613000,
    "link": "https://www.sec.gov/Archives/edgar/data/1067983/000095012904002994/0000950129-04-002994-index.htm",
    "finalLink": "https://www.sec.gov/Archives/edgar/data/1067983/000095012904002994/a98703e10vq.htm"
  },
  {
    "date": "2003-12-31",
    "symbol": "BRK-B",
    "reportedCurrency": "USD",
    "cik": "0001067983",
    "fillingDate": "2004-03-12",
    "acceptedDate": "2004-03-12 17:23:17",
    "calendarYear": "2003",
    "period": "Q4",
    "revenue": 20491000000,
    "costOfRevenue": 12634000000,
    "grossProfit": 7411000000,
    "grossProfitRatio": 0.3616709775,
    "researchAndDevelopmentExpenses": 0,
    "generalAndAdministrativeExpenses": 1088000000,
    "sellingAndMarketingExpenses": 0,
    "sellingGeneralAndAdministrativeExpenses": 1088000000,
    "otherExpenses": 2869000000,
    "operatingExpenses": 3957000000,
    "costAndExpenses": 16938000000,
    "interestIncome": 1047000000,
    "interestExpense": 118000000,
    "depreciationAndAmortization": 0,
    "ebitda": 3671000000,
    "ebitdaratio": 0.1791518228,
    "operatingIncome": 3454000000,
    "operatingIncomeRatio": 0.1685618076,
    "totalOtherIncomeExpensesNet": 99000000,
    "incomeBeforeTax": 3553000000,
    "incomeBeforeTaxRatio": 0.173393197,
    "incomeTaxExpense": 1156000000,
    "netIncome": 2386000000,
    "netIncomeRatio": 0.1164413645,
    "eps": 1.04,
    "epsdiluted": 1.04,
    "weightedAverageShsOut": 2304272000,
    "weightedAverageShsOutDil": 2304945000,
    "link": "https://www.sec.gov/Archives/edgar/data/1067983/000095015004000327/0000950150-04-000327-index.htm",
    "finalLink": "https://www.sec.gov/Archives/edgar/data/1067983/000095015004000327/a97198e10vk.htm"
  },
  {
    "date": "2003-09-30",
    "symbol": "BRK-B",
    "reportedCurrency": "USD",
    "cik": "0001067983",
    "fillingDate": "2003-11-10",
    "acceptedDate": "2003-11-07 18:46:07",
    "calendarYear": "2003",
    "period": "Q3",
    "revenue": 18259000000,
    "costOfRevenue": 12757000000,
    "grossProfit": 5593000000,
    "grossProfitRatio": 0.3063146941,
    "researchAndDevelopmentExpenses": 0,
    "generalAndAdministrativeExpenses": 1230000000,
    "sellingAndMarketingExpenses": 0,
    "sellingGeneralAndAdministrativeExpenses": 1230000000,
    "otherExpenses": 1893000000,
    "operatingExpenses": 3123000000,
    "costAndExpenses": 16214000000,
    "interestIncome": 928000000,
    "interestExpense": 98000000,
    "depreciationAndAmortization": 0,
    "ebitda": 2680000000,
    "ebitdaratio": 0.1467769319,
    "operatingIncome": 2470000000,
    "operatingIncomeRatio": 0.1352757544,
    "totalOtherIncomeExpensesNet": 112000000,
    "incomeBeforeTax": 2582000000,
    "incomeBeforeTaxRatio": 0.1414097158,
    "incomeTaxExpense": 766000000,
    "netIncome": 1806000000,
    "netIncomeRatio": 0.0989101265,
    "eps": 0.78,
    "epsdiluted": 0.78,
    "weightedAverageShsOut": 2303294000,
    "weightedAverageShsOutDil": 2303294000,
    "link": "https://www.sec.gov/Archives/edgar/data/1067983/000095015003001248/0000950150-03-001248-index.htm",
    "finalLink": "https://www.sec.gov/Archives/edgar/data/1067983/000095015003001248/a94220e10vq.htm"
  },
  {
    "date": "2003-06-30",
    "symbol": "BRK-B",
    "reportedCurrency": "USD",
    "cik": "0001067983",
    "fillingDate": "2003-08-11",
    "acceptedDate": "2003-08-08 18:58:59",
    "calendarYear": "2003",
    "period": "Q2",
    "revenue": 14074000000,
    "costOfRevenue": 8836000000,
    "grossProfit": 5329000000,
    "grossProfitRatio": 0.3786414665,
    "researchAndDevelopmentExpenses": 0,
    "generalAndAdministrativeExpenses": 1017000000,
    "sellingAndMarketingExpenses": 0,
    "sellingGeneralAndAdministrativeExpenses": 1017000000,
    "otherExpenses": 1067000000,
    "operatingExpenses": 2084000000,
    "costAndExpenses": 11061000000,
    "interestIncome": 1054000000,
    "interestExpense": 124000000,
    "depreciationAndAmortization": 0,
    "ebitda": 3459000000,
    "ebitdaratio": 0.2457723462,
    "operatingIncome": 3245000000,
    "operatingIncomeRatio": 0.230567003,
    "totalOtherIncomeExpensesNet": 90000000,
    "incomeBeforeTax": 3245000000,
    "incomeBeforeTaxRatio": 0.230567003,
    "incomeTaxExpense": 1078000000,
    "netIncome": 2229000000,
    "netIncomeRatio": 0.1583771494,
    "eps": 0.97,
    "epsdiluted": 0.97,
    "weightedAverageShsOut": 2302641000,
    "weightedAverageShsOutDil": 2302641000,
    "link": "https://www.sec.gov/Archives/edgar/data/1067983/000095015003000865/0000950150-03-000865-index.htm",
    "finalLink": "https://www.sec.gov/Archives/edgar/data/1067983/000095015003000865/a92106e10vq.htm"
  },
  {
    "date": "2003-03-31",
    "symbol": "BRK-B",
    "reportedCurrency": "USD",
    "cik": "0001067983",
    "fillingDate": "2003-05-12",
    "acceptedDate": "2003-05-09 18:36:35",
    "calendarYear": "2003",
    "period": "Q1",
    "revenue": 10685000000,
    "costOfRevenue": 6619000000,
    "grossProfit": 4066000000,
    "grossProfitRatio": 0.3805334581,
    "researchAndDevelopmentExpenses": 0,
    "generalAndAdministrativeExpenses": 893000000,
    "sellingAndMarketingExpenses": 0,
    "sellingGeneralAndAdministrativeExpenses": 893000000,
    "otherExpenses": 751000000,
    "operatingExpenses": 2090000000,
    "costAndExpenses": 8672000000,
    "interestIncome": 1162000000,
    "interestExpense": 132000000,
    "depreciationAndAmortization": 0,
    "ebitda": 2682000000,
    "ebitdaratio": 0.2510060833,
    "operatingIncome": 2422000000,
    "operatingIncomeRatio": 0.2266729059,
    "totalOtherIncomeExpensesNet": 128000000,
    "incomeBeforeTax": 2469000000,
    "incomeBeforeTaxRatio": 0.2310715957,
    "incomeTaxExpense": 805000000,
    "netIncome": 1730000000,
    "netIncomeRatio": 0.1619092185,
    "eps": 0.75,
    "epsdiluted": 0.75,
    "weightedAverageShsOut": 2302202000,
    "weightedAverageShsOutDil": 2302202000,
    "link": "https://www.sec.gov/Archives/edgar/data/1067983/000095015003000563/0000950150-03-000563-index.htm",
    "finalLink": "https://www.sec.gov/Archives/edgar/data/1067983/000095015003000563/a89906e10vq.htm"
  },
  {
    "date": "2002-12-31",
    "symbol": "BRK-B",
    "reportedCurrency": "USD",
    "cik": "0001067983",
    "fillingDate": "2003-03-27",
    "acceptedDate": "2003-03-27 17:19:22",
    "calendarYear": "2002",
    "period": "Q4",
    "revenue": 12205000000,
    "costOfRevenue": 7727000000,
    "grossProfit": 4478000000,
    "grossProfitRatio": 0.366898812,
    "researchAndDevelopmentExpenses": 0,
    "generalAndAdministrativeExpenses": 1109000000,
    "sellingAndMarketingExpenses": 0,
    "sellingGeneralAndAdministrativeExpenses": 667000000,
    "otherExpenses": 1746000000,
    "operatingExpenses": 2713000000,
    "costAndExpenses": 10379000000,
    "interestIncome": 1255000000,
    "interestExpense": 180000000,
    "depreciationAndAmortization": 0,
    "ebitda": 2006000000,
    "ebitdaratio": 0.1643588693,
    "operatingIncome": 2006000000,
    "operatingIncomeRatio": 0.1643588693,
    "totalOtherIncomeExpensesNet": 61000000,
    "incomeBeforeTax": 1790000000,
    "incomeBeforeTaxRatio": 0.1466612044,
    "incomeTaxExpense": 650000000,
    "netIncome": 1184000000,
    "netIncomeRatio": 0.0970094224,
    "eps": 0.51,
    "epsdiluted": 0.51,
    "weightedAverageShsOut": 2301587000,
    "weightedAverageShsOutDil": 2301984000,
    "link": "https://www.sec.gov/Archives/edgar/data/1067983/000095015003000377/0000950150-03-000377-index.htm",
    "finalLink": "https://www.sec.gov/Archives/edgar/data/1067983/000095015003000377/a88664e10vk.htm"
  },
  {
    "date": "2002-09-30",
    "symbol": "BRK-B",
    "reportedCurrency": "USD",
    "cik": "0001067983",
    "fillingDate": "2002-11-13",
    "acceptedDate": "2002-11-13 10:13:27",
    "calendarYear": "2002",
    "period": "Q3",
    "revenue": 9639000000,
    "costOfRevenue": 6838000000,
    "grossProfit": 2682000000,
    "grossProfitRatio": 0.2782446312,
    "researchAndDevelopmentExpenses": 0,
    "generalAndAdministrativeExpenses": 809000000,
    "sellingAndMarketingExpenses": 0,
    "sellingGeneralAndAdministrativeExpenses": 809000000,
    "otherExpenses": 348000000,
    "operatingExpenses": 4554000000,
    "costAndExpenses": 7991000000,
    "interestIncome": 1087000000,
    "interestExpense": 176000000,
    "depreciationAndAmortization": 0,
    "ebitda": 1824000000,
    "ebitdaratio": 0.1892312481,
    "operatingIncome": 1525000000,
    "operatingIncomeRatio": 0.1582114327,
    "totalOtherIncomeExpensesNet": 123000000,
    "incomeBeforeTax": 1648000000,
    "incomeBeforeTaxRatio": 0.1709720925,
    "incomeTaxExpense": 515000000,
    "netIncome": 1141000000,
    "netIncomeRatio": 0.1183732752,
    "eps": 0.5,
    "epsdiluted": 0.5,
    "weightedAverageShsOut": 2301093000,
    "weightedAverageShsOutDil": 2301093000,
    "link": "https://www.sec.gov/Archives/edgar/data/1067983/000095015002001032/0000950150-02-001032-index.htm",
    "finalLink": "https://www.sec.gov/Archives/edgar/data/1067983/000095015002001032/a85813e10vq.htm"
  },
  {
    "date": "2002-06-30",
    "symbol": "BRK-B",
    "reportedCurrency": "USD",
    "cik": "0001067983",
    "fillingDate": "2002-08-13",
    "acceptedDate": "2002-08-13 10:34:43",
    "calendarYear": "2002",
    "period": "Q2",
    "revenue": 8758000000,
    "costOfRevenue": 6545000000,
    "grossProfit": 2213000000,
    "grossProfitRatio": 0.252683261,
    "researchAndDevelopmentExpenses": 0,
    "generalAndAdministrativeExpenses": 776000000,
    "sellingAndMarketingExpenses": 0,
    "sellingGeneralAndAdministrativeExpenses": 776000000,
    "otherExpenses": 0,
    "operatingExpenses": 4173000000,
    "costAndExpenses": 7227000000,
    "interestIncome": 1035000000,
    "interestExpense": 175000000,
    "depreciationAndAmortization": 0,
    "ebitda": 1706000000,
    "ebitdaratio": 0.1947933318,
    "operatingIncome": 1437000000,
    "operatingIncomeRatio": 0.1640785567,
    "totalOtherIncomeExpensesNet": 94000000,
    "incomeBeforeTax": 1531000000,
    "incomeBeforeTaxRatio": 0.1748116008,
    "incomeTaxExpense": 469000000,
    "netIncome": 1045000000,
    "netIncomeRatio": 0.1193194793,
    "eps": 0.45,
    "epsdiluted": 0.45,
    "weightedAverageShsOut": 2300591000,
    "weightedAverageShsOutDil": 2300591000,
    "link": "https://www.sec.gov/Archives/edgar/data/1067983/000095015002000743/0000950150-02-000743-index.htm",
    "finalLink": "https://www.sec.gov/Archives/edgar/data/1067983/000095015002000743/a83678e10vq.htm"
  },
  {
    "date": "2002-03-31",
    "symbol": "BRK-B",
    "reportedCurrency": "USD",
    "cik": "0001067983",
    "fillingDate": "2002-05-14",
    "acceptedDate": "2002-05-14 17:13:38",
    "calendarYear": "2002",
    "period": "Q1",
    "revenue": 8199000000,
    "costOfRevenue": 6117000000,
    "grossProfit": 2082000000,
    "grossProfitRatio": 0.2539334065,
    "researchAndDevelopmentExpenses": 0,
    "generalAndAdministrativeExpenses": 616000000,
    "sellingAndMarketingExpenses": 758000000,
    "sellingGeneralAndAdministrativeExpenses": 1058000000,
    "otherExpenses": -12000000,
    "operatingExpenses": 4143000000,
    "costAndExpenses": 10060000000,
    "interestIncome": 1126000000,
    "interestExpense": 194000000,
    "depreciationAndAmortization": 0,
    "ebitda": 1584000000,
    "ebitdaratio": 0.193194292,
    "operatingIncome": 1336000000,
    "operatingIncomeRatio": 0.1629467008,
    "totalOtherIncomeExpensesNet": 54000000,
    "incomeBeforeTax": 1390000000,
    "incomeBeforeTaxRatio": 0.1695328699,
    "incomeTaxExpense": 460000000,
    "netIncome": 916000000,
    "netIncomeRatio": 0.1117209416,
    "eps": 0.4,
    "epsdiluted": 0.4,
    "weightedAverageShsOut": 2296440000,
    "weightedAverageShsOutDil": 2296440000,
    "link": "https://www.sec.gov/Archives/edgar/data/1067983/000095015002000490/0000950150-02-000490-index.htm",
    "finalLink": "https://www.sec.gov/Archives/edgar/data/1067983/000095015002000490/a81587e10-q.txt"
  },
  {
    "date": "2001-12-31",
    "symbol": "BRK-B",
    "reportedCurrency": "USD",
    "cik": "0001067983",
    "fillingDate": "2002-03-29",
    "acceptedDate": "2002-03-29 00:00:00",
    "calendarYear": "2001",
    "period": "Q4",
    "revenue": 9357000000,
    "costOfRevenue": 7359000000,
    "grossProfit": 1998000000,
    "grossProfitRatio": 0.2135299776,
    "researchAndDevelopmentExpenses": 0,
    "generalAndAdministrativeExpenses": 649000000,
    "sellingAndMarketingExpenses": 106000000,
    "sellingGeneralAndAdministrativeExpenses": 755000000,
    "otherExpenses": 981000000,
    "operatingExpenses": 1736000000,
    "costAndExpenses": 9066000000,
    "interestIncome": 697000000,
    "interestExpense": 49000000,
    "depreciationAndAmortization": 141000000,
    "ebitda": 481000000,
    "ebitdaratio": 0.051405365,
    "operatingIncome": 262000000,
    "operatingIncomeRatio": 0.0280004275,
    "totalOtherIncomeExpensesNet": 29000000,
    "incomeBeforeTax": 260000000,
    "incomeBeforeTaxRatio": 0.0277866838,
    "incomeTaxExpense": 169000000,
    "netIncome": 95000000,
    "netIncomeRatio": 0.0101528268,
    "eps": 0.042,
    "epsdiluted": 0.0414,
    "weightedAverageShsOut": 2292024000,
    "weightedAverageShsOutDil": 2292325000,
    "link": "https://www.sec.gov/Archives/edgar/data/1067983/000095015002000303/0000950150-02-000303-index.htm",
    "finalLink": "https://www.sec.gov/Archives/edgar/data/1067983/000095015002000303/a80220e10-k.txt"
  },
  {
    "date": "2001-09-30",
    "symbol": "BRK-B",
    "reportedCurrency": "USD",
    "cik": "0001067983",
    "fillingDate": "2001-11-14",
    "acceptedDate": "2001-11-14 00:00:00",
    "calendarYear": "2001",
    "period": "Q3",
    "revenue": 4252000000,
    "costOfRevenue": 9409000000,
    "grossProfit": -5157000000,
    "grossProfitRatio": -1.212841016,
    "researchAndDevelopmentExpenses": 0,
    "generalAndAdministrativeExpenses": 759000000,
    "sellingAndMarketingExpenses": 0,
    "sellingGeneralAndAdministrativeExpenses": 759000000,
    "otherExpenses": -10176000000,
    "operatingExpenses": -5635000000,
    "costAndExpenses": 1013000000,
    "interestIncome": 1099000000,
    "interestExpense": 254000000,
    "depreciationAndAmortization": 145000000,
    "ebitda": -647000000,
    "ebitdaratio": -0.1521636877,
    "operatingIncome": 4260000000,
    "operatingIncomeRatio": 1.0018814675,
    "totalOtherIncomeExpensesNet": 0,
    "incomeBeforeTax": -1046000000,
    "incomeBeforeTaxRatio": -0.2460018815,
    "incomeTaxExpense": -361000000,
    "netIncome": -679000000,
    "netIncomeRatio": -0.1596895579,
    "eps": -0.3,
    "epsdiluted": -0.3,
    "weightedAverageShsOut": 2291019000,
    "weightedAverageShsOutDil": 2291019000,
    "link": "https://www.sec.gov/Archives/edgar/data/1067983/000095015001500755/0000950150-01-500755-index.htm",
    "finalLink": "https://www.sec.gov/Archives/edgar/data/1067983/000095015001500755/a76996e10-q.txt"
  },
  {
    "date": "2001-06-30",
    "symbol": "BRK-B",
    "reportedCurrency": "USD",
    "cik": "0001067983",
    "fillingDate": "2001-08-13",
    "acceptedDate": "2001-08-13 00:00:00",
    "calendarYear": "2001",
    "period": "Q2",
    "revenue": 10694000000,
    "costOfRevenue": 8432000000,
    "grossProfit": 2262000000,
    "grossProfitRatio": 0.2115204788,
    "researchAndDevelopmentExpenses": 0,
    "generalAndAdministrativeExpenses": 814000000,
    "sellingAndMarketingExpenses": 0,
    "sellingGeneralAndAdministrativeExpenses": 814000000,
    "otherExpenses": 219000000,
    "operatingExpenses": 1033000000,
    "costAndExpenses": 9427000000,
    "interestIncome": 812000000,
    "interestExpense": 57000000,
    "depreciationAndAmortization": 144000000,
    "ebitda": 1468000000,
    "ebitdaratio": 0.1372732373,
    "operatingIncome": 1229000000,
    "operatingIncomeRatio": 0.1149242566,
    "totalOtherIncomeExpensesNet": 38000000,
    "incomeBeforeTax": 1236000000,
    "incomeBeforeTaxRatio": 0.1155788293,
    "incomeTaxExpense": 473000000,
    "netIncome": 773000000,
    "netIncomeRatio": 0.0722835235,
    "eps": 0.34,
    "epsdiluted": 0.34,
    "weightedAverageShsOut": 2290541000,
    "weightedAverageShsOutDil": 2290541000,
    "link": "https://www.sec.gov/Archives/edgar/data/1067983/000095015001500515/0000950150-01-500515-index.htm",
    "finalLink": "https://www.sec.gov/Archives/edgar/data/1067983/000095015001500515/a74931e10-q.txt"
  },
  {
    "date": "2001-03-31",
    "symbol": "BRK-B",
    "reportedCurrency": "USD",
    "cik": "0001067983",
    "fillingDate": "2001-05-15",
    "acceptedDate": "2001-05-15 00:00:00",
    "calendarYear": "2001",
    "period": "Q1",
    "revenue": 8115000000,
    "costOfRevenue": 5326000000,
    "grossProfit": 2789000000,
    "grossProfitRatio": 0.3436845348,
    "researchAndDevelopmentExpenses": 0,
    "generalAndAdministrativeExpenses": 778000000,
    "sellingAndMarketingExpenses": 0,
    "sellingGeneralAndAdministrativeExpenses": 778000000,
    "otherExpenses": 1101000000,
    "operatingExpenses": 4161000000,
    "costAndExpenses": 7158000000,
    "interestIncome": 773000000,
    "interestExpense": 60000000,
    "depreciationAndAmortization": 142000000,
    "ebitda": 1159000000,
    "ebitdaratio": 0.1428219347,
    "operatingIncome": 910000000,
    "operatingIncomeRatio": 0.112138016,
    "totalOtherIncomeExpensesNet": 47000000,
    "incomeBeforeTax": 926000000,
    "incomeBeforeTaxRatio": 0.1141096734,
    "incomeTaxExpense": 339000000,
    "netIncome": 606000000,
    "netIncomeRatio": 0.074676525,
    "eps": 0.27,
    "epsdiluted": 0.27,
    "weightedAverageShsOut": 2289809000,
    "weightedAverageShsOutDil": 2289809000,
    "link": "https://www.sec.gov/Archives/edgar/data/1067983/000095015001500319/0000950150-01-500319-index.htm",
    "finalLink": "https://www.sec.gov/Archives/edgar/data/1067983/000095015001500319/a72435e10-q.txt"
  },
  {
    "date": "2000-12-31",
    "symbol": "BRK-B",
    "reportedCurrency": "USD",
    "cik": "0001067983",
    "fillingDate": "2001-03-30",
    "acceptedDate": "2001-03-30 00:00:00",
    "calendarYear": "2000",
    "period": "Q4",
    "revenue": 12453000000,
    "costOfRevenue": 14705000000,
    "grossProfit": -2252000000,
    "grossProfitRatio": -0.1808399582,
    "researchAndDevelopmentExpenses": 0,
    "generalAndAdministrativeExpenses": 534000000,
    "sellingAndMarketingExpenses": 0,
    "sellingGeneralAndAdministrativeExpenses": 534000000,
    "otherExpenses": -4540000000,
    "operatingExpenses": -4006000000,
    "costAndExpenses": 11621000000,
    "interestIncome": 782000000,
    "interestExpense": 39000000,
    "depreciationAndAmortization": 346000000,
    "ebitda": 2177000000,
    "ebitdaratio": 0.1748173131,
    "operatingIncome": 1754000000,
    "operatingIncomeRatio": 0.1408495945,
    "totalOtherIncomeExpensesNet": 38000000,
    "incomeBeforeTax": 1792000000,
    "incomeBeforeTaxRatio": 0.143901068,
    "incomeTaxExpense": 680000000,
    "netIncome": 1084000000,
    "netIncomeRatio": 0.0870472978,
    "eps": 0.47,
    "epsdiluted": 0.47,
    "weightedAverageShsOut": 2288700000,
    "weightedAverageShsOutDil": 2288700000,
    "link": "https://www.sec.gov/Archives/edgar/data/1067983/000095015001000114/0000950150-01-000114-index.htm",
    "finalLink": "https://www.sec.gov/Archives/edgar/data/1067983/000095015001000114/a70817e10-k.txt"
  },
  {
    "date": "2000-09-30",
    "symbol": "BRK-B",
    "reportedCurrency": "USD",
    "cik": "0001067983",
    "fillingDate": "2000-11-13",
    "acceptedDate": "2000-11-13 00:00:00",
    "calendarYear": "2000",
    "period": "Q3",
    "revenue": 8324000000,
    "costOfRevenue": 6475000000,
    "grossProfit": 1849000000,
    "grossProfitRatio": 0.2221287842,
    "researchAndDevelopmentExpenses": 0,
    "generalAndAdministrativeExpenses": 413000000,
    "sellingAndMarketingExpenses": 0,
    "sellingGeneralAndAdministrativeExpenses": 413000000,
    "otherExpenses": 100000000,
    "operatingExpenses": 513000000,
    "costAndExpenses": 7908000000,
    "interestIncome": 648000000,
    "interestExpense": 38000000,
    "depreciationAndAmortization": 124000000,
    "ebitda": 1538000000,
    "ebitdaratio": 0.184766939,
    "operatingIncome": 1336000000,
    "operatingIncomeRatio": 0.1604997597,
    "totalOtherIncomeExpensesNet": 40000000,
    "incomeBeforeTax": 1376000000,
    "incomeBeforeTaxRatio": 0.1653051418,
    "incomeTaxExpense": 479000000,
    "netIncome": 797000000,
    "netIncomeRatio": 0.0957472369,
    "eps": 0.35,
    "epsdiluted": 0.35,
    "weightedAverageShsOut": 2286254000,
    "weightedAverageShsOutDil": 2286254000,
    "link": "https://www.sec.gov/Archives/edgar/data/1067983/000095015000000904/0000950150-00-000904-index.htm",
    "finalLink": "https://www.sec.gov/Archives/edgar/data/1067983/000095015000000904/a67077e10-q.txt"
  },
  {
    "date": "2000-06-30",
    "symbol": "BRK-B",
    "reportedCurrency": "USD",
    "cik": "0001067983",
    "fillingDate": "2000-08-14",
    "acceptedDate": "2000-08-14 00:00:00",
    "calendarYear": "2000",
    "period": "Q2",
    "revenue": 6470000000,
    "costOfRevenue": 4904000000,
    "grossProfit": 1566000000,
    "grossProfitRatio": 0.2420401855,
    "researchAndDevelopmentExpenses": 0,
    "generalAndAdministrativeExpenses": 378000000,
    "sellingAndMarketingExpenses": 0,
    "sellingGeneralAndAdministrativeExpenses": 378000000,
    "otherExpenses": 96000000,
    "operatingExpenses": 474000000,
    "costAndExpenses": 6316000000,
    "interestIncome": 627000000,
    "interestExpense": 34000000,
    "depreciationAndAmortization": 123000000,
    "ebitda": 1271000000,
    "ebitdaratio": 0.1964451314,
    "operatingIncome": 1092000000,
    "operatingIncomeRatio": 0.1687789799,
    "totalOtherIncomeExpensesNet": 22000000,
    "incomeBeforeTax": 1114000000,
    "incomeBeforeTaxRatio": 0.172179289,
    "incomeTaxExpense": 395000000,
    "netIncome": 640000000,
    "netIncomeRatio": 0.0989180835,
    "eps": 0.28,
    "epsdiluted": 0.28,
    "weightedAverageShsOut": 2281584000,
    "weightedAverageShsOutDil": 2281584000,
    "link": "https://www.sec.gov/Archives/edgar/data/1067983/000095015000000694/0000950150-00-000694-index.htm",
    "finalLink": "https://www.sec.gov/Archives/edgar/data/1067983/000095015000000694/e10-q.txt"
  },
  {
    "date": "2000-03-31",
    "symbol": "BRK-B",
    "reportedCurrency": "USD",
    "cik": "0001067983",
    "fillingDate": "2000-05-15",
    "acceptedDate": "2000-05-15 00:00:00",
    "calendarYear": "2000",
    "period": "Q1",
    "revenue": 6192000000,
    "costOfRevenue": 3765000000,
    "grossProfit": 2427000000,
    "grossProfitRatio": 0.3919573643,
    "researchAndDevelopmentExpenses": 0,
    "generalAndAdministrativeExpenses": 378000000,
    "sellingAndMarketingExpenses": 0,
    "sellingGeneralAndAdministrativeExpenses": 378000000,
    "otherExpenses": 749000000,
    "operatingExpenses": 1127000000,
    "costAndExpenses": 4887000000,
    "interestIncome": 629000000,
    "interestExpense": 33000000,
    "depreciationAndAmortization": 122000000,
    "ebitda": 1460000000,
    "ebitdaratio": 0.2357881137,
    "operatingIncome": 1300000000,
    "operatingIncomeRatio": 0.2099483204,
    "totalOtherIncomeExpensesNet": 5000000,
    "incomeBeforeTax": 1305000000,
    "incomeBeforeTaxRatio": 0.210755814,
    "incomeTaxExpense": 464000000,
    "netIncome": 807000000,
    "netIncomeRatio": 0.1303294574,
    "eps": 0.35,
    "epsdiluted": 0.35,
    "weightedAverageShsOut": 2281019000,
    "weightedAverageShsOutDil": 2281019000,
    "link": "https://www.sec.gov/Archives/edgar/data/1067983/000095015000000428/0000950150-00-000428-index.html",
    "finalLink": "https://www.sec.gov/Archives/edgar/data/1067983/000095015000000428/0000950150-00-000428.txt"
  },
  {
    "date": "1999-12-31",
    "symbol": "BRK-B",
    "reportedCurrency": "USD",
    "cik": "0001067983",
    "fillingDate": "2000-03-29",
    "acceptedDate": "2000-03-29 00:00:00",
    "calendarYear": "1999",
    "period": "Q4",
    "revenue": 6092000000,
    "costOfRevenue": 4687000000,
    "grossProfit": 1405000000,
    "grossProfitRatio": 0.2306303349,
    "researchAndDevelopmentExpenses": 0,
    "generalAndAdministrativeExpenses": 0,
    "sellingAndMarketingExpenses": 0,
    "sellingGeneralAndAdministrativeExpenses": 359000000,
    "otherExpenses": 1012000000,
    "operatingExpenses": 1371000000,
    "costAndExpenses": 6058000000,
    "interestIncome": 593000000,
    "interestExpense": 34000000,
    "depreciationAndAmortization": 121000000,
    "ebitda": 189000000,
    "ebitdaratio": 0.0310242942,
    "operatingIncome": 34000000,
    "operatingIncomeRatio": 0.00558109,
    "totalOtherIncomeExpensesNet": 0,
    "incomeBeforeTax": 34000000,
    "incomeBeforeTaxRatio": 0.00558109,
    "incomeTaxExpense": -3000000,
    "netIncome": 24000000,
    "netIncomeRatio": 0.0039395929,
    "eps": 0.01,
    "epsdiluted": 0.0105,
    "weightedAverageShsOut": 2280440000,
    "weightedAverageShsOutDil": 2280841000,
    "link": "https://www.sec.gov/Archives/edgar/data/1067983/000095015000000239/0000950150-00-000239-index.html",
    "finalLink": "https://www.sec.gov/Archives/edgar/data/1067983/000095015000000239/0000950150-00-000239.txt"
  },
  {
    "date": "1999-09-30",
    "symbol": "BRK-B",
    "reportedCurrency": "USD",
    "cik": "0001067983",
    "fillingDate": "1999-11-15",
    "acceptedDate": "1999-11-15 00:00:00",
    "calendarYear": "1999",
    "period": "Q3",
    "revenue": 7039000000,
    "costOfRevenue": 6154000000,
    "grossProfit": 885000000,
    "grossProfitRatio": 0.1257280864,
    "researchAndDevelopmentExpenses": 0,
    "generalAndAdministrativeExpenses": 0,
    "sellingAndMarketingExpenses": 0,
    "sellingGeneralAndAdministrativeExpenses": 267000000,
    "otherExpenses": -51000000,
    "operatingExpenses": 216000000,
    "costAndExpenses": 6370000000,
    "interestIncome": 614000000,
    "interestExpense": 35000000,
    "depreciationAndAmortization": 119000000,
    "ebitda": 823000000,
    "ebitdaratio": 0.116920017,
    "operatingIncome": 669000000,
    "operatingIncomeRatio": 0.0950419094,
    "totalOtherIncomeExpensesNet": 0,
    "incomeBeforeTax": 669000000,
    "incomeBeforeTaxRatio": 0.0950419094,
    "incomeTaxExpense": 237000000,
    "netIncome": 420000000,
    "netIncomeRatio": 0.0596675664,
    "eps": 0.18,
    "epsdiluted": 0.18,
    "weightedAverageShsOut": 2279930000,
    "weightedAverageShsOutDil": 2279930000,
    "link": "https://www.sec.gov/Archives/edgar/data/1067983/000095015099001239/0000950150-99-001239-index.html",
    "finalLink": "https://www.sec.gov/Archives/edgar/data/1067983/000095015099001239/0000950150-99-001239.txt"
  },
  {
    "date": "1999-06-30",
    "symbol": "BRK-B",
    "reportedCurrency": "USD",
    "cik": "0001067983",
    "fillingDate": "1999-08-16",
    "acceptedDate": "1999-08-16 00:00:00",
    "calendarYear": "1999",
    "period": "Q2",
    "revenue": 5385000000,
    "costOfRevenue": 4350000000,
    "grossProfit": 1035000000,
    "grossProfitRatio": 0.1922005571,
    "researchAndDevelopmentExpenses": 0,
    "generalAndAdministrativeExpenses": 0,
    "sellingAndMarketingExpenses": 0,
    "sellingGeneralAndAdministrativeExpenses": 269000000,
    "otherExpenses": -99000000,
    "operatingExpenses": 170000000,
    "costAndExpenses": 4520000000,
    "interestIncome": 534000000,
    "interestExpense": 32000000,
    "depreciationAndAmortization": 119000000,
    "ebitda": 1016000000,
    "ebitdaratio": 0.1886722377,
    "operatingIncome": 865000000,
    "operatingIncomeRatio": 0.1606313835,
    "totalOtherIncomeExpensesNet": 0,
    "incomeBeforeTax": 865000000,
    "incomeBeforeTaxRatio": 0.1606313835,
    "incomeTaxExpense": 291000000,
    "netIncome": 572000000,
    "netIncomeRatio": 0.1062209842,
    "eps": 0.25,
    "epsdiluted": 0.25,
    "weightedAverageShsOut": 2279484000,
    "weightedAverageShsOutDil": 2279484000,
    "link": "https://www.sec.gov/Archives/edgar/data/1067983/000095015099000983/0000950150-99-000983-index.htm",
    "finalLink": "https://www.sec.gov/Archives/edgar/data/1067983/000095015099000983/0000950150-99-000983.txt"
  },
  {
    "date": "1999-03-31",
    "symbol": "BRK-B",
    "reportedCurrency": "USD",
    "cik": "0001067983",
    "fillingDate": "1999-05-17",
    "acceptedDate": "1999-05-17 00:00:00",
    "calendarYear": "1999",
    "period": "Q1",
    "revenue": 5387000000,
    "costOfRevenue": 4309000000,
    "grossProfit": 1078000000,
    "grossProfitRatio": 0.2001113792,
    "researchAndDevelopmentExpenses": 0,
    "generalAndAdministrativeExpenses": 0,
    "sellingAndMarketingExpenses": 0,
    "sellingGeneralAndAdministrativeExpenses": 269000000,
    "otherExpenses": -73000000,
    "operatingExpenses": 196000000,
    "costAndExpenses": 4505000000,
    "interestIncome": 573000000,
    "interestExpense": 33000000,
    "depreciationAndAmortization": 118000000,
    "ebitda": 1033000000,
    "ebitdaratio": 0.1917579358,
    "operatingIncome": 882000000,
    "operatingIncomeRatio": 0.1637274921,
    "totalOtherIncomeExpensesNet": 0,
    "incomeBeforeTax": 882000000,
    "incomeBeforeTaxRatio": 0.1637274921,
    "incomeTaxExpense": 327000000,
    "netIncome": 541000000,
    "netIncomeRatio": 0.1004269538,
    "eps": 0.24,
    "epsdiluted": 0.24,
    "weightedAverageShsOut": 2278344000,
    "weightedAverageShsOutDil": 2278344000,
    "link": "https://www.sec.gov/Archives/edgar/data/1067983/000095015099000686/0000950150-99-000686-index.html",
    "finalLink": "https://www.sec.gov/Archives/edgar/data/1067983/0000950150-99-000686.txt"
  },
  {
    "date": "1998-12-31",
    "symbol": "BRK-B",
    "reportedCurrency": "USD",
    "cik": "0001067983",
    "fillingDate": "1999-03-30",
    "acceptedDate": "1999-03-30 00:00:00",
    "calendarYear": "1998",
    "period": "Q4",
    "revenue": 3486000000,
    "costOfRevenue": 2043000000,
    "grossProfit": 1443000000,
    "grossProfitRatio": 0.4139414802,
    "researchAndDevelopmentExpenses": 0,
    "generalAndAdministrativeExpenses": 0,
    "sellingAndMarketingExpenses": 0,
    "sellingGeneralAndAdministrativeExpenses": 312000000,
    "otherExpenses": 269000000,
    "operatingExpenses": 581000000,
    "costAndExpenses": 2624000000,
    "interestIncome": 275000000,
    "interestExpense": 27000000,
    "depreciationAndAmortization": 38000000,
    "ebitda": 927000000,
    "ebitdaratio": 0.2659208262,
    "operatingIncome": 862000000,
    "operatingIncomeRatio": 0.2472748135,
    "totalOtherIncomeExpensesNet": 0,
    "incomeBeforeTax": 862000000,
    "incomeBeforeTaxRatio": 0.2472748135,
    "incomeTaxExpense": 291000000,
    "netIncome": 567000000,
    "netIncomeRatio": 0.1626506024,
    "eps": 0.29,
    "epsdiluted": 0.29,
    "weightedAverageShsOut": 1918840000,
    "weightedAverageShsOutDil": 2279098000,
    "link": "https://www.sec.gov/Archives/edgar/data/1067983/000095015099000379/0000950150-99-000379-index.html",
    "finalLink": "https://www.sec.gov/Archives/edgar/data/1067983/0000950150-99-000379.txt"
  },
  {
    "date": "1998-09-30",
    "symbol": "BRK-B",
    "reportedCurrency": "USD",
    "cik": "0001067983",
    "fillingDate": "1998-09-30",
    "acceptedDate": "1998-09-29 20:00:00",
    "calendarYear": "1998",
    "period": "Q3",
    "revenue": 2896000000,
    "costOfRevenue": 2560000000,
    "grossProfit": 336000000,
    "grossProfitRatio": 0.1160220994,
    "researchAndDevelopmentExpenses": 0,
    "generalAndAdministrativeExpenses": 0,
    "sellingAndMarketingExpenses": 0,
    "sellingGeneralAndAdministrativeExpenses": 248000000,
    "otherExpenses": -460000000,
    "operatingExpenses": -212000000,
    "costAndExpenses": 2348000000,
    "interestIncome": 231000000,
    "interestExpense": 28000000,
    "depreciationAndAmortization": 26000000,
    "ebitda": 602000000,
    "ebitdaratio": 0.2078729282,
    "operatingIncome": 548000000,
    "operatingIncomeRatio": 0.1892265193,
    "totalOtherIncomeExpensesNet": 0,
    "incomeBeforeTax": 548000000,
    "incomeBeforeTaxRatio": 0.1892265193,
    "incomeTaxExpense": 179000000,
    "netIncome": 365000000,
    "netIncomeRatio": 0.1260359116,
    "eps": 0.2,
    "epsdiluted": 0.2,
    "weightedAverageShsOut": 1866412000,
    "weightedAverageShsOutDil": 1866412000,
    "link": "",
    "finalLink": ""
  },
  {
    "date": "1998-06-30",
    "symbol": "BRK-B",
    "reportedCurrency": "USD",
    "cik": "0001067983",
    "fillingDate": "1998-06-30",
    "acceptedDate": "1998-06-29 20:00:00",
    "calendarYear": "1998",
    "period": "Q2",
    "revenue": 3925000000,
    "costOfRevenue": 2176000000,
    "grossProfit": 1749000000,
    "grossProfitRatio": 0.4456050955,
    "researchAndDevelopmentExpenses": 0,
    "generalAndAdministrativeExpenses": 0,
    "sellingAndMarketingExpenses": 0,
    "sellingGeneralAndAdministrativeExpenses": 247000000,
    "otherExpenses": -313000000,
    "operatingExpenses": -66000000,
    "costAndExpenses": 2110000000,
    "interestIncome": 269000000,
    "interestExpense": 27000000,
    "depreciationAndAmortization": 24000000,
    "ebitda": 1866000000,
    "ebitdaratio": 0.4754140127,
    "operatingIncome": 1815000000,
    "operatingIncomeRatio": 0.4624203822,
    "totalOtherIncomeExpensesNet": 0,
    "incomeBeforeTax": 1815000000,
    "incomeBeforeTaxRatio": 0.4624203822,
    "incomeTaxExpense": 624000000,
    "netIncome": 1176000000,
    "netIncomeRatio": 0.2996178344,
    "eps": 0.63,
    "epsdiluted": 0.63,
    "weightedAverageShsOut": 1861799000,
    "weightedAverageShsOutDil": 1861799000,
    "link": "",
    "finalLink": ""
  },
  {
    "date": "1998-03-31",
    "symbol": "BRK-B",
    "reportedCurrency": "USD",
    "cik": "0001067983",
    "fillingDate": "1998-03-31",
    "acceptedDate": "1998-03-30 19:00:00",
    "calendarYear": "1998",
    "period": "Q1",
    "revenue": 3313000000,
    "costOfRevenue": 2332000000,
    "grossProfit": 981000000,
    "grossProfitRatio": 0.2961062481,
    "researchAndDevelopmentExpenses": 0,
    "generalAndAdministrativeExpenses": 0,
    "sellingAndMarketingExpenses": 0,
    "sellingGeneralAndAdministrativeExpenses": 249000000,
    "otherExpenses": -357000000,
    "operatingExpenses": -108000000,
    "costAndExpenses": 2224000000,
    "interestIncome": 236000000,
    "interestExpense": 27000000,
    "depreciationAndAmortization": 23000000,
    "ebitda": 1139000000,
    "ebitdaratio": 0.3437971627,
    "operatingIncome": 1089000000,
    "operatingIncomeRatio": 0.3287051011,
    "totalOtherIncomeExpensesNet": 0,
    "incomeBeforeTax": 1089000000,
    "incomeBeforeTaxRatio": 0.3287051011,
    "incomeTaxExpense": 363000000,
    "netIncome": 722000000,
    "netIncomeRatio": 0.2179293692,
    "eps": 0.39,
    "epsdiluted": 0.39,
    "weightedAverageShsOut": 1861064000,
    "weightedAverageShsOutDil": 1861064000,
    "link": "",
    "finalLink": ""
  },
  {
    "date": "1997-12-31",
    "symbol": "BRK-B",
    "reportedCurrency": "USD",
    "cik": "0001067983",
    "fillingDate": "1997-12-31",
    "acceptedDate": "1997-12-30 19:00:00",
    "calendarYear": "1997",
    "period": "Q4",
    "revenue": 3727600000,
    "costOfRevenue": 2748800000,
    "grossProfit": 978800000,
    "grossProfitRatio": 0.2625818221,
    "researchAndDevelopmentExpenses": 0,
    "generalAndAdministrativeExpenses": 0,
    "sellingAndMarketingExpenses": 0,
    "sellingGeneralAndAdministrativeExpenses": 132700000,
    "otherExpenses": -646400000,
    "operatingExpenses": -513700000,
    "costAndExpenses": 2235100000,
    "interestIncome": 358500000,
    "interestExpense": 27900000,
    "depreciationAndAmortization": 20700000,
    "ebitda": 1541100000,
    "ebitdaratio": 0.4134295525,
    "operatingIncome": 1492500000,
    "operatingIncomeRatio": 0.4003916729,
    "totalOtherIncomeExpensesNet": 0,
    "incomeBeforeTax": 1492500000,
    "incomeBeforeTaxRatio": 0.4003916729,
    "incomeTaxExpense": 502700000,
    "netIncome": 972800000,
    "netIncomeRatio": 0.2609722073,
    "eps": 0.53,
    "epsdiluted": 0.53,
    "weightedAverageShsOut": 1852892000,
    "weightedAverageShsOutDil": 1852892000,
    "link": "",
    "finalLink": ""
  },
  {
    "date": "1997-09-30",
    "symbol": "BRK-B",
    "reportedCurrency": "USD",
    "cik": "0001067983",
    "fillingDate": "1997-09-30",
    "acceptedDate": "1997-09-29 20:00:00",
    "calendarYear": "1997",
    "period": "Q3",
    "revenue": 2364000000,
    "costOfRevenue": 1909000000,
    "grossProfit": 455000000,
    "grossProfitRatio": 0.1924703892,
    "researchAndDevelopmentExpenses": 0,
    "generalAndAdministrativeExpenses": 221000000,
    "sellingAndMarketingExpenses": 0,
    "sellingGeneralAndAdministrativeExpenses": 221000000,
    "otherExpenses": -305000000,
    "operatingExpenses": -84000000,
    "costAndExpenses": 1825000000,
    "interestIncome": 237000000,
    "interestExpense": 29000000,
    "depreciationAndAmortization": 21000000,
    "ebitda": 589000000,
    "ebitdaratio": 0.2491539763,
    "operatingIncome": 539000000,
    "operatingIncomeRatio": 0.2280033841,
    "totalOtherIncomeExpensesNet": 0,
    "incomeBeforeTax": 539000000,
    "incomeBeforeTaxRatio": 0.2280033841,
    "incomeTaxExpense": 169000000,
    "netIncome": 367000000,
    "netIncomeRatio": 0.1552453469,
    "eps": 0.2,
    "epsdiluted": 0.2,
    "weightedAverageShsOut": 1851181000,
    "weightedAverageShsOutDil": 1851181000,
    "link": "",
    "finalLink": ""
  },
  {
    "date": "1997-06-30",
    "symbol": "BRK-B",
    "reportedCurrency": "USD",
    "cik": "0001067983",
    "fillingDate": "1997-06-30",
    "acceptedDate": "1997-06-29 20:00:00",
    "calendarYear": "1997",
    "period": "Q2",
    "revenue": 1260000000,
    "costOfRevenue": 1933800000,
    "grossProfit": -673800000,
    "grossProfitRatio": -0.5347619048,
    "researchAndDevelopmentExpenses": 0,
    "generalAndAdministrativeExpenses": 215000000,
    "sellingAndMarketingExpenses": 0,
    "sellingGeneralAndAdministrativeExpenses": 215000000,
    "otherExpenses": -2120800000,
    "operatingExpenses": -1905800000,
    "costAndExpenses": 28000000,
    "interestIncome": 214000000,
    "interestExpense": 27000000,
    "depreciationAndAmortization": 21000000,
    "ebitda": 446000000,
    "ebitdaratio": 0.353968254,
    "operatingIncome": 1232000000,
    "operatingIncomeRatio": 0.9777777778,
    "totalOtherIncomeExpensesNet": -834000000,
    "incomeBeforeTax": 398000000,
    "incomeBeforeTaxRatio": 0.3158730159,
    "incomeTaxExpense": 116000000,
    "netIncome": 278000000,
    "netIncomeRatio": 0.2206349206,
    "eps": 0.15,
    "epsdiluted": 0.15,
    "weightedAverageShsOut": 1848367000,
    "weightedAverageShsOutDil": 1848367000,
    "link": "",
    "finalLink": ""
  },
  {
    "date": "1997-03-31",
    "symbol": "BRK-B",
    "reportedCurrency": "USD",
    "cik": "0001067983",
    "fillingDate": "1997-03-31",
    "acceptedDate": "1997-03-30 19:00:00",
    "calendarYear": "1997",
    "period": "Q1",
    "revenue": 2068000000,
    "costOfRevenue": 1755000000,
    "grossProfit": 313000000,
    "grossProfitRatio": 0.1513539652,
    "researchAndDevelopmentExpenses": 0,
    "generalAndAdministrativeExpenses": 0,
    "sellingAndMarketingExpenses": 0,
    "sellingGeneralAndAdministrativeExpenses": 214000000,
    "otherExpenses": -299000000,
    "operatingExpenses": -85000000,
    "costAndExpenses": 1670000000,
    "interestIncome": 235000000,
    "interestExpense": 28000000,
    "depreciationAndAmortization": 21000000,
    "ebitda": 447000000,
    "ebitdaratio": 0.2161508704,
    "operatingIncome": 398000000,
    "operatingIncomeRatio": 0.1924564797,
    "totalOtherIncomeExpensesNet": 0,
    "incomeBeforeTax": 398000000,
    "incomeBeforeTaxRatio": 0.1924564797,
    "incomeTaxExpense": 110000000,
    "netIncome": 284000000,
    "netIncomeRatio": 0.1373307544,
    "eps": 0.15,
    "epsdiluted": 0.15,
    "weightedAverageShsOut": 1848367000,
    "weightedAverageShsOutDil": 1848367000,
    "link": "",
    "finalLink": ""
  },
  {
    "date": "1996-12-31",
    "symbol": "BRK-B",
    "reportedCurrency": "USD",
    "cik": "0001067983",
    "fillingDate": "1996-12-31",
    "acceptedDate": "1996-12-30 19:00:00",
    "calendarYear": "1996",
    "period": "Q4",
    "revenue": 2485000000,
    "costOfRevenue": 2143300000,
    "grossProfit": 341700000,
    "grossProfitRatio": 0.1375050302,
    "researchAndDevelopmentExpenses": 0,
    "generalAndAdministrativeExpenses": 0,
    "sellingAndMarketingExpenses": 0,
    "sellingGeneralAndAdministrativeExpenses": 270800000,
    "otherExpenses": -449100000,
    "operatingExpenses": -178300000,
    "costAndExpenses": 1965000000,
    "interestIncome": 292300000,
    "interestExpense": 20000000,
    "depreciationAndAmortization": 16000000,
    "ebitda": 556000000,
    "ebitdaratio": 0.2237424547,
    "operatingIncome": 520000000,
    "operatingIncomeRatio": 0.2092555332,
    "totalOtherIncomeExpensesNet": 0,
    "incomeBeforeTax": 520000000,
    "incomeBeforeTaxRatio": 0.2092555332,
    "incomeTaxExpense": 151400000,
    "netIncome": 364700000,
    "netIncomeRatio": 0.1467605634,
    "eps": 0.2,
    "epsdiluted": 0.2,
    "weightedAverageShsOut": 1819373000,
    "weightedAverageShsOutDil": 1848367000,
    "link": "",
    "finalLink": ""
  },
  {
    "date": "1996-09-30",
    "symbol": "BRK-B",
    "reportedCurrency": "USD",
    "cik": "0001067983",
    "fillingDate": "1996-09-30",
    "acceptedDate": "1996-09-29 20:00:00",
    "calendarYear": "1996",
    "period": "Q3",
    "revenue": 2009400000,
    "costOfRevenue": 1707900000,
    "grossProfit": 301500000,
    "grossProfitRatio": 0.1500447895,
    "researchAndDevelopmentExpenses": 0,
    "generalAndAdministrativeExpenses": 0,
    "sellingAndMarketingExpenses": 0,
    "sellingGeneralAndAdministrativeExpenses": 196900000,
    "otherExpenses": -261400000,
    "operatingExpenses": -64500000,
    "costAndExpenses": 1643400000,
    "interestIncome": 220300000,
    "interestExpense": 26500000,
    "depreciationAndAmortization": 15100000,
    "ebitda": 407600000,
    "ebitdaratio": 0.2028466209,
    "operatingIncome": 366000000,
    "operatingIncomeRatio": 0.1821439236,
    "totalOtherIncomeExpensesNet": 0,
    "incomeBeforeTax": 366000000,
    "incomeBeforeTaxRatio": 0.1821439236,
    "incomeTaxExpense": 98200000,
    "netIncome": 264000000,
    "netIncomeRatio": 0.1313825022,
    "eps": 0.15,
    "epsdiluted": 0.15,
    "weightedAverageShsOut": 1816142000,
    "weightedAverageShsOutDil": 1816142000,
    "link": "",
    "finalLink": ""
  },
  {
    "date": "1996-06-30",
    "symbol": "BRK-B",
    "reportedCurrency": "USD",
    "cik": "0001067983",
    "fillingDate": "1996-06-30",
    "acceptedDate": "1996-06-29 20:00:00",
    "calendarYear": "1996",
    "period": "Q2",
    "revenue": 1909600000,
    "costOfRevenue": 1682100000,
    "grossProfit": 227500000,
    "grossProfitRatio": 0.1191348974,
    "researchAndDevelopmentExpenses": 0,
    "generalAndAdministrativeExpenses": 0,
    "sellingAndMarketingExpenses": 0,
    "sellingGeneralAndAdministrativeExpenses": 203700000,
    "otherExpenses": -239600000,
    "operatingExpenses": -35900000,
    "costAndExpenses": 1646200000,
    "interestIncome": 190000000,
    "interestExpense": 26900000,
    "depreciationAndAmortization": 15500000,
    "ebitda": 305800000,
    "ebitdaratio": 0.1601382488,
    "operatingIncome": 263400000,
    "operatingIncomeRatio": 0.137934646,
    "totalOtherIncomeExpensesNet": 0,
    "incomeBeforeTax": 263400000,
    "incomeBeforeTaxRatio": 0.137934646,
    "incomeTaxExpense": 69100000,
    "netIncome": 191200000,
    "netIncomeRatio": 0.1001256808,
    "eps": 0.11,
    "epsdiluted": 0.11,
    "weightedAverageShsOut": 1805621000,
    "weightedAverageShsOutDil": 1805621000,
    "link": "",
    "finalLink": ""
  },
  {
    "date": "1996-03-31",
    "symbol": "BRK-B",
    "reportedCurrency": "USD",
    "cik": "0001067983",
    "fillingDate": "1996-03-31",
    "acceptedDate": "1996-03-30 19:00:00",
    "calendarYear": "1996",
    "period": "Q1",
    "revenue": 4133900000,
    "costOfRevenue": 1600900000,
    "grossProfit": 2533000000,
    "grossProfitRatio": 0.6127385762,
    "researchAndDevelopmentExpenses": 0,
    "generalAndAdministrativeExpenses": 0,
    "sellingAndMarketingExpenses": 0,
    "sellingGeneralAndAdministrativeExpenses": 210900000,
    "otherExpenses": -234400000,
    "operatingExpenses": -23500000,
    "costAndExpenses": 1577400000,
    "interestIncome": 172200000,
    "interestExpense": 26300000,
    "depreciationAndAmortization": 15100000,
    "ebitda": 2597900000,
    "ebitdaratio": 0.6284380367,
    "operatingIncome": 2556500000,
    "operatingIncomeRatio": 0.6184232807,
    "totalOtherIncomeExpensesNet": 0,
    "incomeBeforeTax": 2556500000,
    "incomeBeforeTaxRatio": 0.6184232807,
    "incomeTaxExpense": 878100000,
    "netIncome": 1668700000,
    "netIncomeRatio": 0.4036624011,
    "eps": 0.93,
    "epsdiluted": 0.93,
    "weightedAverageShsOut": 1790267000,
    "weightedAverageShsOutDil": 1790267000,
    "link": "",
    "finalLink": ""
  },
  {
    "date": "1995-12-31",
    "symbol": "BRK-B",
    "reportedCurrency": "USD",
    "cik": "0001067983",
    "fillingDate": "1995-12-31",
    "acceptedDate": "1995-12-30 19:00:00",
    "calendarYear": "1995",
    "period": "Q4",
    "revenue": 661000000,
    "costOfRevenue": 1258500000,
    "grossProfit": 1180000000,
    "grossProfitRatio": 1.7851739788,
    "researchAndDevelopmentExpenses": 0,
    "generalAndAdministrativeExpenses": 0,
    "sellingAndMarketingExpenses": 0,
    "sellingGeneralAndAdministrativeExpenses": 249500000,
    "otherExpenses": -58600000,
    "operatingExpenses": 195600000,
    "costAndExpenses": 195600000,
    "interestIncome": 0,
    "interestExpense": 18700000,
    "depreciationAndAmortization": 64100000,
    "ebitda": -180800000,
    "ebitdaratio": -0.2735249622,
    "operatingIncome": 601900000,
    "operatingIncomeRatio": 0.9105900151,
    "totalOtherIncomeExpensesNet": -616800000,
    "incomeBeforeTax": 425300000,
    "incomeBeforeTaxRatio": 0.643419062,
    "incomeTaxExpense": 114700000,
    "netIncome": 310200000,
    "netIncomeRatio": 0.4692889561,
    "eps": 0.18,
    "epsdiluted": 0.18,
    "weightedAverageShsOut": 1791815000,
    "weightedAverageShsOutDil": 1791815000,
    "link": "",
    "finalLink": ""
  },
  {
    "date": "1995-09-30",
    "symbol": "BRK-B",
    "reportedCurrency": "USD",
    "cik": "0001067983",
    "fillingDate": "1995-09-30",
    "acceptedDate": "1995-09-29 20:00:00",
    "calendarYear": "1995",
    "period": "Q3",
    "revenue": 1075000000,
    "costOfRevenue": 1037200000,
    "grossProfit": 37800000,
    "grossProfitRatio": 0.0351627907,
    "researchAndDevelopmentExpenses": 0,
    "generalAndAdministrativeExpenses": 192000000,
    "sellingAndMarketingExpenses": 0,
    "sellingGeneralAndAdministrativeExpenses": 192000000,
    "otherExpenses": -1218900000,
    "operatingExpenses": -1031600000,
    "costAndExpenses": 5600000,
    "interestIncome": 175600000,
    "interestExpense": 13900000,
    "depreciationAndAmortization": 4700000,
    "ebitda": 18600000,
    "ebitdaratio": 0.0173023256,
    "operatingIncome": 1069400000,
    "operatingIncomeRatio": 0.9947906977,
    "totalOtherIncomeExpensesNet": -839400000,
    "incomeBeforeTax": 230000000,
    "incomeBeforeTaxRatio": 0.2139534884,
    "incomeTaxExpense": 57500000,
    "netIncome": 172500000,
    "netIncomeRatio": 0.1604651163,
    "eps": 0.0967,
    "epsdiluted": 0.0967,
    "weightedAverageShsOut": 1784482000,
    "weightedAverageShsOutDil": 1784482000,
    "link": "",
    "finalLink": ""
  }
]