[
  {
    "date": "2024-12-31",
    "symbol": "BRK-B",
    "reportedCurrency": "USD",
    "cik": "0001067983",
    "fillingDate": "2025-02-24",
    "acceptedDate": "2025-02-24 06:03:00",
    "calendarYear": "2024",
    "period": "FY",
    "revenue": 371433000000,
    "costOfRevenue": 284855000000,
    "grossProfit": 86578000000,
    "grossProfitRatio": 0.2330918362,
    "researchAndDevelopmentExpenses": 0,
    "generalAndAdministrativeExpenses": 0,
    "sellingAndMarketingExpenses": 0,
    "sellingGeneralAndAdministrativeExpenses": 27142000000,
    "otherExpenses": 0,
    "operatingExpenses": 27142000000,
    "costAndExpenses": 311997000000,
    "interestIncome": 0,
    "interestExpense": 5200000000,
    "depreciationAndAmortization": 12855000000,
    "ebitda": 128431000000,
    "ebitdaratio": 0.3457716466,
    "operatingIncome": 59436000000,
    "operatingIncomeRatio": 0.1600180921,
    "totalOtherIncomeExpensesNet": 50940000000,
    "incomeBeforeTax": 110376000000,
    "incomeBeforeTaxRatio": 0.2971626108,
    "incomeTaxExpense": 20815000000,
    "netIncome": 88995000000,
    "netIncomeRatio": 0.2395990663,
    "eps": 41.27,
    "epsdiluted": 41.27,
    "weightedAverageShsOut": 2156580000,
    "weightedAverageShsOutDil": 2156580000,
    "link": "https://www.sec.gov/Archives/edgar/data/1067983/000095017025025210/0000950170-25-025210-index.htm",
    "finalLink": "https://www.sec.gov/Archives/edgar/data/1067983/000095017025025210/brka-20241231.htm"
  },
  {
    "date": "2023-12-31",
    "symbol": "BRK-B",
    "reportedCurrency": "USD",
    "cik": "0001067983",
    "fillingDate": "2024-02-26",
    "acceptedDate": "2024-02-26 06:08:31",
    "calendarYear": "2023",
    "period": "FY",
    "revenue": 364482000000,
    "costOfRevenue": 293536000000,
    "grossProfit": 70946000000,
    "grossProfitRatio": 0.1946488441,
    "researchAndDevelopmentExpenses": 0,
    "generalAndAdministrativeExpenses": 0,
    "sellingAndMarketingExpenses": 0,
    "sellingGeneralAndAdministrativeExpenses": 22822000000,
    "otherExpenses": 0,
    "operatingExpenses": 22822000000,
    "costAndExpenses": 316358000000,
    "interestIncome": 0,
    "interestExpense": 5003000000,
    "depreciationAndAmortization": 12486000000,
    "ebitda": 137655000000,
    "ebitdaratio": 0.3776729715,
    "operatingIncome": 48124000000,
    "operatingIncomeRatio": 0.132033955,
    "totalOtherIncomeExpensesNet": 72042000000,
    "incomeBeforeTax": 120166000000,
    "incomeBeforeTaxRatio": 0.3296898064,
    "incomeTaxExpense": 23019000000,
    "netIncome": 96223000000,
    "netIncomeRatio": 0.2639993196,
    "eps": 44.27,
    "epsdiluted": 44.27,
    "weightedAverageShsOut": 2173320000,
    "weightedAverageShsOutDil": 2173320000,
    "link": "https://www.sec.gov/Archives/edgar/data/1067983/000095017024019719/0000950170-24-019719-index.htm",
    "finalLink": "https://www.sec.gov/Archives/edgar/data/1067983/000095017024019719/brka-20231231.htm"
  },
  {
    "date": "2022-12-31",
    "symbol": "BRK-B",
    "reportedCurrency": "USD",
    "cik": "0001067983",
    "fillingDate": "2023-02-27",
    "acceptedDate": "2023-02-27 06:04:49",
    "calendarYear": "2022",
    "period": "FY",
    "revenue": 302020000000,
    "costOfRevenue": 242626000000,
    "grossProfit": 59394000000,
    "grossProfitRatio": 0.1966558506,
    "researchAndDevelopmentExpenses": 0,
    "generalAndAdministrativeExpenses": 0,
    "sellingAndMarketingExpenses": 0,
    "sellingGeneralAndAdministrativeExpenses": 17806000000,
    "otherExpenses": 0,
    "operatingExpenses": 17806000000,
    "costAndExpenses": 260432000000,
    "interestIncome": 0,
    "interestExpense": 4352000000,
    "depreciationAndAmortization": 10899000000,
    "ebitda": -15249000000,
    "ebitdaratio": -0.0504900338,
    "operatingIncome": 41588000000,
    "operatingIncomeRatio": 0.1376994901,
    "totalOtherIncomeExpensesNet": -72088000000,
    "incomeBeforeTax": -30500000000,
    "incomeBeforeTaxRatio": -0.1009866896,
    "incomeTaxExpense": -8502000000,
    "netIncome": -22759000000,
    "netIncomeRatio": -0.0753559367,
    "eps": -10.36,
    "epsdiluted": -10.36,
    "weightedAverageShsOut": 2203314000,
    "weightedAverageShsOutDil": 2203314000,
    "link": "https://www.sec.gov/Archives/edgar/data/1067983/000095017023004451/0000950170-23-004451-index.htm",
    "finalLink": "https://www.sec.gov/Archives/edgar/data/1067983/000095017023004451/brka-20221231.htm"
  },
  {
    "date": "2021-12-31",
    "symbol": "BRK-B",
    "reportedCurrency": "USD",
    "cik": "0001067983",
    "fillingDate": "2022-02-28",
    "acceptedDate": "2022-02-28 06:04:52",
    "calendarYear": "2021",
    "period": "FY",
    "revenue": 276094000000,
    "costOfRevenue": 220930000000,
    "grossProfit": 55164000000,
    "grossProfitRatio": 0.1998015169,
    "researchAndDevelopmentExpenses": 0,
    "generalAndAdministrativeExpenses": 0,
    "sellingAndMarketingExpenses": 0,
    "sellingGeneralAndAdministrativeExpenses": 20143000000,
    "otherExpenses": 0,
    "operatingExpenses": 20143000000,
    "costAndExpenses": 241073000000,
    "interestIncome": 0,
    "interestExpense": 4172000000,
    "depreciationAndAmortization": 10718000000,
    "ebitda": 126576000000,
    "ebitdaratio": 0.458452556,
    "operatingIncome": 35021000000,
    "operatingIncomeRatio": 0.1268444805,
    "totalOtherIncomeExpensesNet": 76665000000,
    "incomeBeforeTax": 111686000000,
    "incomeBeforeTaxRatio": 0.4045216484,
    "incomeTaxExpense": 20879000000,
    "netIncome": 89937000000,
    "netIncomeRatio": 0.3257477526,
    "eps": 39.64,
    "epsdiluted": 39.64,
    "weightedAverageShsOut": 2265270000,
    "weightedAverageShsOutDil": 2265270000,
    "link": "https://www.sec.gov/Archives/edgar/data/1067983/000156459022007322/0001564590-22-007322-index.htm",
    "finalLink": "https://www.sec.gov/Archives/edgar/data/1067983/000156459022007322/brka-10k_20211231.htm"
  },
  {
    "date": "2020-12-31",
    "symbol": "BRK-B",
    "reportedCurrency": "USD",
    "cik": "0001067983",
    "fillingDate": "2021-03-01",
    "acceptedDate": "2021-03-01 06:22:33",
    "calendarYear": "2020",
    "period": "FY",
    "revenue": 245510000000,
    "costOfRevenue": 196726000000,
    "grossProfit": 48784000000,
    "grossProfitRatio": 0.1987047371,
    "researchAndDevelopmentExpenses": 0,
    "generalAndAdministrativeExpenses": 0,
    "sellingAndMarketingExpenses": 0,
    "sellingGeneralAndAdministrativeExpenses": 18809000000,
    "otherExpenses": 0,
    "operatingExpenses": 18809000000,
    "costAndExpenses": 215535000000,
    "interestIncome": 0,
    "interestExpense": 4083000000,
    "depreciationAndAmortization": 10596000000,
    "ebitda": 70372000000,
    "ebitdaratio": 0.2866359822,
    "operatingIncome": 29975000000,
    "operatingIncomeRatio": 0.1220927864,
    "totalOtherIncomeExpensesNet": 25718000000,
    "incomeBeforeTax": 55693000000,
    "incomeBeforeTaxRatio": 0.226846157,
    "incomeTaxExpense": 12440000000,
    "netIncome": 42521000000,
    "netIncomeRatio": 0.1731945746,
    "eps": 17.78,
    "epsdiluted": 17.78,
    "weightedAverageShsOut": 2391703000,
    "weightedAverageShsOutDil": 2391703000,
    "link": "https://www.sec.gov/Archives/edgar/data/1067983/000156459021009611/0001564590-21-009611-index.htm",
    "finalLink": "https://www.sec.gov/Archives/edgar/data/1067983/000156459021009611/brka-10k_20201231.htm"
  },
  {
    "date": "2019-12-31",
    "symbol": "BRK-B",
    "reportedCurrency": "USD",
    "cik": "0001067983",
    "fillingDate": "2020-02-24",
    "acceptedDate": "2020-02-24 06:23:37",
    "calendarYear": "2019",
    "period": "FY",
    "revenue": 254616000000,
    "costOfRevenue": 202420000000,
    "grossProfit": 52196000000,
    "grossProfitRatio": 0.2049989003,
    "researchAndDevelopmentExpenses": 0,
    "generalAndAdministrativeExpenses": 0,
    "sellingAndMarketingExpenses": 0,
    "sellingGeneralAndAdministrativeExpenses": 19514000000,
    "otherExpenses": 0,
    "operatingExpenses": 19514000000,
    "costAndExpenses": 221934000000,
    "interestIncome": 0,
    "interestExpense": 3961000000,
    "depreciationAndAmortization": 10064000000,
    "ebitda": 116721000000,
    "ebitdaratio": 0.458419738,
    "operatingIncome": 32682000000,
    "operatingIncomeRatio": 0.1283579979,
    "totalOtherIncomeExpensesNet": 70014000000,
    "incomeBeforeTax": 102696000000,
    "incomeBeforeTaxRatio": 0.4033367895,
    "incomeTaxExpense": 20904000000,
    "netIncome": 81417000000,
    "netIncomeRatio": 0.3197638797,
    "eps": 33.22,
    "epsdiluted": 33.22,
    "weightedAverageShsOut": 2450919000,
    "weightedAverageShsOutDil": 2450919000,
    "link": "https://www.sec.gov/Archives/edgar/data/1067983/000156459020005874/0001564590-20-005874-index.htm",
    "finalLink": "https://www.sec.gov/Archives/edgar/data/1067983/000156459020005874/brka-10k_20191231.htm"
  },
  {
    "date": "2018-12-31",
    "symbol": "BRK-B",
    "reportedCurrency": "USD",
    "cik": "0001067983",
    "fillingDate": "2019-02-25",
    "acceptedDate": "2019-02-25 06:20:28",
    "calendarYear": "2018",
    "period": "FY",
    "revenue": 247837000000,
    "costOfRevenue": 197123000000,
    "grossProfit": 50714000000,
    "grossProfitRatio": 0.2046264279,
    "researchAndDevelopmentExpenses": 0,
    "generalAndAdministrativeExpenses": 0,
    "sellingAndMarketingExpenses": 0,
    "sellingGeneralAndAdministrativeExpenses": 18604000000,
    "otherExpenses": 0,
    "operatingExpenses": 18604000000,
    "costAndExpenses": 215727000000,
    "interestIncome": 0,
    "interestExpense": 3853000000,
    "depreciationAndAmortization": 9779000000,
    "ebitda": 17633000000,
    "ebitdaratio": 0.0711475688,
    "operatingIncome": 32110000000,
    "operatingIncomeRatio": 0.1295609614,
    "totalOtherIncomeExpensesNet": -28109000000,
    "incomeBeforeTax": 4001000000,
    "incomeBeforeTaxRatio": 0.0161436751,
    "incomeTaxExpense": -321000000,
    "netIncome": 4021000000,
    "netIncomeRatio": 0.0162243733,
    "eps": 1.63,
    "epsdiluted": 1.63,
    "weightedAverageShsOut": 2465691000,
    "weightedAverageShsOutDil": 2465691000,
    "link": "https://www.sec.gov/Archives/edgar/data/1067983/000119312519048926/0001193125-19-048926-index.htm",
    "finalLink": "https://www.sec.gov/Archives/edgar/data/1067983/000119312519048926/d678758d10k.htm"
  },
  {
    "date": "2017-12-31",
    "symbol": "BRK-B",
    "reportedCurrency": "USD",
    "cik": "0001067983",
    "fillingDate": "2018-02-26",
    "acceptedDate": "2018-02-26 06:12:56",
    "calendarYear": "2017",
    "period": "FY",
    "revenue": 239933000000,
    "costOfRevenue": 197662000000,
    "grossProfit": 42271000000,
    "grossProfitRatio": 0.1761783498,
    "researchAndDevelopmentExpenses": 0,
    "generalAndAdministrativeExpenses": 0,
    "sellingAndMarketingExpenses": 0,
    "sellingGeneralAndAdministrativeExpenses": 18199000000,
    "otherExpenses": 0,
    "operatingExpenses": 18199000000,
    "costAndExpenses": 215861000000,
    "interestIncome": 0,
    "interestExpense": 4386000000,
    "depreciationAndAmortization": 9188000000,
    "ebitda": 37412000000,
    "ebitdaratio": 0.1559268629,
    "operatingIncome": 24072000000,
    "operatingIncomeRatio": 0.1003280082,
    "totalOtherIncomeExpensesNet": -234000000,
    "incomeBeforeTax": 23838000000,
    "incomeBeforeTaxRatio": 0.099352736,
    "incomeTaxExpense": -21515000000,
    "netIncome": 44940000000,
    "netIncomeRatio": 0.1873022886,
    "eps": 18.22,
    "epsdiluted": 18.22,
    "weightedAverageShsOut": 2466921000,
    "weightedAverageShsOutDil": 2466921000,
    "link": "https://www.sec.gov/Archives/edgar/data/1067983/000119312518057033/0001193125-18-057033-index.htm",
    "finalLink": "https://www.sec.gov/Archives/edgar/data/1067983/000119312518057033/d437858d10k.htm"
  },
  {
    "date": "2016-12-31",
    "symbol": "BRK-B",
    "reportedCurrency": "USD",
    "cik": "0001067983",
    "fillingDate": "2017-02-27",
    "acceptedDate": "2017-02-24 21:03:56",
    "calendarYear": "2016",
    "period": "FY",
    "revenue": 215382000000,
    "costOfRevenue": 169146000000,
    "grossProfit": 46236000000,
    "grossProfitRatio": 0.2146697496,
    "researchAndDevelopmentExpenses": 0,
    "generalAndAdministrativeExpenses": 0,
    "sellingAndMarketingExpenses": 0,
    "sellingGeneralAndAdministrativeExpenses": 18217000000,
    "otherExpenses": 0,
    "operatingExpenses": 18217000000,
    "costAndExpenses": 187363000000,
    "interestIncome": 0,
    "interestExpense": 3497000000,
    "depreciationAndAmortization": 8901000000,
    "ebitda": 46065000000,
    "ebitdaratio": 0.2138758113,
    "operatingIncome": 28019000000,
    "operatingIncomeRatio": 0.1300897939,
    "totalOtherIncomeExpensesNet": 5648000000,
    "incomeBeforeTax": 33667000000,
    "incomeBeforeTaxRatio": 0.1563129695,
    "incomeTaxExpense": 9240000000,
    "netIncome": 24074000000,
    "netIncomeRatio": 0.1117735001,
    "eps": 9.76,
    "epsdiluted": 9.76,
    "weightedAverageShsOut": 2465738000,
    "weightedAverageShsOutDil": 2465738000,
    "link": "https://www.sec.gov/Archives/edgar/data/1067983/000119312517056969/0001193125-17-056969-index.htm",
    "finalLink": "https://www.sec.gov/Archives/edgar/data/1067983/000119312517056969/d303001d10k.htm"
  },
  {
    "date": "2015-12-31",
    "symbol": "BRK-B",
    "reportedCurrency": "USD",
    "cik": "0001067983",
    "fillingDate": "2016-02-29",
    "acceptedDate": "2016-02-26 21:02:20",
    "calendarYear": "2015",
    "period": "FY",
    "revenue": 200622000000,
    "costOfRevenue": 157051000000,
    "grossProfit": 43571000000,
    "grossProfitRatio": 0.2171795715,
    "researchAndDevelopmentExpenses": 0,
    "generalAndAdministrativeExpenses": 0,
    "sellingAndMarketingExpenses": 1586000000,
    "sellingGeneralAndAdministrativeExpenses": 15309000000,
    "otherExpenses": 0,
    "operatingExpenses": 15309000000,
    "costAndExpenses": 172360000000,
    "interestIncome": 0,
    "interestExpense": 3515000000,
    "depreciationAndAmortization": 7779000000,
    "ebitda": 46240000000,
    "ebitdaratio": 0.2304831973,
    "operatingIncome": 28262000000,
    "operatingIncomeRatio": 0.1408718884,
    "totalOtherIncomeExpensesNet": 6684000000,
    "incomeBeforeTax": 34946000000,
    "incomeBeforeTaxRatio": 0.1741882745,
    "incomeTaxExpense": 10532000000,
    "netIncome": 24083000000,
    "netIncomeRatio": 0.1200416704,
    "eps": 9.77,
    "epsdiluted": 9.77,
    "weightedAverageShsOut": 2464773000,
    "weightedAverageShsOutDil": 2464773000,
    "link": "https://www.sec.gov/Archives/edgar/data/1067983/000119312516483023/0001193125-16-483023-index.htm",
    "finalLink": "https://www.sec.gov/Archives/edgar/data/1067983/000119312516483023/d103603d10k.htm"
  },
  {
    "date": "2014-12-31",
    "symbol": "BRK-B",
    "reportedCurrency": "USD",
    "cik": "0001067983",
    "fillingDate": "2015-03-02",
    "acceptedDate": "2015-02-27 21:32:25",
    "calendarYear": "2014",
    "period": "FY",
    "revenue": 194864000000,
    "costOfRevenue": 149594000000,
    "grossProfit": 45270000000,
    "grossProfitRatio": 0.2323158716,
    "researchAndDevelopmentExpenses": 0,
    "generalAndAdministrativeExpenses": 0,
    "sellingAndMarketingExpenses": 1523000000,
    "sellingGeneralAndAdministrativeExpenses": 13721000000,
    "otherExpenses": 0,
    "operatingExpenses": 13721000000,
    "costAndExpenses": 163315000000,
    "interestIncome": 0,
    "interestExpense": 3253000000,
    "depreciationAndAmortization": 7370000000,
    "ebitda": 38728000000,
    "ebitdaratio": 0.1987437392,
    "operatingIncome": 31549000000,
    "operatingIncomeRatio": 0.1619026603,
    "totalOtherIncomeExpensesNet": -3444000000,
    "incomeBeforeTax": 28105000000,
    "incomeBeforeTaxRatio": 0.1442287955,
    "incomeTaxExpense": 7935000000,
    "netIncome": 19872000000,
    "netIncomeRatio": 0.101978816,
    "eps": 8.06,
    "epsdiluted": 8.06,
    "weightedAverageShsOut": 2465183000,
    "weightedAverageShsOutDil": 2465183000,
    "link": "https://www.sec.gov/Archives/edgar/data/1067983/000119312515070966/0001193125-15-070966-index.htm",
    "finalLink": "https://www.sec.gov/Archives/edgar/data/1067983/000119312515070966/d820461d10k.htm"
  },
  {
    "date": "2013-12-31",
    "symbol": "BRK-B",
    "reportedCurrency": "USD",
    "cik": "0001067983",
    "fillingDate": "2014-03-03",
    "acceptedDate": "2014-03-03 06:08:50",
    "calendarYear": "2013",
    "period": "FY",
    "revenue": 179770000000,
    "costOfRevenue": 138636000000,
    "grossProfit": 41134000000,
    "grossProfitRatio": 0.2288145964,
    "researchAndDevelopmentExpenses": 0,
    "generalAndAdministrativeExpenses": 0,
    "sellingAndMarketingExpenses": 1550000000,
    "sellingGeneralAndAdministrativeExpenses": 11917000000,
    "otherExpenses": 0,
    "operatingExpenses": 11917000000,
    "costAndExpenses": 150553000000,
    "interestIncome": 0,
    "interestExpense": 2801000000,
    "depreciationAndAmortization": 6508000000,
    "ebitda": 38105000000,
    "ebitdaratio": 0.211965289,
    "operatingIncome": 29217000000,
    "operatingIncomeRatio": 0.1625243367,
    "totalOtherIncomeExpensesNet": -421000000,
    "incomeBeforeTax": 28796000000,
    "incomeBeforeTaxRatio": 0.1601824554,
    "incomeTaxExpense": 8951000000,
    "netIncome": 19476000000,
    "netIncomeRatio": 0.1083384324,
    "eps": 7.9,
    "epsdiluted": 7.9,
    "weightedAverageShsOut": 2465418000,
    "weightedAverageShsOutDil": 2465418000,
    "link": "https://www.sec.gov/Archives/edgar/data/1067983/000119312514078778/0001193125-14-078778-index.htm",
    "finalLink": "https://www.sec.gov/Archives/edgar/data/1067983/000119312514078778/d656225d10k.htm"
  },
  {
    "date": "2012-12-31",
    "symbol": "BRK-B",
    "reportedCurrency": "USD",
    "cik": "0001067983",
    "fillingDate": "2013-03-01",
    "acceptedDate": "2013-03-01 16:10:21",
    "calendarYear": "2012",
    "period": "FY",
    "revenue": 160837000000,
    "costOfRevenue": 126980000000,
    "grossProfit": 33857000000,
    "grossProfitRatio": 0.2105050455,
    "researchAndDevelopmentExpenses": 0,
    "generalAndAdministrativeExpenses": 0,
    "sellingAndMarketingExpenses": 1563000000,
    "sellingGeneralAndAdministrativeExpenses": 10503000000,
    "otherExpenses": 0,
    "operatingExpenses": 10503000000,
    "costAndExpenses": 137483000000,
    "interestIncome": 0,
    "interestExpense": 2744000000,
    "depreciationAndAmortization": 6154000000,
    "ebitda": 31134000000,
    "ebitdaratio": 0.1935748615,
    "operatingIncome": 23354000000,
    "operatingIncomeRatio": 0.1452029073,
    "totalOtherIncomeExpensesNet": -1118000000,
    "incomeBeforeTax": 22236000000,
    "incomeBeforeTaxRatio": 0.1382517704,
    "incomeTaxExpense": 6924000000,
    "netIncome": 14824000000,
    "netIncomeRatio": 0.092167847,
    "eps": 5.98,
    "epsdiluted": 5.98,
    "weightedAverageShsOut": 2476940000,
    "weightedAverageShsOutDil": 2476940000,
    "link": "https://www.sec.gov/Archives/edgar/data/1067983/000119312513087679/0001193125-13-087679-index.htm",
    "finalLink": "https://www.sec.gov/Archives/edgar/data/1067983/000119312513087679/d484968d10k.htm"
  },
  {
    "date": "2011-12-31",
    "symbol": "BRK-B",
    "reportedCurrency": "USD",
    "cik": "0001067983",
    "fillingDate": "2012-02-27",
    "acceptedDate": "2012-02-27 06:02:29",
    "calendarYear": "2011",
    "period": "FY",
    "revenue": 146700000000,
    "costOfRevenue": 117040000000,
    "grossProfit": 29660000000,
    "grossProfitRatio": 0.2021813224,
    "researchAndDevelopmentExpenses": 0,
    "generalAndAdministrativeExpenses": 0,
    "sellingAndMarketingExpenses": 8670000000,
    "sellingGeneralAndAdministrativeExpenses": 8670000000,
    "otherExpenses": 0,
    "operatingExpenses": 8670000000,
    "costAndExpenses": 125710000000,
    "interestIncome": 0,
    "interestExpense": 2664000000,
    "depreciationAndAmortization": 5492000000,
    "ebitda": 23470000000,
    "ebitdaratio": 0.1599863667,
    "operatingIncome": 20990000000,
    "operatingIncomeRatio": 0.1430811179,
    "totalOtherIncomeExpensesNet": -5676000000,
    "incomeBeforeTax": 15314000000,
    "incomeBeforeTaxRatio": 0.1043899114,
    "incomeTaxExpense": 4568000000,
    "netIncome": 10254000000,
    "netIncomeRatio": 0.0698977505,
    "eps": 4.14,
    "epsdiluted": 4.14,
    "weightedAverageShsOut": 2474835000,
    "weightedAverageShsOutDil": 2474835000,
    "link": "https://www.sec.gov/Archives/edgar/data/1067983/000119312512079022/0001193125-12-079022-index.htm",
    "finalLink": "https://www.sec.gov/Archives/edgar/data/1067983/000119312512079022/d280149d10k.htm"
  },
  {
    "date": "2010-12-31",
    "symbol": "BRK-B",
    "reportedCurrency": "USD",
    "cik": "0001067983",
    "fillingDate": "2011-02-28",
    "acceptedDate": "2011-02-28 10:20:14",
    "calendarYear": "2010",
    "period": "FY",
    "revenue": 137897000000,
    "costOfRevenue": 106872000000,
    "grossProfit": 31025000000,
    "grossProfitRatio": 0.2249867655,
    "researchAndDevelopmentExpenses": 0,
    "generalAndAdministrativeExpenses": 0,
    "sellingAndMarketingExpenses": 7704000000,
    "sellingGeneralAndAdministrativeExpenses": 7704000000,
    "otherExpenses": 0,
    "operatingExpenses": 7704000000,
    "costAndExpenses": 114576000000,
    "interestIncome": 0,
    "interestExpense": 2558000000,
    "depreciationAndAmortization": 4971000000,
    "ebitda": 26580000000,
    "ebitdaratio": 0.1927525617,
    "operatingIncome": 23321000000,
    "operatingIncomeRatio": 0.1691189801,
    "totalOtherIncomeExpensesNet": -4220000000,
    "incomeBeforeTax": 19101000000,
    "incomeBeforeTaxRatio": 0.1385164289,
    "incomeTaxExpense": 5607000000,
    "netIncome": 12967000000,
    "netIncomeRatio": 0.0940339529,
    "eps": 5.29,
    "epsdiluted": 5.29,
    "weightedAverageShsOut": 2453490000,
    "weightedAverageShsOutDil": 2453490000,
    "link": "https://www.sec.gov/Archives/edgar/data/1067983/000119312511048914/0001193125-11-048914-index.htm",
    "finalLink": "https://www.sec.gov/Archives/edgar/data/1067983/000119312511048914/d10k.htm"
  },
  {
    "date": "2009-12-31",
    "symbol": "BRK-B",
    "reportedCurrency": "USD",
    "cik": "0001067983",
    "fillingDate": "2010-03-01",
    "acceptedDate": "2010-03-01 06:02:07",
    "calendarYear": "2009",
    "period": "FY",
    "revenue": 112024000000,
    "costOfRevenue": 90832000000,
    "grossProfit": 21192000000,
    "grossProfitRatio": 0.1891737485,
    "researchAndDevelopmentExpenses": 0,
    "generalAndAdministrativeExpenses": 0,
    "sellingAndMarketingExpenses": 8117000000,
    "sellingGeneralAndAdministrativeExpenses": 8117000000,
    "otherExpenses": 0,
    "operatingExpenses": 8117000000,
    "costAndExpenses": 98949000000,
    "interestIncome": 0,
    "interestExpense": 1992000000,
    "depreciationAndAmortization": 3127000000,
    "ebitda": 16671000000,
    "ebitdaratio": 0.1488163251,
    "operatingIncome": 13075000000,
    "operatingIncomeRatio": 0.1167160608,
    "totalOtherIncomeExpensesNet": -1096000000,
    "incomeBeforeTax": 11979000000,
    "incomeBeforeTaxRatio": 0.106932443,
    "incomeTaxExpense": 3538000000,
    "netIncome": 8055000000,
    "netIncomeRatio": 0.0719042348,
    "eps": 3.46,
    "epsdiluted": 3.46,
    "weightedAverageShsOut": 2326760000,
    "weightedAverageShsOutDil": 2326760000,
    "link": "https://www.sec.gov/Archives/edgar/data/1067983/000119312510043450/0001193125-10-043450-index.htm",
    "finalLink": "https://www.sec.gov/Archives/edgar/data/1067983/000119312510043450/d10k.htm"
  },
  {
    "date": "2008-12-31",
    "symbol": "BRK-B",
    "reportedCurrency": "USD",
    "cik": "0001067983",
    "fillingDate": "2009-03-02",
    "acceptedDate": "2009-03-02 11:43:28",
    "calendarYear": "2008",
    "period": "FY",
    "revenue": 116420000000,
    "costOfRevenue": 90197000000,
    "grossProfit": 26223000000,
    "grossProfitRatio": 0.2252448033,
    "researchAndDevelopmentExpenses": 0,
    "generalAndAdministrativeExpenses": 0,
    "sellingAndMarketingExpenses": 8052000000,
    "sellingGeneralAndAdministrativeExpenses": 8052000000,
    "otherExpenses": 0,
    "operatingExpenses": 8052000000,
    "costAndExpenses": 98249000000,
    "interestIncome": 0,
    "interestExpense": 1963000000,
    "depreciationAndAmortization": 2810000000,
    "ebitda": 12347000000,
    "ebitdaratio": 0.1060556605,
    "operatingIncome": 18171000000,
    "operatingIncomeRatio": 0.1560814293,
    "totalOtherIncomeExpensesNet": -10597000000,
    "incomeBeforeTax": 7574000000,
    "incomeBeforeTaxRatio": 0.0650575502,
    "incomeTaxExpense": 1978000000,
    "netIncome": 4994000000,
    "netIncomeRatio": 0.0428964096,
    "eps": 2.15,
    "epsdiluted": 2.15,
    "weightedAverageShsOut": 2323439000,
    "weightedAverageShsOutDil": 2323439000,
    "link": "https://www.sec.gov/Archives/edgar/data/1067983/000119312509042055/0001193125-09-042055-index.htm",
    "finalLink": "https://www.sec.gov/Archives/edgar/data/1067983/000119312509042055/d10k.htm"
  },
  {
    "date": "2007-12-31",
    "symbol": "BRK-B",
    "reportedCurrency": "USD",
    "cik": "0001067983",
    "fillingDate": "2008-02-29",
    "acceptedDate": "2008-02-29 16:41:22",
    "calendarYear": "2007",
    "period": "FY",
    "revenue": 118334000000,
    "costOfRevenue": 89076000000,
    "grossProfit": 29258000000,
    "grossProfitRatio": 0.2472493113,
    "researchAndDevelopmentExpenses": 0,
    "generalAndAdministrativeExpenses": 0,
    "sellingAndMarketingExpenses": 7098000000,
    "sellingGeneralAndAdministrativeExpenses": 7098000000,
    "otherExpenses": 0,
    "operatingExpenses": 7098000000,
    "costAndExpenses": 96174000000,
    "interestIncome": 0,
    "interestExpense": 1910000000,
    "depreciationAndAmortization": 2407000000,
    "ebitda": 24478000000,
    "ebitdaratio": 0.2068551726,
    "operatingIncome": 22160000000,
    "operatingIncomeRatio": 0.1872665506,
    "totalOtherIncomeExpensesNet": -1999000000,
    "incomeBeforeTax": 20161000000,
    "incomeBeforeTaxRatio": 0.170373688,
    "incomeTaxExpense": 6594000000,
    "netIncome": 13213000000,
    "netIncomeRatio": 0.1116585259,
    "eps": 5.7,
    "epsdiluted": 5.7,
    "weightedAverageShsOut": 2318625000,
    "weightedAverageShsOutDil": 2318625000,
    "link": "https://www.sec.gov/Archives/edgar/data/1067983/000095013408003848/0000950134-08-003848-index.htm",
    "finalLink": "https://www.sec.gov/Archives/edgar/data/1067983/000095013408003848/a38469e10vk.htm"
  },
  {
    "date": "2006-12-31",
    "symbol": "BRK-B",
    "reportedCurrency": "USD",
    "cik": "0001067983",
    "fillingDate": "2007-03-01",
    "acceptedDate": "2007-03-01 16:16:44",
    "calendarYear": "2006",
    "period": "FY",
    "revenue": 97857000000,
    "costOfRevenue": 74105000000,
    "grossProfit": 23752000000,
    "grossProfitRatio": 0.2427215222,
    "researchAndDevelopmentExpenses": 0,
    "generalAndAdministrativeExpenses": 0,
    "sellingAndMarketingExpenses": 5932000000,
    "sellingGeneralAndAdministrativeExpenses": 5932000000,
    "otherExpenses": 0,
    "operatingExpenses": 5932000000,
    "costAndExpenses": 80037000000,
    "interestIncome": 0,
    "interestExpense": 1724000000,
    "depreciationAndAmortization": 2066000000,
    "ebitda": 20568000000,
    "ebitdaratio": 0.2101842484,
    "operatingIncome": 17820000000,
    "operatingIncomeRatio": 0.1821024556,
    "totalOtherIncomeExpensesNet": -1042000000,
    "incomeBeforeTax": 16778000000,
    "incomeBeforeTaxRatio": 0.1714542649,
    "incomeTaxExpense": 5505000000,
    "netIncome": 11015000000,
    "netIncomeRatio": 0.1125622081,
    "eps": 4.76,
    "epsdiluted": 4.76,
    "weightedAverageShsOut": 2312709000,
    "weightedAverageShsOutDil": 2312709000,
    "link": "https://www.sec.gov/Archives/edgar/data/1067983/000095013407004573/0000950134-07-004573-index.htm",
    "finalLink": "https://www.sec.gov/Archives/edgar/data/1067983/000095013407004573/a27718e10vk.htm"
  },
  {
    "date": "2005-12-31",
    "symbol": "BRK-B",
    "reportedCurrency": "USD",
    "cik": "0001067983",
    "fillingDate": "2006-03-13",
    "acceptedDate": "2006-03-10 19:21:39",
    "calendarYear": "2005",
    "period": "FY",
    "revenue": 82565000000,
    "costOfRevenue": 63344000000,
    "grossProfit": 19221000000,
    "grossProfitRatio": 0.2327984013,
    "researchAndDevelopmentExpenses": 0,
    "generalAndAdministrativeExpenses": 0,
    "sellingAndMarketingExpenses": 5328000000,
    "sellingGeneralAndAdministrativeExpenses": 5328000000,
    "otherExpenses": 0,
    "operatingExpenses": 5328000000,
    "costAndExpenses": 68672000000,
    "interestIncome": 0,
    "interestExpense": 723000000,
    "depreciationAndAmortization": 982000000,
    "ebitda": 14496000000,
    "ebitdaratio": 0.1755707624,
    "operatingIncome": 13893000000,
    "operatingIncomeRatio": 0.1682674257,
    "totalOtherIncomeExpensesNet": -1102000000,
    "incomeBeforeTax": 12791000000,
    "incomeBeforeTaxRatio": 0.1549203658,
    "incomeTaxExpense": 4159000000,
    "netIncome": 8528000000,
    "netIncomeRatio": 0.1032883183,
    "eps": 3.69,
    "epsdiluted": 3.69,
    "weightedAverageShsOut": 2309661000,
    "weightedAverageShsOutDil": 2309661000,
    "link": "https://www.sec.gov/Archives/edgar/data/1067983/000095012906002521/0000950129-06-002521-index.htm",
    "finalLink": "https://www.sec.gov/Archives/edgar/data/1067983/000095012906002521/a18139e10vk.htm"
  },
  {
    "date": "2004-12-31",
    "symbol": "BRK-B",
    "reportedCurrency": "USD",
    "cik": "0001067983",
    "fillingDate": "2005-03-15",
    "acceptedDate": "2005-03-15 14:59:29",
    "calendarYear": "2004",
    "period": "FY",
    "revenue": 74382000000,
    "costOfRevenue": 55397000000,
    "grossProfit": 18985000000,
    "grossProfitRatio": 0.2552364819,
    "researchAndDevelopmentExpenses": 0,
    "generalAndAdministrativeExpenses": 0,
    "sellingAndMarketingExpenses": 4989000000,
    "sellingGeneralAndAdministrativeExpenses": 4989000000,
    "otherExpenses": 0,
    "operatingExpenses": 4989000000,
    "costAndExpenses": 60386000000,
    "interestIncome": 0,
    "interestExpense": 721000000,
    "depreciationAndAmortization": 911000000,
    "ebitda": 12568000000,
    "ebitdaratio": 0.16896561,
    "operatingIncome": 13996000000,
    "operatingIncomeRatio": 0.1881638031,
    "totalOtherIncomeExpensesNet": -3060000000,
    "incomeBeforeTax": 10936000000,
    "incomeBeforeTaxRatio": 0.1470248178,
    "incomeTaxExpense": 3569000000,
    "netIncome": 7308000000,
    "netIncomeRatio": 0.0982495765,
    "eps": 3.17,
    "epsdiluted": 3.17,
    "weightedAverageShsOut": 2306573000,
    "weightedAverageShsOutDil": 2306573000,
    "link": "https://www.sec.gov/Archives/edgar/data/1067983/000095012905002423/0000950129-05-002423-index.htm",
    "finalLink": "https://www.sec.gov/Archives/edgar/data/1067983/000095012905002423/a06623e10vk.htm"
  },
  {
    "date": "2003-12-31",
    "symbol": "BRK-B",
    "reportedCurrency": "USD",
    "cik": "0001067983",
    "fillingDate": "2004-03-12",
    "acceptedDate": "2004-03-12 17:23:17",
    "calendarYear": "2003",
    "period": "FY",
    "revenue": 63509000000,
    "costOfRevenue": 40664000000,
    "grossProfit": 22845000000,
    "grossProfitRatio": 0.3597127966,
    "researchAndDevelopmentExpenses": 0,
    "generalAndAdministrativeExpenses": 0,
    "sellingAndMarketingExpenses": 4228000000,
    "sellingGeneralAndAdministrativeExpenses": 4228000000,
    "otherExpenses": 7026000000,
    "operatingExpenses": 11254000000,
    "costAndExpenses": 51489000000,
    "interestIncome": 4191000000,
    "interestExpense": 472000000,
    "depreciationAndAmortization": 849000000,
    "ebitda": 13341000000,
    "ebitdaratio": 0.2100647152,
    "operatingIncome": 11591000000,
    "operatingIncomeRatio": 0.1825095656,
    "totalOtherIncomeExpensesNet": 429000000,
    "incomeBeforeTax": 11591000000,
    "incomeBeforeTaxRatio": 0.1825095656,
    "incomeTaxExpense": 3805000000,
    "netIncome": 8151000000,
    "netIncomeRatio": 0.1283440142,
    "eps": 3.54,
    "epsdiluted": 3.54,
    "weightedAverageShsOut": 2303106000,
    "weightedAverageShsOutDil": 2303106000,
    "link": "https://www.sec.gov/Archives/edgar/data/1067983/000095015004000327/0000950150-04-000327-index.htm",
    "finalLink": "https://www.sec.gov/Archives/edgar/data/1067983/000095015004000327/a97198e10vk.htm"
  },
  {
    "date": "2002-12-31",
    "symbol": "BRK-B",
    "reportedCurrency": "USD",
    "cik": "0001067983",
    "fillingDate": "2003-03-27",
    "acceptedDate": "2003-03-27 17:19:22",
    "calendarYear": "2002",
    "period": "FY",
    "revenue": 42016000000,
    "costOfRevenue": 27227000000,
    "grossProfit": 14789000000,
    "grossProfitRatio": 0.3519849581,
    "researchAndDevelopmentExpenses": 0,
    "generalAndAdministrativeExpenses": 0,
    "sellingAndMarketingExpenses": 3310000000,
    "sellingGeneralAndAdministrativeExpenses": 3310000000,
    "otherExpenses": 5479000000,
    "operatingExpenses": 20620000000,
    "costAndExpenses": 35657000000,
    "interestIncome": 4440000000,
    "interestExpense": 725000000,
    "depreciationAndAmortization": 679000000,
    "ebitda": 7763000000,
    "ebitdaratio": 0.1847629474,
    "operatingIncome": 6000000000,
    "operatingIncomeRatio": 0.1428027418,
    "totalOtherIncomeExpensesNet": 359000000,
    "incomeBeforeTax": 6359000000,
    "incomeBeforeTaxRatio": 0.1513471059,
    "incomeTaxExpense": 2059000000,
    "netIncome": 4286000000,
    "netIncomeRatio": 0.1020087586,
    "eps": 1.86,
    "epsdiluted": 1.86,
    "weightedAverageShsOut": 2299940000,
    "weightedAverageShsOutDil": 2299940000,
    "link": "https://www.sec.gov/Archives/edgar/data/1067983/000095015003000377/0000950150-03-000377-index.htm",
    "finalLink": "https://www.sec.gov/Archives/edgar/data/1067983/000095015003000377/a88664e10vk.htm"
  },
  {
    "date": "2001-12-31",
    "symbol": "BRK-B",
    "reportedCurrency": "USD",
    "cik": "0001067983",
    "fillingDate": "2002-03-29",
    "acceptedDate": "2002-03-29 00:00:00",
    "calendarYear": "2001",
    "period": "FY",
    "revenue": 38159000000,
    "costOfRevenue": 28725000000,
    "grossProfit": 9434000000,
    "grossProfitRatio": 0.247228701,
    "researchAndDevelopmentExpenses": 0,
    "generalAndAdministrativeExpenses": 0,
    "sellingAndMarketingExpenses": 2735000000,
    "sellingGeneralAndAdministrativeExpenses": 2735000000,
    "otherExpenses": 13000000,
    "operatingExpenses": 8130000000,
    "costAndExpenses": 37155000000,
    "interestIncome": 4142000000,
    "interestExpense": 968000000,
    "depreciationAndAmortization": 945000000,
    "ebitda": 3351000000,
    "ebitdaratio": 0.0878167667,
    "operatingIncome": 1304000000,
    "operatingIncomeRatio": 0.0341728033,
    "totalOtherIncomeExpensesNet": 134000000,
    "incomeBeforeTax": 1438000000,
    "incomeBeforeTaxRatio": 0.0376844257,
    "incomeTaxExpense": 590000000,
    "netIncome": 795000000,
    "netIncomeRatio": 0.0208338793,
    "eps": 0.35,
    "epsdiluted": 0.35,
    "weightedAverageShsOut": 2290850000,
    "weightedAverageShsOutDil": 2290850000,
    "link": "https://www.sec.gov/Archives/edgar/data/1067983/000095015002000303/0000950150-02-000303-index.htm",
    "finalLink": "https://www.sec.gov/Archives/edgar/data/1067983/000095015002000303/a80220e10-k.txt"
  },
  {
    "date": "2000-12-31",
    "symbol": "BRK-B",
    "reportedCurrency": "USD",
    "cik": "0001067983",
    "fillingDate": "2001-03-30",
    "acceptedDate": "2001-03-30 00:00:00",
    "calendarYear": "2000",
    "period": "FY",
    "revenue": 34399000000,
    "costOfRevenue": 30720000000,
    "grossProfit": 3679000000,
    "grossProfitRatio": 0.1069507835,
    "researchAndDevelopmentExpenses": 0,
    "generalAndAdministrativeExpenses": 1703000000,
    "sellingAndMarketingExpenses": 1703000000,
    "sellingGeneralAndAdministrativeExpenses": 1703000000,
    "otherExpenses": -3545000000,
    "operatingExpenses": -1842000000,
    "costAndExpenses": 28812000000,
    "interestIncome": 3635000000,
    "interestExpense": 916000000,
    "depreciationAndAmortization": 997000000,
    "ebitda": 7500000000,
    "ebitdaratio": 0.2180295939,
    "operatingIncome": 5521000000,
    "operatingIncomeRatio": 0.1604988517,
    "totalOtherIncomeExpensesNet": 66000000,
    "incomeBeforeTax": 5587000000,
    "incomeBeforeTaxRatio": 0.1624175121,
    "incomeTaxExpense": 2018000000,
    "netIncome": 3328000000,
    "netIncomeRatio": 0.0967469985,
    "eps": 1.46,
    "epsdiluted": 1.46,
    "weightedAverageShsOut": 2284398000,
    "weightedAverageShsOutDil": 2284398000,
    "link": "https://www.sec.gov/Archives/edgar/data/1067983/000095015001000114/0000950150-01-000114-index.htm",
    "finalLink": "https://www.sec.gov/Archives/edgar/data/1067983/000095015001000114/a70817e10-k.txt"
  },
  {
    "date": "1999-12-31",
    "symbol": "BRK-B",
    "reportedCurrency": "USD",
    "cik": "0001067983",
    "fillingDate": "2000-03-29",
    "acceptedDate": "2000-03-29 00:00:00",
    "calendarYear": "1999",
    "period": "FY",
    "revenue": 23903000000,
    "costOfRevenue": 16583000000,
    "grossProfit": 7320000000,
    "grossProfitRatio": 0.3062377107,
    "researchAndDevelopmentExpenses": 0,
    "generalAndAdministrativeExpenses": 1164000000,
    "sellingAndMarketingExpenses": 1164000000,
    "sellingGeneralAndAdministrativeExpenses": 1164000000,
    "otherExpenses": 3706000000,
    "operatingExpenses": 4870000000,
    "costAndExpenses": 21453000000,
    "interestIncome": 2314000000,
    "interestExpense": 134000000,
    "depreciationAndAmortization": 688000000,
    "ebitda": 3272000000,
    "ebitdaratio": 0.1368865833,
    "operatingIncome": 2450000000,
    "operatingIncomeRatio": 0.1024975944,
    "totalOtherIncomeExpensesNet": 0,
    "incomeBeforeTax": 2450000000,
    "incomeBeforeTaxRatio": 0.1024975944,
    "incomeTaxExpense": 852000000,
    "netIncome": 1557000000,
    "netIncomeRatio": 0.0651382672,
    "eps": 0.68,
    "epsdiluted": 0.68,
    "weightedAverageShsOut": 2279553000,
    "weightedAverageShsOutDil": 2279553000,
    "link": "https://www.sec.gov/Archives/edgar/data/1067983/000095015000000239/0000950150-00-000239-index.html",
    "finalLink": "https://www.sec.gov/Archives/edgar/data/1067983/000095015000000239/0000950150-00-000239.txt"
  },
  {
    "date": "1998-12-31",
    "symbol": "BRK-B",
    "reportedCurrency": "USD",
    "cik": "0001067983",
    "fillingDate": "1999-03-30",
    "acceptedDate": "1999-03-30 00:00:00",
    "calendarYear": "1998",
    "period": "FY",
    "revenue": 13620000000,
    "costOfRevenue": 7058000000,
    "grossProfit": 6562000000,
    "grossProfitRatio": 0.4817914831,
    "researchAndDevelopmentExpenses": 0,
    "generalAndAdministrativeExpenses": 1056000000,
    "sellingAndMarketingExpenses": 0,
    "sellingGeneralAndAdministrativeExpenses": 1056000000,
    "otherExpenses": 1192000000,
    "operatingExpenses": 2248000000,
    "costAndExpenses": 9306000000,
    "interestIncome": 1049000000,
    "interestExpense": 109000000,
    "depreciationAndAmortization": 265000000,
    "ebitda": 4688000000,
    "ebitdaratio": 0.3441997063,
    "operatingIncome": 4314000000,
    "operatingIncomeRatio": 0.3167400881,
    "totalOtherIncomeExpensesNet": 0,
    "incomeBeforeTax": 4314000000,
    "incomeBeforeTaxRatio": 0.3167400881,
    "incomeTaxExpense": 1457000000,
    "netIncome": 2830000000,
    "netIncomeRatio": 0.2077826725,
    "eps": 1.51,
    "epsdiluted": 1.51,
    "weightedAverageShsOut": 1877044000,
    "weightedAverageShsOutDil": 1877044000,
    "link": "https://www.sec.gov/Archives/edgar/data/1067983/000095015099000379/0000950150-99-000379-index.html",
    "finalLink": "https://www.sec.gov/Archives/edgar/data/1067983/0000950150-99-000379.txt"
  },
  {
    "date": "1997-12-31",
    "symbol": "BRK-B",
    "reportedCurrency": "USD",
    "cik": "0001067983",
    "fillingDate": "1997-12-31",
    "acceptedDate": "1997-12-30 19:00:00",
    "calendarYear": "1997",
    "period": "FY",
    "revenue": 10398000000,
    "costOfRevenue": 7793900000,
    "grossProfit": 2604100000,
    "grossProfitRatio": 0.2504423928,
    "researchAndDevelopmentExpenses": 0,
    "generalAndAdministrativeExpenses": 941800000,
    "sellingAndMarketingExpenses": 920800000,
    "sellingGeneralAndAdministrativeExpenses": 921000000,
    "otherExpenses": -1143900000,
    "operatingExpenses": -222900000,
    "costAndExpenses": 7571000000,
    "interestIncome": 916000000,
    "interestExpense": 112000000,
    "depreciationAndAmortization": 227000000,
    "ebitda": 3166000000,
    "ebitdaratio": 0.3044816311,
    "operatingIncome": 2827000000,
    "operatingIncomeRatio": 0.2718792075,
    "totalOtherIncomeExpensesNet": 0,
    "incomeBeforeTax": 2827000000,
    "incomeBeforeTaxRatio": 0.2718792075,
    "incomeTaxExpense": 898000000,
    "netIncome": 1901000000,
    "netIncomeRatio": 0.1828236199,
    "eps": 1.03,
    "epsdiluted": 1.03,
    "weightedAverageShsOut": 1849499000,
    "weightedAverageShsOutDil": 1849499000,
    "link": "",
    "finalLink": ""
  },
  {
    "date": "1996-12-31",
    "symbol": "BRK-B",
    "reportedCurrency": "USD",
    "cik": "0001067983",
    "fillingDate": "1996-12-31",
    "acceptedDate": "1996-12-30 19:00:00",
    "calendarYear": "1996",
    "period": "FY",
    "revenue": 10537900000,
    "costOfRevenue": 7134200000,
    "grossProfit": 3403700000,
    "grossProfitRatio": 0.3229960429,
    "researchAndDevelopmentExpenses": 0,
    "generalAndAdministrativeExpenses": 882300000,
    "sellingAndMarketingExpenses": 0,
    "sellingGeneralAndAdministrativeExpenses": 882300000,
    "otherExpenses": -1184500000,
    "operatingExpenses": -302200000,
    "costAndExpenses": 6832000000,
    "interestIncome": 874800000,
    "interestExpense": 99700000,
    "depreciationAndAmortization": 151600000,
    "ebitda": 3957200000,
    "ebitdaratio": 0.3755207394,
    "operatingIncome": 3705900000,
    "operatingIncomeRatio": 0.3516734833,
    "totalOtherIncomeExpensesNet": 0,
    "incomeBeforeTax": 3705900000,
    "incomeBeforeTaxRatio": 0.3516734833,
    "incomeTaxExpense": 1196800000,
    "netIncome": 2488600000,
    "netIncomeRatio": 0.2361571091,
    "eps": 1.38,
    "epsdiluted": 1.38,
    "weightedAverageShsOut": 1807885000,
    "weightedAverageShsOutDil": 1807885000,
    "link": "",
    "finalLink": ""
  },
  {
    "date": "1995-12-31",
    "symbol": "BRK-B",
    "reportedCurrency": "USD",
    "cik": "0001067983",
    "fillingDate": "1995-12-31",
    "acceptedDate": "1995-12-30 19:00:00",
    "calendarYear": "1995",
    "period": "FY",
    "revenue": 3664800000,
    "costOfRevenue": 4106200000,
    "grossProfit": -441400000,
    "grossProfitRatio": -0.1204431347,
    "researchAndDevelopmentExpenses": 0,
    "generalAndAdministrativeExpenses": 0,
    "sellingAndMarketingExpenses": 759600000,
    "sellingGeneralAndAdministrativeExpenses": 759600000,
    "otherExpenses": -4046400000,
    "operatingExpenses": -3286800000,
    "costAndExpenses": 819400000,
    "interestIncome": 677900000,
    "interestExpense": 59300000,
    "depreciationAndAmortization": 75700000,
    "ebitda": 135000000,
    "ebitdaratio": 0.0368369352,
    "operatingIncome": 2845400000,
    "operatingIncomeRatio": 0.7764134468,
    "totalOtherIncomeExpensesNet": -1774300000,
    "incomeBeforeTax": 1071100000,
    "incomeBeforeTaxRatio": 0.2922669723,
    "incomeTaxExpense": 276200000,
    "netIncome": 794900000,
    "netIncomeRatio": 0.2169013316,
    "eps": 0.45,
    "epsdiluted": 0.45,
    "weightedAverageShsOut": 1779626000,
    "weightedAverageShsOutDil": 1779626000,
    "link": "",
    "finalLink": ""
  },
  {
    "date": "1994-12-31",
    "symbol": "BRK-B",
    "reportedCurrency": "USD",
    "cik": "0001067983",
    "fillingDate": "1994-12-31",
    "acceptedDate": "1994-12-30 19:00:00",
    "calendarYear": "1994",
    "period": "FY",
    "revenue": 3657400000,
    "costOfRevenue": 3502900000,
    "grossProfit": 154500000,
    "grossProfitRatio": 0.0422431235,
    "researchAndDevelopmentExpenses": 0,
    "generalAndAdministrativeExpenses": 613600000,
    "sellingAndMarketingExpenses": 0,
    "sellingGeneralAndAdministrativeExpenses": 613600000,
    "otherExpenses": -1184100000,
    "operatingExpenses": -570500000,
    "costAndExpenses": 2932400000,
    "interestIncome": 559500000,
    "interestExpense": 60100000,
    "depreciationAndAmortization": 62500000,
    "ebitda": 847600000,
    "ebitdaratio": 0.2317493301,
    "operatingIncome": 725000000,
    "operatingIncomeRatio": 0.1982282496,
    "totalOtherIncomeExpensesNet": 0,
    "incomeBeforeTax": 725000000,
    "incomeBeforeTaxRatio": 0.1982282496,
    "incomeTaxExpense": 163300000,
    "netIncome": 553000000,
    "netIncomeRatio": 0.1512003062,
    "eps": 0.31,
    "epsdiluted": 0.31,
    "weightedAverageShsOut": 1766624000,
    "weightedAverageShsOutDil": 1766818000,
    "link": "",
    "finalLink": ""
  },
  {
    "date": "1993-12-31",
    "symbol": "BRK-B",
    "reportedCurrency": "USD",
    "cik": "0001067983",
    "fillingDate": "1993-12-31",
    "acceptedDate": "1993-12-30 19:00:00",
    "calendarYear": "1993",
    "period": "FY",
    "revenue": 2619200000,
    "costOfRevenue": 0,
    "grossProfit": 2619200000,
    "grossProfitRatio": 1,
    "researchAndDevelopmentExpenses": 0,
    "generalAndAdministrativeExpenses": 0,
    "sellingAndMarketingExpenses": 0,
    "sellingGeneralAndAdministrativeExpenses": 1202400000,
    "otherExpenses": 130900000,
    "operatingExpenses": 1333300000,
    "costAndExpenses": 1333300000,
    "interestIncome": 0,
    "interestExpense": 80700000,
    "depreciationAndAmortization": 50200000,
    "ebitda": 130900000,
    "ebitdaratio": 0.0499770922,
    "operatingIncome": 1285900000,
    "operatingIncomeRatio": 0.4909514356,
    "totalOtherIncomeExpensesNet": -106100000,
    "incomeBeforeTax": 1285900000,
    "incomeBeforeTaxRatio": 0.4909514356,
    "incomeTaxExpense": 420700000,
    "netIncome": 688100000,
    "netIncomeRatio": 0.2627138057,
    "eps": 0.45,
    "epsdiluted": 0.45,
    "weightedAverageShsOut": 1766999000,
    "weightedAverageShsOutDil": 1766999000,
    "link": "",
    "finalLink": ""
  },
  {
    "date": "1992-12-31",
    "symbol": "BRK-B",
    "reportedCurrency": "USD",
    "cik": "0001067983",
    "fillingDate": "1992-12-31",
    "acceptedDate": "1992-12-30 19:00:00",
    "calendarYear": "1992",
    "period": "FY",
    "revenue": 3029300000,
    "costOfRevenue": 0,
    "grossProfit": 3029300000,
    "grossProfitRatio": 1,
    "researchAndDevelopmentExpenses": 0,
    "generalAndAdministrativeExpenses": 0,
    "sellingAndMarketingExpenses": 0,
    "sellingGeneralAndAdministrativeExpenses": 531300000,
    "otherExpenses": 165600000,
    "operatingExpenses": 696900000,
    "costAndExpenses": 696900000,
    "interestIncome": 0,
    "interestExpense": 124500000,
    "depreciationAndAmortization": 41100000,
    "ebitda": 165600000,
    "ebitdaratio": 0.0546660945,
    "operatingIncome": 2332400000,
    "operatingIncomeRatio": 0.7699468524,
    "totalOtherIncomeExpensesNet": -1787000000,
    "incomeBeforeTax": 2332400000,
    "incomeBeforeTaxRatio": 0.7699468524,
    "incomeTaxExpense": 138100000,
    "netIncome": 407300000,
    "netIncomeRatio": 0.1344535041,
    "eps": 0.24,
    "epsdiluted": 0.24,
    "weightedAverageShsOut": 1719822000,
    "weightedAverageShsOutDil": 1719822000,
    "link": "",
    "finalLink": ""
  },
  {
    "date": "1991-12-31",
    "symbol": "BRK-B",
    "reportedCurrency": "USD",
    "cik": "0001067983",
    "fillingDate": "1991-12-31",
    "acceptedDate": "1991-12-30 19:00:00",
    "calendarYear": "1991",
    "period": "FY",
    "revenue": 1945700000,
    "costOfRevenue": 68800000,
    "grossProfit": 1876900000,
    "grossProfitRatio": 0.9646399753,
    "researchAndDevelopmentExpenses": 0,
    "generalAndAdministrativeExpenses": 1452200000,
    "sellingAndMarketingExpenses": 0,
    "sellingGeneralAndAdministrativeExpenses": 1452200000,
    "otherExpenses": -322800000,
    "operatingExpenses": 1129400000,
    "costAndExpenses": 1198200000,
    "interestIncome": 0,
    "interestExpense": 121800000,
    "depreciationAndAmortization": 37200000,
    "ebitda": 159000000,
    "ebitdaratio": 0.0817186617,
    "operatingIncome": 747500000,
    "operatingIncomeRatio": 0.3841805006,
    "totalOtherIncomeExpensesNet": -165500000,
    "incomeBeforeTax": 582000000,
    "incomeBeforeTaxRatio": 0.2991211389,
    "incomeTaxExpense": 142100000,
    "netIncome": 439900000,
    "netIncomeRatio": 0.2260882973,
    "eps": 0.26,
    "epsdiluted": 0.26,
    "weightedAverageShsOut": 1718359000,
    "weightedAverageShsOutDil": 1718359000,
    "link": "",
    "finalLink": ""
  },
  {
    "date": "1990-12-31",
    "symbol": "BRK-B",
    "reportedCurrency": "USD",
    "cik": "0001067983",
    "fillingDate": "1990-12-31",
    "acceptedDate": "1990-12-30 19:00:00",
    "calendarYear": "1990",
    "period": "FY",
    "revenue": 1580100000,
    "costOfRevenue": 0,
    "grossProfit": 1580100000,
    "grossProfitRatio": 1,
    "researchAndDevelopmentExpenses": 0,
    "generalAndAdministrativeExpenses": 0,
    "sellingAndMarketingExpenses": 0,
    "sellingGeneralAndAdministrativeExpenses": 541100000,
    "otherExpenses": 169400000,
    "operatingExpenses": 710500000,
    "costAndExpenses": 710500000,
    "interestIncome": 0,
    "interestExpense": 112700000,
    "depreciationAndAmortization": 56700000,
    "ebitda": 169400000,
    "ebitdaratio": 0.1072084045,
    "operatingIncome": 869600000,
    "operatingIncomeRatio": 0.5503449149,
    "totalOtherIncomeExpensesNet": -363500000,
    "incomeBeforeTax": 869600000,
    "incomeBeforeTaxRatio": 0.5503449149,
    "incomeTaxExpense": 112000000,
    "netIncome": 394100000,
    "netIncomeRatio": 0.249414594,
    "eps": 0.23,
    "epsdiluted": 0.23,
    "weightedAverageShsOut": 1718458000,
    "weightedAverageShsOutDil": 1718458000,
    "link": "",
    "finalLink": ""
  },
  {
    "date": "1989-12-31",
    "symbol": "BRK-B",
    "reportedCurrency": "USD",
    "cik": "0001067983",
    "fillingDate": "1989-12-31",
    "acceptedDate": "1989-12-30 19:00:00",
    "calendarYear": "1989",
    "period": "FY",
    "revenue": 2483900000,
    "costOfRevenue": 0,
    "grossProfit": 2483900000,
    "grossProfitRatio": 1,
    "researchAndDevelopmentExpenses": 0,
    "generalAndAdministrativeExpenses": 0,
    "sellingAndMarketingExpenses": 0,
    "sellingGeneralAndAdministrativeExpenses": 0,
    "otherExpenses": 2483900000,
    "operatingExpenses": 2483900000,
    "costAndExpenses": 2483900000,
    "interestIncome": 0,
    "interestExpense": 0,
    "depreciationAndAmortization": 0,
    "ebitda": 0,
    "ebitdaratio": 0,
    "operatingIncome": 0,
    "operatingIncomeRatio": 0,
    "totalOtherIncomeExpensesNet": 0,
    "incomeBeforeTax": 0,
    "incomeBeforeTaxRatio": 0,
    "incomeTaxExpense": 0,
    "netIncome": 447500000,
    "netIncomeRatio": 0.1801602319,
    "eps": 0.26,
    "epsdiluted": 0.26,
    "weightedAverageShsOut": 1721109000,
    "weightedAverageShsOutDil": 1721109000,
    "link": "",
    "finalLink": ""
  },
  {
    "date": "1988-12-31",
    "symbol": "BRK-B",
    "reportedCurrency": "USD",
    "cik": "0001067983",
    "fillingDate": "1988-12-31",
    "acceptedDate": "1988-12-30 19:00:00",
    "calendarYear": "1988",
    "period": "FY",
    "revenue": 2464900000,
    "costOfRevenue": 0,
    "grossProfit": 2464900000,
    "grossProfitRatio": 1,
    "researchAndDevelopmentExpenses": 0,
    "generalAndAdministrativeExpenses": 0,
    "sellingAndMarketingExpenses": 0,
    "sellingGeneralAndAdministrativeExpenses": 0,
    "otherExpenses": 2464900000,
    "operatingExpenses": 2464900000,
    "costAndExpenses": 2464900000,
    "interestIncome": 0,
    "interestExpense": 0,
    "depreciationAndAmortization": 0,
    "ebitda": 0,
    "ebitdaratio": 0,
    "operatingIncome": 0,
    "operatingIncomeRatio": 0,
    "totalOtherIncomeExpensesNet": 0,
    "incomeBeforeTax": 0,
    "incomeBeforeTaxRatio": 0,
    "incomeTaxExpense": 0,
    "netIncome": 399300000,
    "netIncomeRatio": 0.1619944014,
    "eps": 0.23,
    "epsdiluted": 0.23,
    "weightedAverageShsOut": 1719983000,
    "weightedAverageShsOutDil": 1719983000,
    "link": "",
    "finalLink": ""
  }
]