[
  {
    "date": "2025-06-30",
    "symbol": "BRO",
    "reportedCurrency": "USD",
    "cik": "0000079282",
    "fillingDate": "2025-07-28",
    "acceptedDate": "2025-07-28 17:05:38",
    "calendarYear": "2025",
    "period": "Q2",
    "revenue": 1249000000,
    "costOfRevenue": 640000000,
    "grossProfit": 609000000,
    "grossProfitRatio": 0.4875900721,
    "researchAndDevelopmentExpenses": 0,
    "generalAndAdministrativeExpenses": 0,
    "sellingAndMarketingExpenses": 0,
    "sellingGeneralAndAdministrativeExpenses": 0,
    "otherExpenses": 272000000,
    "operatingExpenses": 272000000,
    "costAndExpenses": 912000000,
    "interestIncome": 0,
    "interestExpense": 53000000,
    "depreciationAndAmortization": 62000000,
    "ebitda": 426000000,
    "ebitdaratio": 0.3410728583,
    "operatingIncome": 337000000,
    "operatingIncomeRatio": 0.2698158527,
    "totalOtherIncomeExpensesNet": -26000000,
    "incomeBeforeTax": 311000000,
    "incomeBeforeTaxRatio": 0.2489991994,
    "incomeTaxExpense": 77000000,
    "netIncome": 231000000,
    "netIncomeRatio": 0.1849479584,
    "eps": 0.78,
    "epsdiluted": 0.78,
    "weightedAverageShsOut": 292000000,
    "weightedAverageShsOutDil": 293000000,
    "link": "https://www.sec.gov/Archives/edgar/data/79282/000095017025099240/0000950170-25-099240-index.htm",
    "finalLink": "https://www.sec.gov/Archives/edgar/data/79282/000095017025099240/bro-20250630.htm"
  },
  {
    "date": "2025-03-31",
    "symbol": "BRO",
    "reportedCurrency": "USD",
    "cik": "0000079282",
    "fillingDate": "2025-04-28",
    "acceptedDate": "2025-04-28 17:06:06",
    "calendarYear": "2025",
    "period": "Q1",
    "revenue": 1385000000,
    "costOfRevenue": 683000000,
    "grossProfit": 702000000,
    "grossProfitRatio": 0.5068592058,
    "researchAndDevelopmentExpenses": 0,
    "generalAndAdministrativeExpenses": 0,
    "sellingAndMarketingExpenses": 0,
    "sellingGeneralAndAdministrativeExpenses": 0,
    "otherExpenses": 250000000,
    "operatingExpenses": 250000000,
    "costAndExpenses": 933000000,
    "interestIncome": 0,
    "interestExpense": 48000000,
    "depreciationAndAmortization": 64000000,
    "ebitda": 539000000,
    "ebitdaratio": 0.3891696751,
    "operatingIncome": 452000000,
    "operatingIncomeRatio": 0.3263537906,
    "totalOtherIncomeExpensesNet": -25000000,
    "incomeBeforeTax": 427000000,
    "incomeBeforeTaxRatio": 0.3083032491,
    "incomeTaxExpense": 93000000,
    "netIncome": 331000000,
    "netIncomeRatio": 0.2389891697,
    "eps": 1.16,
    "epsdiluted": 1.15,
    "weightedAverageShsOut": 283000000,
    "weightedAverageShsOutDil": 285000000,
    "link": "https://www.sec.gov/Archives/edgar/data/79282/000095017025059393/0000950170-25-059393-index.htm",
    "finalLink": "https://www.sec.gov/Archives/edgar/data/79282/000095017025059393/bro-20250331.htm"
  },
  {
    "date": "2024-12-31",
    "symbol": "BRO",
    "reportedCurrency": "USD",
    "cik": "0000079282",
    "fillingDate": "2025-02-13",
    "acceptedDate": "2025-02-12 17:37:07",
    "calendarYear": "2024",
    "period": "Q4",
    "revenue": 1089000000,
    "costOfRevenue": 583000000,
    "grossProfit": 506000000,
    "grossProfitRatio": 0.4646464646,
    "researchAndDevelopmentExpenses": 0,
    "generalAndAdministrativeExpenses": 0,
    "sellingAndMarketingExpenses": 0,
    "sellingGeneralAndAdministrativeExpenses": 0,
    "otherExpenses": 269000000,
    "operatingExpenses": 269000000,
    "costAndExpenses": 852000000,
    "interestIncome": 0,
    "interestExpense": 54000000,
    "depreciationAndAmortization": 58000000,
    "ebitda": 387000000,
    "ebitdaratio": 0.3553719008,
    "operatingIncome": 237000000,
    "operatingIncomeRatio": 0.217630854,
    "totalOtherIncomeExpensesNet": 38000000,
    "incomeBeforeTax": 275000000,
    "incomeBeforeTaxRatio": 0.2525252525,
    "incomeTaxExpense": 64000000,
    "netIncome": 210000000,
    "netIncomeRatio": 0.1928374656,
    "eps": 0.75,
    "epsdiluted": 0.73,
    "weightedAverageShsOut": 283000000,
    "weightedAverageShsOutDil": 284000000,
    "link": "https://www.sec.gov/Archives/edgar/data/79282/000095017025019039/0000950170-25-019039-index.htm",
    "finalLink": "https://www.sec.gov/Archives/edgar/data/79282/000095017025019039/bro-20241231.htm"
  },
  {
    "date": "2024-09-30",
    "symbol": "BRO",
    "reportedCurrency": "USD",
    "cik": "0000079282",
    "fillingDate": "2024-10-28",
    "acceptedDate": "2024-10-28 17:09:04",
    "calendarYear": "2024",
    "period": "Q3",
    "revenue": 1186000000,
    "costOfRevenue": 607000000,
    "grossProfit": 579000000,
    "grossProfitRatio": 0.4881956155,
    "researchAndDevelopmentExpenses": 0,
    "generalAndAdministrativeExpenses": 0,
    "sellingAndMarketingExpenses": 0,
    "sellingGeneralAndAdministrativeExpenses": 0,
    "otherExpenses": 221000000,
    "operatingExpenses": 221000000,
    "costAndExpenses": 828000000,
    "interestIncome": 0,
    "interestExpense": 50000000,
    "depreciationAndAmortization": 57000000,
    "ebitda": 424000000,
    "ebitdaratio": 0.3575042159,
    "operatingIncome": 358000000,
    "operatingIncomeRatio": 0.3018549747,
    "totalOtherIncomeExpensesNet": -41000000,
    "incomeBeforeTax": 317000000,
    "incomeBeforeTaxRatio": 0.2672849916,
    "incomeTaxExpense": 78000000,
    "netIncome": 234000000,
    "netIncomeRatio": 0.197301855,
    "eps": 0.82,
    "epsdiluted": 0.82,
    "weightedAverageShsOut": 282000000,
    "weightedAverageShsOutDil": 283000000,
    "link": "https://www.sec.gov/Archives/edgar/data/79282/000095017024117782/0000950170-24-117782-index.htm",
    "finalLink": "https://www.sec.gov/Archives/edgar/data/79282/000095017024117782/bro-20240930.htm"
  },
  {
    "date": "2024-06-30",
    "symbol": "BRO",
    "reportedCurrency": "USD",
    "cik": "0000079282",
    "fillingDate": "2024-07-22",
    "acceptedDate": "2024-07-22 17:31:10",
    "calendarYear": "2024",
    "period": "Q2",
    "revenue": 1154000000,
    "costOfRevenue": 585000000,
    "grossProfit": 569000000,
    "grossProfitRatio": 0.493067591,
    "researchAndDevelopmentExpenses": 0,
    "generalAndAdministrativeExpenses": 0,
    "sellingAndMarketingExpenses": 0,
    "sellingGeneralAndAdministrativeExpenses": 0,
    "otherExpenses": 228000000,
    "operatingExpenses": 228000000,
    "costAndExpenses": 813000000,
    "interestIncome": 0,
    "interestExpense": 52000000,
    "depreciationAndAmortization": 55000000,
    "ebitda": 453000000,
    "ebitdaratio": 0.3925476603,
    "operatingIncome": 341000000,
    "operatingIncomeRatio": 0.2954939341,
    "totalOtherIncomeExpensesNet": 5000000,
    "incomeBeforeTax": 346000000,
    "incomeBeforeTaxRatio": 0.2998266898,
    "incomeTaxExpense": 87000000,
    "netIncome": 257000000,
    "netIncomeRatio": 0.2227036395,
    "eps": 0.9,
    "epsdiluted": 0.9,
    "weightedAverageShsOut": 282000000,
    "weightedAverageShsOutDil": 283000000,
    "link": "https://www.sec.gov/Archives/edgar/data/79282/000095017024085353/0000950170-24-085353-index.htm",
    "finalLink": "https://www.sec.gov/Archives/edgar/data/79282/000095017024085353/bro-20240630.htm"
  },
  {
    "date": "2024-03-31",
    "symbol": "BRO",
    "reportedCurrency": "USD",
    "cik": "0000079282",
    "fillingDate": "2024-04-24",
    "acceptedDate": "2024-04-23 18:23:47",
    "calendarYear": "2024",
    "period": "Q1",
    "revenue": 1237000000,
    "costOfRevenue": 631000000,
    "grossProfit": 606000000,
    "grossProfitRatio": 0.489894907,
    "researchAndDevelopmentExpenses": 0,
    "generalAndAdministrativeExpenses": 0,
    "sellingAndMarketingExpenses": 0,
    "sellingGeneralAndAdministrativeExpenses": 0,
    "otherExpenses": 215000000,
    "operatingExpenses": 215000000,
    "costAndExpenses": 846000000,
    "interestIncome": 0,
    "interestExpense": 50000000,
    "depreciationAndAmortization": 54000000,
    "ebitda": 468000000,
    "ebitdaratio": 0.3783346807,
    "operatingIncome": 391000000,
    "operatingIncomeRatio": 0.316087308,
    "totalOtherIncomeExpensesNet": -27000000,
    "incomeBeforeTax": 364000000,
    "incomeBeforeTaxRatio": 0.2942603072,
    "incomeTaxExpense": 71000000,
    "netIncome": 293000000,
    "netIncomeRatio": 0.2368633791,
    "eps": 1.03,
    "epsdiluted": 1.02,
    "weightedAverageShsOut": 281000000,
    "weightedAverageShsOutDil": 283000000,
    "link": "https://www.sec.gov/Archives/edgar/data/79282/000095017024047140/0000950170-24-047140-index.htm",
    "finalLink": "https://www.sec.gov/Archives/edgar/data/79282/000095017024047140/bro-20240331.htm"
  },
  {
    "date": "2023-12-31",
    "symbol": "BRO",
    "reportedCurrency": "USD",
    "cik": "0000079282",
    "fillingDate": "2024-02-22",
    "acceptedDate": "2024-02-22 17:01:33",
    "calendarYear": "2023",
    "period": "Q4",
    "revenue": 972400000,
    "costOfRevenue": 553700000,
    "grossProfit": 418700000,
    "grossProfitRatio": 0.4305841218,
    "researchAndDevelopmentExpenses": 0,
    "generalAndAdministrativeExpenses": 0,
    "sellingAndMarketingExpenses": 0,
    "sellingGeneralAndAdministrativeExpenses": 0,
    "otherExpenses": 211500000,
    "operatingExpenses": 211500000,
    "costAndExpenses": 765200000,
    "interestIncome": 0,
    "interestExpense": 49700000,
    "depreciationAndAmortization": 51800000,
    "ebitda": 456600000,
    "ebitdaratio": 0.4695598519,
    "operatingIncome": 207200000,
    "operatingIncomeRatio": 0.2130810366,
    "totalOtherIncomeExpensesNet": 147900000,
    "incomeBeforeTax": 355100000,
    "incomeBeforeTaxRatio": 0.3651789387,
    "incomeTaxExpense": 86500000,
    "netIncome": 268700000,
    "netIncomeRatio": 0.2763266146,
    "eps": 0.94,
    "epsdiluted": 0.94,
    "weightedAverageShsOut": 280400000,
    "weightedAverageShsOutDil": 281900000,
    "link": "https://www.sec.gov/Archives/edgar/data/79282/000095017024018890/0000950170-24-018890-index.htm",
    "finalLink": "https://www.sec.gov/Archives/edgar/data/79282/000095017024018890/bro-20231231.htm"
  },
  {
    "date": "2023-09-30",
    "symbol": "BRO",
    "reportedCurrency": "USD",
    "cik": "0000079282",
    "fillingDate": "2023-10-26",
    "acceptedDate": "2023-10-25 17:32:01",
    "calendarYear": "2023",
    "period": "Q3",
    "revenue": 1066000000,
    "costOfRevenue": 532000000,
    "grossProfit": 534000000,
    "grossProfitRatio": 0.5009380863,
    "researchAndDevelopmentExpenses": 0,
    "generalAndAdministrativeExpenses": 0,
    "sellingAndMarketingExpenses": 0,
    "sellingGeneralAndAdministrativeExpenses": 0,
    "otherExpenses": 219000000,
    "operatingExpenses": 219000000,
    "costAndExpenses": 751000000,
    "interestIncome": 0,
    "interestExpense": 48000000,
    "depreciationAndAmortization": 50000000,
    "ebitda": 341000000,
    "ebitdaratio": 0.3198874296,
    "operatingIncome": 315000000,
    "operatingIncomeRatio": 0.2954971857,
    "totalOtherIncomeExpensesNet": -73000000,
    "incomeBeforeTax": 242000000,
    "incomeBeforeTaxRatio": 0.2270168856,
    "incomeTaxExpense": 66400000,
    "netIncome": 176000000,
    "netIncomeRatio": 0.1651031895,
    "eps": 0.62,
    "epsdiluted": 0.62,
    "weightedAverageShsOut": 280000000,
    "weightedAverageShsOutDil": 281300000,
    "link": "https://www.sec.gov/Archives/edgar/data/79282/000095017023055281/0000950170-23-055281-index.htm",
    "finalLink": "https://www.sec.gov/Archives/edgar/data/79282/000095017023055281/bro-20230930.htm"
  },
  {
    "date": "2023-06-30",
    "symbol": "BRO",
    "reportedCurrency": "USD",
    "cik": "0000079282",
    "fillingDate": "2023-07-27",
    "acceptedDate": "2023-07-27 17:02:09",
    "calendarYear": "2023",
    "period": "Q2",
    "revenue": 1036000000,
    "costOfRevenue": 530000000,
    "grossProfit": 506000000,
    "grossProfitRatio": 0.4884169884,
    "researchAndDevelopmentExpenses": 0,
    "generalAndAdministrativeExpenses": 0,
    "sellingAndMarketingExpenses": 0,
    "sellingGeneralAndAdministrativeExpenses": 0,
    "otherExpenses": 213000000,
    "operatingExpenses": 213000000,
    "costAndExpenses": 743000000,
    "interestIncome": 0,
    "interestExpense": 50000000,
    "depreciationAndAmortization": 52000000,
    "ebitda": 356000000,
    "ebitdaratio": 0.3436293436,
    "operatingIncome": 293000000,
    "operatingIncomeRatio": 0.2828185328,
    "totalOtherIncomeExpensesNet": -39000000,
    "incomeBeforeTax": 254000000,
    "incomeBeforeTaxRatio": 0.2451737452,
    "incomeTaxExpense": 64000000,
    "netIncome": 190400000,
    "netIncomeRatio": 0.1837837838,
    "eps": 0.67,
    "epsdiluted": 0.67,
    "weightedAverageShsOut": 279400000,
    "weightedAverageShsOutDil": 280400000,
    "link": "https://www.sec.gov/Archives/edgar/data/79282/000095017023035211/0000950170-23-035211-index.htm",
    "finalLink": "https://www.sec.gov/Archives/edgar/data/79282/000095017023035211/bro-20230630.htm"
  },
  {
    "date": "2023-03-31",
    "symbol": "BRO",
    "reportedCurrency": "USD",
    "cik": "0000079282",
    "fillingDate": "2023-04-28",
    "acceptedDate": "2023-04-27 21:24:58",
    "calendarYear": "2023",
    "period": "Q1",
    "revenue": 1108000000,
    "costOfRevenue": 571000000,
    "grossProfit": 537000000,
    "grossProfitRatio": 0.4846570397,
    "researchAndDevelopmentExpenses": 0,
    "generalAndAdministrativeExpenses": 0,
    "sellingAndMarketingExpenses": 0,
    "sellingGeneralAndAdministrativeExpenses": 0,
    "otherExpenses": 212000000,
    "operatingExpenses": 212000000,
    "costAndExpenses": 783000000,
    "interestIncome": 0,
    "interestExpense": 49000000,
    "depreciationAndAmortization": 51000000,
    "ebitda": 394000000,
    "ebitdaratio": 0.3555956679,
    "operatingIncome": 325000000,
    "operatingIncomeRatio": 0.2933212996,
    "totalOtherIncomeExpensesNet": -31000000,
    "incomeBeforeTax": 294000000,
    "incomeBeforeTaxRatio": 0.2653429603,
    "incomeTaxExpense": 58700000,
    "netIncome": 236000000,
    "netIncomeRatio": 0.2129963899,
    "eps": 0.83,
    "epsdiluted": 0.83,
    "weightedAverageShsOut": 278000000,
    "weightedAverageShsOutDil": 279400000,
    "link": "https://www.sec.gov/Archives/edgar/data/79282/000095017023015456/0000950170-23-015456-index.htm",
    "finalLink": "https://www.sec.gov/Archives/edgar/data/79282/000095017023015456/bro-20230331.htm"
  },
  {
    "date": "2022-12-31",
    "symbol": "BRO",
    "reportedCurrency": "USD",
    "cik": "0000079282",
    "fillingDate": "2023-02-27",
    "acceptedDate": "2023-02-27 17:30:56",
    "calendarYear": "2022",
    "period": "Q4",
    "revenue": 893200000,
    "costOfRevenue": 475600000,
    "grossProfit": 417600000,
    "grossProfitRatio": 0.4675324675,
    "researchAndDevelopmentExpenses": 0,
    "generalAndAdministrativeExpenses": 0,
    "sellingAndMarketingExpenses": 0,
    "sellingGeneralAndAdministrativeExpenses": 0,
    "otherExpenses": 195500000,
    "operatingExpenses": 195500000,
    "costAndExpenses": 671100000,
    "interestIncome": 0,
    "interestExpense": 47400000,
    "depreciationAndAmortization": 49300000,
    "ebitda": 291000000,
    "ebitdaratio": 0.3257948948,
    "operatingIncome": 222100000,
    "operatingIncomeRatio": 0.2486565159,
    "totalOtherIncomeExpensesNet": -27800000,
    "incomeBeforeTax": 194300000,
    "incomeBeforeTaxRatio": 0.2175324675,
    "incomeTaxExpense": 49100000,
    "netIncome": 145200000,
    "netIncomeRatio": 0.1625615764,
    "eps": 0.51,
    "epsdiluted": 0.51,
    "weightedAverageShsOut": 278048000,
    "weightedAverageShsOutDil": 279018000,
    "link": "https://www.sec.gov/Archives/edgar/data/79282/000095017023004717/0000950170-23-004717-index.htm",
    "finalLink": "https://www.sec.gov/Archives/edgar/data/79282/000095017023004717/bro-20221231.htm"
  },
  {
    "date": "2022-09-30",
    "symbol": "BRO",
    "reportedCurrency": "USD",
    "cik": "0000079282",
    "fillingDate": "2022-11-03",
    "acceptedDate": "2022-11-03 17:11:45",
    "calendarYear": "2022",
    "period": "Q3",
    "revenue": 926400000,
    "costOfRevenue": 470300000,
    "grossProfit": 456100000,
    "grossProfitRatio": 0.492335924,
    "researchAndDevelopmentExpenses": 0,
    "generalAndAdministrativeExpenses": 0,
    "sellingAndMarketingExpenses": 0,
    "sellingGeneralAndAdministrativeExpenses": 0,
    "otherExpenses": 224400000,
    "operatingExpenses": 224400000,
    "costAndExpenses": 694700000,
    "interestIncome": 0,
    "interestExpense": 43400000,
    "depreciationAndAmortization": 54700000,
    "ebitda": 316200000,
    "ebitdaratio": 0.3413212435,
    "operatingIncome": 231700000,
    "operatingIncomeRatio": 0.2501079447,
    "totalOtherIncomeExpensesNet": -13700000,
    "incomeBeforeTax": 218000000,
    "incomeBeforeTaxRatio": 0.2353195164,
    "incomeTaxExpense": 56900000,
    "netIncome": 158200000,
    "netIncomeRatio": 0.1707685665,
    "eps": 0.57,
    "epsdiluted": 0.57,
    "weightedAverageShsOut": 277800215,
    "weightedAverageShsOutDil": 278700000,
    "link": "https://www.sec.gov/Archives/edgar/data/79282/000095017022021976/0000950170-22-021976-index.htm",
    "finalLink": "https://www.sec.gov/Archives/edgar/data/79282/000095017022021976/bro-20220930.htm"
  },
  {
    "date": "2022-06-30",
    "symbol": "BRO",
    "reportedCurrency": "USD",
    "cik": "0000079282",
    "fillingDate": "2022-07-26",
    "acceptedDate": "2022-07-26 17:29:07",
    "calendarYear": "2022",
    "period": "Q2",
    "revenue": 839100000,
    "costOfRevenue": 412100000,
    "grossProfit": 427000000,
    "grossProfitRatio": 0.5088785604,
    "researchAndDevelopmentExpenses": 0,
    "generalAndAdministrativeExpenses": 0,
    "sellingAndMarketingExpenses": 0,
    "sellingGeneralAndAdministrativeExpenses": 0,
    "otherExpenses": 196500000,
    "operatingExpenses": 196500000,
    "costAndExpenses": 608600000,
    "interestIncome": 0,
    "interestExpense": 37700000,
    "depreciationAndAmortization": 42600000,
    "ebitda": 279100000,
    "ebitdaratio": 0.3326182815,
    "operatingIncome": 230500000,
    "operatingIncomeRatio": 0.2746990824,
    "totalOtherIncomeExpensesNet": -31700000,
    "incomeBeforeTax": 198800000,
    "incomeBeforeTaxRatio": 0.2369205101,
    "incomeTaxExpense": 53600000,
    "netIncome": 142500000,
    "netIncomeRatio": 0.1698248123,
    "eps": 0.51,
    "epsdiluted": 0.51,
    "weightedAverageShsOut": 277200000,
    "weightedAverageShsOutDil": 278200000,
    "link": "https://www.sec.gov/Archives/edgar/data/79282/000095017022013113/0000950170-22-013113-index.htm",
    "finalLink": "https://www.sec.gov/Archives/edgar/data/79282/000095017022013113/bro-20220630.htm"
  },
  {
    "date": "2022-03-31",
    "symbol": "BRO",
    "reportedCurrency": "USD",
    "cik": "0000079282",
    "fillingDate": "2022-05-09",
    "acceptedDate": "2022-05-09 17:01:48",
    "calendarYear": "2022",
    "period": "Q1",
    "revenue": 904300000,
    "costOfRevenue": 459000000,
    "grossProfit": 445300000,
    "grossProfitRatio": 0.4924250802,
    "researchAndDevelopmentExpenses": 0,
    "generalAndAdministrativeExpenses": 0,
    "sellingAndMarketingExpenses": 0,
    "sellingGeneralAndAdministrativeExpenses": 0,
    "otherExpenses": 166000000,
    "operatingExpenses": 166000000,
    "costAndExpenses": 625000000,
    "interestIncome": 0,
    "interestExpense": 19700000,
    "depreciationAndAmortization": 39200000,
    "ebitda": 323900000,
    "ebitdaratio": 0.3581775959,
    "operatingIncome": 279300000,
    "operatingIncomeRatio": 0.30885768,
    "totalOtherIncomeExpensesNet": -14300000,
    "incomeBeforeTax": 265000000,
    "incomeBeforeTaxRatio": 0.2930443437,
    "incomeTaxExpense": 44700000,
    "netIncome": 215900000,
    "netIncomeRatio": 0.238748203,
    "eps": 0.78,
    "epsdiluted": 0.78,
    "weightedAverageShsOut": 278566000,
    "weightedAverageShsOutDil": 278566000,
    "link": "https://www.sec.gov/Archives/edgar/data/79282/000095017022008555/0000950170-22-008555-index.htm",
    "finalLink": "https://www.sec.gov/Archives/edgar/data/79282/000095017022008555/bro-20220331.htm"
  },
  {
    "date": "2021-12-31",
    "symbol": "BRO",
    "reportedCurrency": "USD",
    "cik": "0000079282",
    "fillingDate": "2022-02-23",
    "acceptedDate": "2022-02-22 18:14:32",
    "calendarYear": "2021",
    "period": "Q4",
    "revenue": 737912000,
    "costOfRevenue": 416804000,
    "grossProfit": 321108000,
    "grossProfitRatio": 0.4351575798,
    "researchAndDevelopmentExpenses": 0,
    "generalAndAdministrativeExpenses": 0,
    "sellingAndMarketingExpenses": 0,
    "sellingGeneralAndAdministrativeExpenses": 0,
    "otherExpenses": 150134000,
    "operatingExpenses": 150134000,
    "costAndExpenses": 566938000,
    "interestIncome": 0,
    "interestExpense": 22415000,
    "depreciationAndAmortization": 38883000,
    "ebitda": 202117000,
    "ebitdaratio": 0.2739039343,
    "operatingIncome": 170974000,
    "operatingIncomeRatio": 0.2316997149,
    "totalOtherIncomeExpensesNet": -30155000,
    "incomeBeforeTax": 140819000,
    "incomeBeforeTaxRatio": 0.1908344084,
    "incomeTaxExpense": 39100000,
    "netIncome": 99676000,
    "netIncomeRatio": 0.1350784375,
    "eps": 0.36,
    "epsdiluted": 0.36,
    "weightedAverageShsOut": 276571000,
    "weightedAverageShsOutDil": 278128000,
    "link": "https://www.sec.gov/Archives/edgar/data/79282/000095017022001654/0000950170-22-001654-index.htm",
    "finalLink": "https://www.sec.gov/Archives/edgar/data/79282/000095017022001654/bro-20211231.htm"
  },
  {
    "date": "2021-09-30",
    "symbol": "BRO",
    "reportedCurrency": "USD",
    "cik": "0000079282",
    "fillingDate": "2021-10-26",
    "acceptedDate": "2021-10-26 17:32:03",
    "calendarYear": "2021",
    "period": "Q3",
    "revenue": 770100000,
    "costOfRevenue": 395000000,
    "grossProfit": 375100000,
    "grossProfitRatio": 0.4870796001,
    "researchAndDevelopmentExpenses": 0,
    "generalAndAdministrativeExpenses": 0,
    "sellingAndMarketingExpenses": 0,
    "sellingGeneralAndAdministrativeExpenses": 0,
    "otherExpenses": 139800000,
    "operatingExpenses": 139800000,
    "costAndExpenses": 534800000,
    "interestIncome": 0,
    "interestExpense": 17500000,
    "depreciationAndAmortization": 38700000,
    "ebitda": 252700000,
    "ebitdaratio": 0.3281392027,
    "operatingIncome": 235300000,
    "operatingIncomeRatio": 0.3055447345,
    "totalOtherIncomeExpensesNet": -38800000,
    "incomeBeforeTax": 196500000,
    "incomeBeforeTaxRatio": 0.2551616673,
    "incomeTaxExpense": 50100000,
    "netIncome": 146354000,
    "netIncomeRatio": 0.1900454486,
    "eps": 0.52,
    "epsdiluted": 0.52,
    "weightedAverageShsOut": 276215000,
    "weightedAverageShsOutDil": 277553000,
    "link": "https://www.sec.gov/Archives/edgar/data/79282/000095017021002321/0000950170-21-002321-index.htm",
    "finalLink": "https://www.sec.gov/Archives/edgar/data/79282/000095017021002321/bro-20210930.htm"
  },
  {
    "date": "2021-06-30",
    "symbol": "BRO",
    "reportedCurrency": "USD",
    "cik": "0000079282",
    "fillingDate": "2021-07-27",
    "acceptedDate": "2021-07-27 17:05:32",
    "calendarYear": "2021",
    "period": "Q2",
    "revenue": 726100000,
    "costOfRevenue": 395600000,
    "grossProfit": 330500000,
    "grossProfitRatio": 0.455171464,
    "researchAndDevelopmentExpenses": 0,
    "generalAndAdministrativeExpenses": 0,
    "sellingAndMarketingExpenses": 0,
    "sellingGeneralAndAdministrativeExpenses": 0,
    "otherExpenses": 134600000,
    "operatingExpenses": 134600000,
    "costAndExpenses": 530200000,
    "interestIncome": 0,
    "interestExpense": 18000000,
    "depreciationAndAmortization": 38300000,
    "ebitda": 242600000,
    "ebitdaratio": 0.3341137584,
    "operatingIncome": 195900000,
    "operatingIncomeRatio": 0.2697975485,
    "totalOtherIncomeExpensesNet": -9600000,
    "incomeBeforeTax": 186300000,
    "incomeBeforeTaxRatio": 0.2565762292,
    "incomeTaxExpense": 47000000,
    "netIncome": 139290000,
    "netIncomeRatio": 0.1918330808,
    "eps": 0.49,
    "epsdiluted": 0.49,
    "weightedAverageShsOut": 275694000,
    "weightedAverageShsOutDil": 276877000,
    "link": "https://www.sec.gov/Archives/edgar/data/79282/000156459021038320/0001564590-21-038320-index.htm",
    "finalLink": "https://www.sec.gov/Archives/edgar/data/79282/000156459021038320/bro-10q_20210630.htm"
  },
  {
    "date": "2021-03-31",
    "symbol": "BRO",
    "reportedCurrency": "USD",
    "cik": "0000079282",
    "fillingDate": "2021-04-27",
    "acceptedDate": "2021-04-27 17:08:32",
    "calendarYear": "2021",
    "period": "Q1",
    "revenue": 814300000,
    "costOfRevenue": 429500000,
    "grossProfit": 384800000,
    "grossProfitRatio": 0.4725531131,
    "researchAndDevelopmentExpenses": 0,
    "generalAndAdministrativeExpenses": 0,
    "sellingAndMarketingExpenses": 0,
    "sellingGeneralAndAdministrativeExpenses": 0,
    "otherExpenses": 131400000,
    "operatingExpenses": 131400000,
    "costAndExpenses": 560900000,
    "interestIncome": 0,
    "interestExpense": 18100000,
    "depreciationAndAmortization": 37000000,
    "ebitda": 294300000,
    "ebitdaratio": 0.361414712,
    "operatingIncome": 253400000,
    "operatingIncomeRatio": 0.311187523,
    "totalOtherIncomeExpensesNet": -14200000,
    "incomeBeforeTax": 239200000,
    "incomeBeforeTaxRatio": 0.2937492325,
    "incomeTaxExpense": 39500000,
    "netIncome": 199744000,
    "netIncomeRatio": 0.2452953457,
    "eps": 0.71,
    "epsdiluted": 0.7,
    "weightedAverageShsOut": 275594000,
    "weightedAverageShsOutDil": 276955000,
    "link": "https://www.sec.gov/Archives/edgar/data/79282/000156459021020957/0001564590-21-020957-index.htm",
    "finalLink": "https://www.sec.gov/Archives/edgar/data/79282/000156459021020957/bro-10q_20210331.htm"
  },
  {
    "date": "2020-12-31",
    "symbol": "BRO",
    "reportedCurrency": "USD",
    "cik": "0000079282",
    "fillingDate": "2021-02-23",
    "acceptedDate": "2021-02-23 17:02:30",
    "calendarYear": "2020",
    "period": "Q4",
    "revenue": 640052000,
    "costOfRevenue": 377470000,
    "grossProfit": 262582000,
    "grossProfitRatio": 0.4102510421,
    "researchAndDevelopmentExpenses": 0,
    "generalAndAdministrativeExpenses": 0,
    "sellingAndMarketingExpenses": 0,
    "sellingGeneralAndAdministrativeExpenses": 0,
    "otherExpenses": 127643000,
    "operatingExpenses": 127643000,
    "costAndExpenses": 505113000,
    "interestIncome": 0,
    "interestExpense": 16639000,
    "depreciationAndAmortization": 35773000,
    "ebitda": 183328000,
    "ebitdaratio": 0.2864267278,
    "operatingIncome": 134939000,
    "operatingIncomeRatio": 0.210825058,
    "totalOtherIncomeExpensesNet": -4023000,
    "incomeBeforeTax": 130916000,
    "incomeBeforeTaxRatio": 0.2045396312,
    "incomeTaxExpense": 33596000,
    "netIncome": 97320000,
    "netIncomeRatio": 0.1520501459,
    "eps": 0.34,
    "epsdiluted": 0.34,
    "weightedAverageShsOut": 275914000,
    "weightedAverageShsOutDil": 277398000,
    "link": "https://www.sec.gov/Archives/edgar/data/79282/000156459021007624/0001564590-21-007624-index.htm",
    "finalLink": "https://www.sec.gov/Archives/edgar/data/79282/000156459021007624/bro-10k_20201231.htm"
  },
  {
    "date": "2020-09-30",
    "symbol": "BRO",
    "reportedCurrency": "USD",
    "cik": "0000079282",
    "fillingDate": "2020-10-27",
    "acceptedDate": "2020-10-27 17:02:03",
    "calendarYear": "2020",
    "period": "Q3",
    "revenue": 671396000,
    "costOfRevenue": 362767000,
    "grossProfit": 308629000,
    "grossProfitRatio": 0.4596825123,
    "researchAndDevelopmentExpenses": 0,
    "generalAndAdministrativeExpenses": 0,
    "sellingAndMarketingExpenses": 0,
    "sellingGeneralAndAdministrativeExpenses": 0,
    "otherExpenses": 125109000,
    "operatingExpenses": 125109000,
    "costAndExpenses": 487876000,
    "interestIncome": 0,
    "interestExpense": 13234000,
    "depreciationAndAmortization": 33705000,
    "ebitda": 205468000,
    "ebitdaratio": 0.306031016,
    "operatingIncome": 183520000,
    "operatingIncomeRatio": 0.2733409195,
    "totalOtherIncomeExpensesNet": -24992000,
    "incomeBeforeTax": 158528000,
    "incomeBeforeTaxRatio": 0.2361169861,
    "incomeTaxExpense": 24549000,
    "netIncome": 133979000,
    "netIncomeRatio": 0.1995528719,
    "eps": 0.47,
    "epsdiluted": 0.47,
    "weightedAverageShsOut": 275515000,
    "weightedAverageShsOutDil": 276933000,
    "link": "https://www.sec.gov/Archives/edgar/data/79282/000156459020048034/0001564590-20-048034-index.htm",
    "finalLink": "https://www.sec.gov/Archives/edgar/data/79282/000156459020048034/bro-10q_20200930.htm"
  },
  {
    "date": "2020-06-30",
    "symbol": "BRO",
    "reportedCurrency": "USD",
    "cik": "0000079282",
    "fillingDate": "2020-07-29",
    "acceptedDate": "2020-07-29 18:29:25",
    "calendarYear": "2020",
    "period": "Q2",
    "revenue": 598157000,
    "costOfRevenue": 346515000,
    "grossProfit": 251642000,
    "grossProfitRatio": 0.4206955699,
    "researchAndDevelopmentExpenses": 0,
    "generalAndAdministrativeExpenses": 0,
    "sellingAndMarketingExpenses": 0,
    "sellingGeneralAndAdministrativeExpenses": 0,
    "otherExpenses": 108477000,
    "operatingExpenses": 108477000,
    "costAndExpenses": 454992000,
    "interestIncome": 0,
    "interestExpense": 15752000,
    "depreciationAndAmortization": 32909000,
    "ebitda": 178062000,
    "ebitdaratio": 0.2976843872,
    "operatingIncome": 143165000,
    "operatingIncomeRatio": 0.2393435168,
    "totalOtherIncomeExpensesNet": -13764000,
    "incomeBeforeTax": 129401000,
    "incomeBeforeTaxRatio": 0.2163328357,
    "incomeTaxExpense": 32617000,
    "netIncome": 96784000,
    "netIncomeRatio": 0.1618036736,
    "eps": 0.34,
    "epsdiluted": 0.34,
    "weightedAverageShsOut": 273100000,
    "weightedAverageShsOutDil": 274362000,
    "link": "https://www.sec.gov/Archives/edgar/data/79282/000156459020034396/0001564590-20-034396-index.htm",
    "finalLink": "https://www.sec.gov/Archives/edgar/data/79282/000156459020034396/bro-10q_20200630.htm"
  },
  {
    "date": "2020-03-31",
    "symbol": "BRO",
    "reportedCurrency": "USD",
    "cik": "0000079282",
    "fillingDate": "2020-04-29",
    "acceptedDate": "2020-04-29 17:03:54",
    "calendarYear": "2020",
    "period": "Q1",
    "revenue": 696503000,
    "costOfRevenue": 349624000,
    "grossProfit": 346879000,
    "grossProfitRatio": 0.4980294414,
    "researchAndDevelopmentExpenses": 0,
    "generalAndAdministrativeExpenses": 0,
    "sellingAndMarketingExpenses": 0,
    "sellingGeneralAndAdministrativeExpenses": 0,
    "otherExpenses": 139544000,
    "operatingExpenses": 139544000,
    "costAndExpenses": 489168000,
    "interestIncome": 0,
    "interestExpense": 15291000,
    "depreciationAndAmortization": 32412000,
    "ebitda": 252956000,
    "ebitdaratio": 0.3631800581,
    "operatingIncome": 207335000,
    "operatingIncomeRatio": 0.2976799813,
    "totalOtherIncomeExpensesNet": -2082000,
    "incomeBeforeTax": 205253000,
    "incomeBeforeTaxRatio": 0.2946907623,
    "incomeTaxExpense": 52853000,
    "netIncome": 152400000,
    "netIncomeRatio": 0.2188073849,
    "eps": 0.54,
    "epsdiluted": 0.54,
    "weightedAverageShsOut": 272776000,
    "weightedAverageShsOutDil": 274861000,
    "link": "https://www.sec.gov/Archives/edgar/data/79282/000156459020019783/0001564590-20-019783-index.htm",
    "finalLink": "https://www.sec.gov/Archives/edgar/data/79282/000156459020019783/bro-10q_20200331.htm"
  },
  {
    "date": "2019-12-31",
    "symbol": "BRO",
    "reportedCurrency": "USD",
    "cik": "0000079282",
    "fillingDate": "2020-02-24",
    "acceptedDate": "2020-02-24 17:32:24",
    "calendarYear": "2019",
    "period": "Q4",
    "revenue": 576979000,
    "costOfRevenue": 334598000,
    "grossProfit": 242381000,
    "grossProfitRatio": 0.4200863463,
    "researchAndDevelopmentExpenses": 0,
    "generalAndAdministrativeExpenses": 0,
    "sellingAndMarketingExpenses": 0,
    "sellingGeneralAndAdministrativeExpenses": 0,
    "otherExpenses": 126628000,
    "operatingExpenses": 126628000,
    "costAndExpenses": 461226000,
    "interestIncome": 0,
    "interestExpense": 15855000,
    "depreciationAndAmortization": 32781000,
    "ebitda": 150685000,
    "ebitdaratio": 0.261162018,
    "operatingIncome": 115753000,
    "operatingIncomeRatio": 0.2006190867,
    "totalOtherIncomeExpensesNet": -13704000,
    "incomeBeforeTax": 102049000,
    "incomeBeforeTaxRatio": 0.1768677889,
    "incomeTaxExpense": 25530000,
    "netIncome": 76519000,
    "netIncomeRatio": 0.132620078,
    "eps": 0.27,
    "epsdiluted": 0.27,
    "weightedAverageShsOut": 272607000,
    "weightedAverageShsOutDil": 274814000,
    "link": "https://www.sec.gov/Archives/edgar/data/79282/000156459020006075/0001564590-20-006075-index.htm",
    "finalLink": "https://www.sec.gov/Archives/edgar/data/79282/000156459020006075/bro-10k_20191231.htm"
  },
  {
    "date": "2019-09-30",
    "symbol": "BRO",
    "reportedCurrency": "USD",
    "cik": "0000079282",
    "fillingDate": "2019-10-30",
    "acceptedDate": "2019-10-30 17:07:19",
    "calendarYear": "2019",
    "period": "Q3",
    "revenue": 617363000,
    "costOfRevenue": 331120000,
    "grossProfit": 286243000,
    "grossProfitRatio": 0.4636542844,
    "researchAndDevelopmentExpenses": 0,
    "generalAndAdministrativeExpenses": 0,
    "sellingAndMarketingExpenses": 0,
    "sellingGeneralAndAdministrativeExpenses": 0,
    "otherExpenses": 128496000,
    "operatingExpenses": 128496000,
    "costAndExpenses": 459616000,
    "interestIncome": 0,
    "interestExpense": 16314000,
    "depreciationAndAmortization": 32087000,
    "ebitda": 200239000,
    "ebitdaratio": 0.3243456443,
    "operatingIncome": 157747000,
    "operatingIncomeRatio": 0.2555174184,
    "totalOtherIncomeExpensesNet": -5909000,
    "incomeBeforeTax": 151838000,
    "incomeBeforeTaxRatio": 0.2459460641,
    "incomeTaxExpense": 36332000,
    "netIncome": 115506000,
    "netIncomeRatio": 0.1870957605,
    "eps": 0.41,
    "epsdiluted": 0.41,
    "weightedAverageShsOut": 272962000,
    "weightedAverageShsOutDil": 275075000,
    "link": "https://www.sec.gov/Archives/edgar/data/79282/000156459019038833/0001564590-19-038833-index.htm",
    "finalLink": "https://www.sec.gov/Archives/edgar/data/79282/000156459019038833/bro-10q_20190930.htm"
  },
  {
    "date": "2019-06-30",
    "symbol": "BRO",
    "reportedCurrency": "USD",
    "cik": "0000079282",
    "fillingDate": "2019-07-30",
    "acceptedDate": "2019-07-30 17:02:44",
    "calendarYear": "2019",
    "period": "Q2",
    "revenue": 572932000,
    "costOfRevenue": 309610000,
    "grossProfit": 263322000,
    "grossProfitRatio": 0.4596042811,
    "researchAndDevelopmentExpenses": 0,
    "generalAndAdministrativeExpenses": 0,
    "sellingAndMarketingExpenses": 0,
    "sellingGeneralAndAdministrativeExpenses": 0,
    "otherExpenses": 129670000,
    "operatingExpenses": 129670000,
    "costAndExpenses": 439280000,
    "interestIncome": 0,
    "interestExpense": 17783000,
    "depreciationAndAmortization": 31620000,
    "ebitda": 172925000,
    "ebitdaratio": 0.3018246493,
    "operatingIncome": 133652000,
    "operatingIncomeRatio": 0.2332772476,
    "totalOtherIncomeExpensesNet": -10130000,
    "incomeBeforeTax": 123522000,
    "incomeBeforeTaxRatio": 0.2155962662,
    "incomeTaxExpense": 30929000,
    "netIncome": 92593000,
    "netIncomeRatio": 0.1616125474,
    "eps": 0.33,
    "epsdiluted": 0.33,
    "weightedAverageShsOut": 272563000,
    "weightedAverageShsOutDil": 274402000,
    "link": "https://www.sec.gov/Archives/edgar/data/79282/000007928219000029/0000079282-19-000029-index.htm",
    "finalLink": "https://www.sec.gov/Archives/edgar/data/79282/000007928219000029/bro-20190630x10q.htm"
  },
  {
    "date": "2019-03-31",
    "symbol": "BRO",
    "reportedCurrency": "USD",
    "cik": "0000079282",
    "fillingDate": "2019-05-09",
    "acceptedDate": "2019-05-09 17:04:27",
    "calendarYear": "2019",
    "period": "Q1",
    "revenue": 617463000,
    "costOfRevenue": 332837000,
    "grossProfit": 284626000,
    "grossProfitRatio": 0.4609604138,
    "researchAndDevelopmentExpenses": 0,
    "generalAndAdministrativeExpenses": 0,
    "sellingAndMarketingExpenses": 0,
    "sellingGeneralAndAdministrativeExpenses": 0,
    "otherExpenses": 121010000,
    "operatingExpenses": 121010000,
    "costAndExpenses": 453847000,
    "interestIncome": 0,
    "interestExpense": 15198000,
    "depreciationAndAmortization": 32227000,
    "ebitda": 195945000,
    "ebitdaratio": 0.3173388527,
    "operatingIncome": 163616000,
    "operatingIncomeRatio": 0.2649810596,
    "totalOtherIncomeExpensesNet": -15096000,
    "incomeBeforeTax": 148520000,
    "incomeBeforeTaxRatio": 0.2405326311,
    "incomeTaxExpense": 34624000,
    "netIncome": 113896000,
    "netIncomeRatio": 0.1844580161,
    "eps": 0.41,
    "epsdiluted": 0.4,
    "weightedAverageShsOut": 272679000,
    "weightedAverageShsOutDil": 275014000,
    "link": "https://www.sec.gov/Archives/edgar/data/79282/000007928219000016/0000079282-19-000016-index.htm",
    "finalLink": "https://www.sec.gov/Archives/edgar/data/79282/000007928219000016/bro-20190331x10q.htm"
  },
  {
    "date": "2018-12-31",
    "symbol": "BRO",
    "reportedCurrency": "USD",
    "cik": "0000079282",
    "fillingDate": "2019-02-26",
    "acceptedDate": "2019-02-25 19:57:18",
    "calendarYear": "2018",
    "period": "Q4",
    "revenue": 507638000,
    "costOfRevenue": 278012000,
    "grossProfit": 229626000,
    "grossProfitRatio": 0.4523420233,
    "researchAndDevelopmentExpenses": 0,
    "generalAndAdministrativeExpenses": 0,
    "sellingAndMarketingExpenses": 0,
    "sellingGeneralAndAdministrativeExpenses": 0,
    "otherExpenses": 118421000,
    "operatingExpenses": 118421000,
    "costAndExpenses": 396433000,
    "interestIncome": 0,
    "interestExpense": 11894000,
    "depreciationAndAmortization": 30007000,
    "ebitda": 142512000,
    "ebitdaratio": 0.2807354847,
    "operatingIncome": 111205000,
    "operatingIncomeRatio": 0.2190635847,
    "totalOtherIncomeExpensesNet": -10594000,
    "incomeBeforeTax": 100611000,
    "incomeBeforeTaxRatio": 0.1981943826,
    "incomeTaxExpense": 27159000,
    "netIncome": 73452000,
    "netIncomeRatio": 0.1446936597,
    "eps": 0.26,
    "epsdiluted": 0.26,
    "weightedAverageShsOut": 272677000,
    "weightedAverageShsOutDil": 275273000,
    "link": "https://www.sec.gov/Archives/edgar/data/79282/000007928219000006/0000079282-19-000006-index.htm",
    "finalLink": "https://www.sec.gov/Archives/edgar/data/79282/000007928219000006/bro-20181231x10k.htm"
  },
  {
    "date": "2018-09-30",
    "symbol": "BRO",
    "reportedCurrency": "USD",
    "cik": "0000079282",
    "fillingDate": "2018-11-05",
    "acceptedDate": "2018-11-05 17:01:50",
    "calendarYear": "2018",
    "period": "Q3",
    "revenue": 529813000,
    "costOfRevenue": 268045000,
    "grossProfit": 261768000,
    "grossProfitRatio": 0.4940762118,
    "researchAndDevelopmentExpenses": 0,
    "generalAndAdministrativeExpenses": 0,
    "sellingAndMarketingExpenses": 0,
    "sellingGeneralAndAdministrativeExpenses": 0,
    "otherExpenses": 110593000,
    "operatingExpenses": 110593000,
    "costAndExpenses": 378638000,
    "interestIncome": 0,
    "interestExpense": 8963000,
    "depreciationAndAmortization": 26896000,
    "ebitda": 178359000,
    "ebitdaratio": 0.3366451937,
    "operatingIncome": 151175000,
    "operatingIncomeRatio": 0.2853365244,
    "totalOtherIncomeExpensesNet": -8675000,
    "incomeBeforeTax": 142500000,
    "incomeBeforeTaxRatio": 0.2689628227,
    "incomeTaxExpense": 36447000,
    "netIncome": 106053000,
    "netIncomeRatio": 0.2001706262,
    "eps": 0.38,
    "epsdiluted": 0.38,
    "weightedAverageShsOut": 271008000,
    "weightedAverageShsOutDil": 275282000,
    "link": "https://www.sec.gov/Archives/edgar/data/79282/000007928218000040/0000079282-18-000040-index.htm",
    "finalLink": "https://www.sec.gov/Archives/edgar/data/79282/000007928218000040/bro-20180930x10q.htm"
  },
  {
    "date": "2018-06-30",
    "symbol": "BRO",
    "reportedCurrency": "USD",
    "cik": "0000079282",
    "fillingDate": "2018-08-07",
    "acceptedDate": "2018-08-07 17:19:08",
    "calendarYear": "2018",
    "period": "Q2",
    "revenue": 472068000,
    "costOfRevenue": 251958000,
    "grossProfit": 220110000,
    "grossProfitRatio": 0.4662675716,
    "researchAndDevelopmentExpenses": 0,
    "generalAndAdministrativeExpenses": 0,
    "sellingAndMarketingExpenses": 0,
    "sellingGeneralAndAdministrativeExpenses": 0,
    "otherExpenses": 110078000,
    "operatingExpenses": 110078000,
    "costAndExpenses": 362036000,
    "interestIncome": 0,
    "interestExpense": 10660000,
    "depreciationAndAmortization": 26384000,
    "ebitda": 137954000,
    "ebitdaratio": 0.2922333223,
    "operatingIncome": 110032000,
    "operatingIncomeRatio": 0.233085064,
    "totalOtherIncomeExpensesNet": -9122000,
    "incomeBeforeTax": 100910000,
    "incomeBeforeTaxRatio": 0.2137615767,
    "incomeTaxExpense": 26988000,
    "netIncome": 73922000,
    "netIncomeRatio": 0.1565918469,
    "eps": 0.27,
    "epsdiluted": 0.26,
    "weightedAverageShsOut": 270081000,
    "weightedAverageShsOutDil": 275908000,
    "link": "https://www.sec.gov/Archives/edgar/data/79282/000007928218000032/0000079282-18-000032-index.htm",
    "finalLink": "https://www.sec.gov/Archives/edgar/data/79282/000007928218000032/bro-20180630x10q.htm"
  },
  {
    "date": "2018-03-31",
    "symbol": "BRO",
    "reportedCurrency": "USD",
    "cik": "0000079282",
    "fillingDate": "2018-05-10",
    "acceptedDate": "2018-05-09 17:33:52",
    "calendarYear": "2018",
    "period": "Q1",
    "revenue": 500338000,
    "costOfRevenue": 270899000,
    "grossProfit": 229439000,
    "grossProfitRatio": 0.458568008,
    "researchAndDevelopmentExpenses": 0,
    "generalAndAdministrativeExpenses": 0,
    "sellingAndMarketingExpenses": 0,
    "sellingGeneralAndAdministrativeExpenses": 0,
    "otherExpenses": 102404000,
    "operatingExpenses": 102404000,
    "costAndExpenses": 373303000,
    "interestIncome": 0,
    "interestExpense": 9671000,
    "depreciationAndAmortization": 26091000,
    "ebitda": 154203000,
    "ebitdaratio": 0.3081976584,
    "operatingIncome": 127035000,
    "operatingIncomeRatio": 0.2538983647,
    "totalOtherIncomeExpensesNet": -8594000,
    "incomeBeforeTax": 118441000,
    "incomeBeforeTaxRatio": 0.2367219759,
    "incomeTaxExpense": 27613000,
    "netIncome": 90828000,
    "netIncomeRatio": 0.1815332835,
    "eps": 0.33,
    "epsdiluted": 0.32,
    "weightedAverageShsOut": 270172000,
    "weightedAverageShsOutDil": 275714000,
    "link": "https://www.sec.gov/Archives/edgar/data/79282/000007928218000020/0000079282-18-000020-index.htm",
    "finalLink": "https://www.sec.gov/Archives/edgar/data/79282/000007928218000020/bro-20180131x10q.htm"
  },
  {
    "date": "2017-12-31",
    "symbol": "BRO",
    "reportedCurrency": "USD",
    "cik": "0000079282",
    "fillingDate": "2018-02-28",
    "acceptedDate": "2018-02-28 17:25:31",
    "calendarYear": "2017",
    "period": "Q4",
    "revenue": 473371000,
    "costOfRevenue": 258207000,
    "grossProfit": 215164000,
    "grossProfitRatio": 0.4545356602,
    "researchAndDevelopmentExpenses": 0,
    "generalAndAdministrativeExpenses": 0,
    "sellingAndMarketingExpenses": 0,
    "sellingGeneralAndAdministrativeExpenses": 0,
    "otherExpenses": 99681000,
    "operatingExpenses": 99681000,
    "costAndExpenses": 357888000,
    "interestIncome": 0,
    "interestExpense": 9367000,
    "depreciationAndAmortization": 26500000,
    "ebitda": 142201000,
    "ebitdaratio": 0.3004007428,
    "operatingIncome": 115483000,
    "operatingIncomeRatio": 0.2439587554,
    "totalOtherIncomeExpensesNet": -9149000,
    "incomeBeforeTax": 106334000,
    "incomeBeforeTaxRatio": 0.2246314202,
    "incomeTaxExpense": -81171000,
    "netIncome": 187505000,
    "netIncomeRatio": 0.3961058028,
    "eps": 0.68,
    "epsdiluted": 0.66,
    "weightedAverageShsOut": 270784000,
    "weightedAverageShsOutDil": 276202000,
    "link": "https://www.sec.gov/Archives/edgar/data/79282/000007928218000006/0000079282-18-000006-index.htm",
    "finalLink": "https://www.sec.gov/Archives/edgar/data/79282/000007928218000006/bro-20171231x10k.htm"
  },
  {
    "date": "2017-09-30",
    "symbol": "BRO",
    "reportedCurrency": "USD",
    "cik": "0000079282",
    "fillingDate": "2017-11-03",
    "acceptedDate": "2017-11-03 17:18:49",
    "calendarYear": "2017",
    "period": "Q3",
    "revenue": 474609000,
    "costOfRevenue": 246062000,
    "grossProfit": 228547000,
    "grossProfitRatio": 0.481547969,
    "researchAndDevelopmentExpenses": 0,
    "generalAndAdministrativeExpenses": 0,
    "sellingAndMarketingExpenses": 0,
    "sellingGeneralAndAdministrativeExpenses": 0,
    "otherExpenses": 98982000,
    "operatingExpenses": 98982000,
    "costAndExpenses": 345044000,
    "interestIncome": 0,
    "interestExpense": 9393000,
    "depreciationAndAmortization": 26924000,
    "ebitda": 160736000,
    "ebitdaratio": 0.3386703581,
    "operatingIncome": 129565000,
    "operatingIncomeRatio": 0.2729931375,
    "totalOtherIncomeExpensesNet": -5146000,
    "incomeBeforeTax": 124419000,
    "incomeBeforeTaxRatio": 0.2621505281,
    "incomeTaxExpense": 48506000,
    "netIncome": 75913000,
    "netIncomeRatio": 0.159948505,
    "eps": 0.27,
    "epsdiluted": 0.27,
    "weightedAverageShsOut": 272692000,
    "weightedAverageShsOutDil": 277786000,
    "link": "https://www.sec.gov/Archives/edgar/data/79282/000007928217000054/0000079282-17-000054-index.htm",
    "finalLink": "https://www.sec.gov/Archives/edgar/data/79282/000007928217000054/bro-20170930x10q.htm"
  },
  {
    "date": "2017-06-30",
    "symbol": "BRO",
    "reportedCurrency": "USD",
    "cik": "0000079282",
    "fillingDate": "2017-08-04",
    "acceptedDate": "2017-08-04 17:02:32",
    "calendarYear": "2017",
    "period": "Q2",
    "revenue": 464724000,
    "costOfRevenue": 244517000,
    "grossProfit": 220207000,
    "grossProfitRatio": 0.4738446906,
    "researchAndDevelopmentExpenses": 0,
    "generalAndAdministrativeExpenses": 0,
    "sellingAndMarketingExpenses": 0,
    "sellingGeneralAndAdministrativeExpenses": 0,
    "otherExpenses": 98314000,
    "operatingExpenses": 98314000,
    "costAndExpenses": 342831000,
    "interestIncome": 0,
    "interestExpense": 10612000,
    "depreciationAndAmortization": 27002000,
    "ebitda": 145616000,
    "ebitdaratio": 0.3133386698,
    "operatingIncome": 121893000,
    "operatingIncomeRatio": 0.2622911664,
    "totalOtherIncomeExpensesNet": -13891000,
    "incomeBeforeTax": 108002000,
    "incomeBeforeTaxRatio": 0.2324003064,
    "incomeTaxExpense": 41900000,
    "netIncome": 66102000,
    "netIncomeRatio": 0.1422392646,
    "eps": 0.24,
    "epsdiluted": 0.23,
    "weightedAverageShsOut": 273384000,
    "weightedAverageShsOutDil": 278202000,
    "link": "https://www.sec.gov/Archives/edgar/data/79282/000007928217000032/0000079282-17-000032-index.htm",
    "finalLink": "https://www.sec.gov/Archives/edgar/data/79282/000007928217000032/bro-20170630x10q.htm"
  },
  {
    "date": "2017-03-31",
    "symbol": "BRO",
    "reportedCurrency": "USD",
    "cik": "0000079282",
    "fillingDate": "2017-05-05",
    "acceptedDate": "2017-05-05 17:17:28",
    "calendarYear": "2017",
    "period": "Q1",
    "revenue": 444566000,
    "costOfRevenue": 245866000,
    "grossProfit": 198700000,
    "grossProfitRatio": 0.4469527584,
    "researchAndDevelopmentExpenses": 0,
    "generalAndAdministrativeExpenses": 0,
    "sellingAndMarketingExpenses": 0,
    "sellingGeneralAndAdministrativeExpenses": 0,
    "otherExpenses": 94637000,
    "operatingExpenses": 94637000,
    "costAndExpenses": 340503000,
    "interestIncome": 0,
    "interestExpense": 9682000,
    "depreciationAndAmortization": 27718000,
    "ebitda": 148367000,
    "ebitdaratio": 0.3337344736,
    "operatingIncome": 104063000,
    "operatingIncomeRatio": 0.2340777297,
    "totalOtherIncomeExpensesNet": 6904000,
    "incomeBeforeTax": 110967000,
    "incomeBeforeTaxRatio": 0.2496074824,
    "incomeTaxExpense": 40857000,
    "netIncome": 70110000,
    "netIncomeRatio": 0.1577043679,
    "eps": 0.25,
    "epsdiluted": 0.25,
    "weightedAverageShsOut": 273488000,
    "weightedAverageShsOutDil": 278052000,
    "link": "https://www.sec.gov/Archives/edgar/data/79282/000007928217000019/0000079282-17-000019-index.htm",
    "finalLink": "https://www.sec.gov/Archives/edgar/data/79282/000007928217000019/bro-20170331x10q.htm"
  },
  {
    "date": "2016-12-31",
    "symbol": "BRO",
    "reportedCurrency": "USD",
    "cik": "0000079282",
    "fillingDate": "2017-02-24",
    "acceptedDate": "2017-02-24 17:32:00",
    "calendarYear": "2016",
    "period": "Q4",
    "revenue": 433138000,
    "costOfRevenue": 232403000,
    "grossProfit": 200735000,
    "grossProfitRatio": 0.4634435215,
    "researchAndDevelopmentExpenses": 0,
    "generalAndAdministrativeExpenses": 0,
    "sellingAndMarketingExpenses": 0,
    "sellingGeneralAndAdministrativeExpenses": 0,
    "otherExpenses": 92317000,
    "operatingExpenses": 92317000,
    "costAndExpenses": 324720000,
    "interestIncome": 0,
    "interestExpense": 9864000,
    "depreciationAndAmortization": 26774000,
    "ebitda": 131539000,
    "ebitdaratio": 0.3036884319,
    "operatingIncome": 108418000,
    "operatingIncomeRatio": 0.2503082159,
    "totalOtherIncomeExpensesNet": -13517000,
    "incomeBeforeTax": 94901000,
    "incomeBeforeTaxRatio": 0.2191010717,
    "incomeTaxExpense": 37275000,
    "netIncome": 57626000,
    "netIncomeRatio": 0.1330430486,
    "eps": 0.21,
    "epsdiluted": 0.2,
    "weightedAverageShsOut": 273094000,
    "weightedAverageShsOutDil": 276810000,
    "link": "https://www.sec.gov/Archives/edgar/data/79282/000007928217000006/0000079282-17-000006-index.htm",
    "finalLink": "https://www.sec.gov/Archives/edgar/data/79282/000007928217000006/bro-20161231x10k.htm"
  },
  {
    "date": "2016-09-30",
    "symbol": "BRO",
    "reportedCurrency": "USD",
    "cik": "0000079282",
    "fillingDate": "2016-11-09",
    "acceptedDate": "2016-11-09 16:38:09",
    "calendarYear": "2016",
    "period": "Q3",
    "revenue": 461652000,
    "costOfRevenue": 237653000,
    "grossProfit": 223999000,
    "grossProfitRatio": 0.4852118046,
    "researchAndDevelopmentExpenses": 0,
    "generalAndAdministrativeExpenses": 0,
    "sellingAndMarketingExpenses": 0,
    "sellingGeneralAndAdministrativeExpenses": 0,
    "otherExpenses": 94433000,
    "operatingExpenses": 94433000,
    "costAndExpenses": 332086000,
    "interestIncome": 0,
    "interestExpense": 9883000,
    "depreciationAndAmortization": 27000000,
    "ebitda": 153855000,
    "ebitdaratio": 0.3332705155,
    "operatingIncome": 129566000,
    "operatingIncomeRatio": 0.2806572916,
    "totalOtherIncomeExpensesNet": -12594000,
    "incomeBeforeTax": 116972000,
    "incomeBeforeTaxRatio": 0.2533770026,
    "incomeTaxExpense": 45427000,
    "netIncome": 71545000,
    "netIncomeRatio": 0.1549760426,
    "eps": 0.26,
    "epsdiluted": 0.25,
    "weightedAverageShsOut": 272922000,
    "weightedAverageShsOutDil": 276364000,
    "link": "https://www.sec.gov/Archives/edgar/data/79282/000007928216000066/0000079282-16-000066-index.htm",
    "finalLink": "https://www.sec.gov/Archives/edgar/data/79282/000007928216000066/bro-20160930x10q.htm"
  },
  {
    "date": "2016-06-30",
    "symbol": "BRO",
    "reportedCurrency": "USD",
    "cik": "0000079282",
    "fillingDate": "2016-08-05",
    "acceptedDate": "2016-08-05 17:17:36",
    "calendarYear": "2016",
    "period": "Q2",
    "revenue": 445662000,
    "costOfRevenue": 231102000,
    "grossProfit": 214560000,
    "grossProfitRatio": 0.4814410921,
    "researchAndDevelopmentExpenses": 0,
    "generalAndAdministrativeExpenses": 0,
    "sellingAndMarketingExpenses": 0,
    "sellingGeneralAndAdministrativeExpenses": 0,
    "otherExpenses": 93255000,
    "operatingExpenses": 93255000,
    "costAndExpenses": 324357000,
    "interestIncome": 0,
    "interestExpense": 10509000,
    "depreciationAndAmortization": 26964000,
    "ebitda": 146550000,
    "ebitdaratio": 0.328836652,
    "operatingIncome": 121305000,
    "operatingIncomeRatio": 0.2721905839,
    "totalOtherIncomeExpensesNet": -12228000,
    "incomeBeforeTax": 109077000,
    "incomeBeforeTaxRatio": 0.2447527498,
    "incomeTaxExpense": 42827000,
    "netIncome": 66250000,
    "netIncomeRatio": 0.1486552589,
    "eps": 0.24,
    "epsdiluted": 0.23,
    "weightedAverageShsOut": 271984412,
    "weightedAverageShsOutDil": 275162000,
    "link": "https://www.sec.gov/Archives/edgar/data/79282/000007928216000057/0000079282-16-000057-index.htm",
    "finalLink": "https://www.sec.gov/Archives/edgar/data/79282/000007928216000057/bro-20160630x10q.htm"
  },
  {
    "date": "2016-03-31",
    "symbol": "BRO",
    "reportedCurrency": "USD",
    "cik": "0000079282",
    "fillingDate": "2016-05-06",
    "acceptedDate": "2016-05-06 16:47:44",
    "calendarYear": "2016",
    "period": "Q1",
    "revenue": 422335000,
    "costOfRevenue": 224059000,
    "grossProfit": 198276000,
    "grossProfitRatio": 0.4694756532,
    "researchAndDevelopmentExpenses": 0,
    "generalAndAdministrativeExpenses": 0,
    "sellingAndMarketingExpenses": 0,
    "sellingGeneralAndAdministrativeExpenses": 0,
    "otherExpenses": 90533000,
    "operatingExpenses": 90533000,
    "costAndExpenses": 314592000,
    "interestIncome": 0,
    "interestExpense": 9897000,
    "depreciationAndAmortization": 26928000,
    "ebitda": 139374000,
    "ebitdaratio": 0.3300081689,
    "operatingIncome": 107743000,
    "operatingIncomeRatio": 0.2551126475,
    "totalOtherIncomeExpensesNet": -5194000,
    "incomeBeforeTax": 102549000,
    "incomeBeforeTaxRatio": 0.2428143535,
    "incomeTaxExpense": 40479000,
    "netIncome": 62070000,
    "netIncomeRatio": 0.1469686386,
    "eps": 0.22,
    "epsdiluted": 0.22,
    "weightedAverageShsOut": 273880000,
    "weightedAverageShsOutDil": 273880000,
    "link": "https://www.sec.gov/Archives/edgar/data/79282/000007928216000045/0000079282-16-000045-index.htm",
    "finalLink": "https://www.sec.gov/Archives/edgar/data/79282/000007928216000045/bro-20160331x10q.htm"
  },
  {
    "date": "2015-12-31",
    "symbol": "BRO",
    "reportedCurrency": "USD",
    "cik": "0000079282",
    "fillingDate": "2016-02-26",
    "acceptedDate": "2016-02-25 17:59:34",
    "calendarYear": "2015",
    "period": "Q4",
    "revenue": 404063000,
    "costOfRevenue": 213368000,
    "grossProfit": 190695000,
    "grossProfitRatio": 0.4719437315,
    "researchAndDevelopmentExpenses": 0,
    "generalAndAdministrativeExpenses": -1835000,
    "sellingAndMarketingExpenses": 0,
    "sellingGeneralAndAdministrativeExpenses": -1835000,
    "otherExpenses": 86734000,
    "operatingExpenses": 84899000,
    "costAndExpenses": 298267000,
    "interestIncome": 0,
    "interestExpense": 9844000,
    "depreciationAndAmortization": 27270000,
    "ebitda": 132151000,
    "ebitdaratio": 0.3270554344,
    "operatingIncome": 105796000,
    "operatingIncomeRatio": 0.2618304571,
    "totalOtherIncomeExpensesNet": -10759000,
    "incomeBeforeTax": 95037000,
    "incomeBeforeTaxRatio": 0.2352034212,
    "incomeTaxExpense": 37102000,
    "netIncome": 57935000,
    "netIncomeRatio": 0.1433811064,
    "eps": 0.2,
    "epsdiluted": 0.21,
    "weightedAverageShsOut": 276781946,
    "weightedAverageShsOutDil": 278226000,
    "link": "https://www.sec.gov/Archives/edgar/data/79282/000007928216000034/0000079282-16-000034-index.htm",
    "finalLink": "https://www.sec.gov/Archives/edgar/data/79282/000007928216000034/bro-20151231x10k.htm"
  },
  {
    "date": "2015-09-30",
    "symbol": "BRO",
    "reportedCurrency": "USD",
    "cik": "0000079282",
    "fillingDate": "2015-11-04",
    "acceptedDate": "2015-11-04 17:25:33",
    "calendarYear": "2015",
    "period": "Q3",
    "revenue": 431863000,
    "costOfRevenue": 216156000,
    "grossProfit": 215707000,
    "grossProfitRatio": 0.4994801592,
    "researchAndDevelopmentExpenses": 0,
    "generalAndAdministrativeExpenses": 4800000,
    "sellingAndMarketingExpenses": 89000,
    "sellingGeneralAndAdministrativeExpenses": 4889000,
    "otherExpenses": 88605000,
    "operatingExpenses": 93494000,
    "costAndExpenses": 309650000,
    "interestIncome": 0,
    "interestExpense": 9882000,
    "depreciationAndAmortization": 27373000,
    "ebitda": 150085000,
    "ebitdaratio": 0.3475291933,
    "operatingIncome": 122213000,
    "operatingIncomeRatio": 0.2829902075,
    "totalOtherIncomeExpensesNet": -9383000,
    "incomeBeforeTax": 112830000,
    "incomeBeforeTaxRatio": 0.2612634099,
    "incomeTaxExpense": 45403000,
    "netIncome": 67427000,
    "netIncomeRatio": 0.1561305321,
    "eps": 0.24,
    "epsdiluted": 0.24,
    "weightedAverageShsOut": 280082000,
    "weightedAverageShsOutDil": 280082000,
    "link": "https://www.sec.gov/Archives/edgar/data/79282/000007928215000027/0000079282-15-000027-index.htm",
    "finalLink": "https://www.sec.gov/Archives/edgar/data/79282/000007928215000027/bro-20150930x10q.htm"
  },
  {
    "date": "2015-06-30",
    "symbol": "BRO",
    "reportedCurrency": "USD",
    "cik": "0000079282",
    "fillingDate": "2015-08-07",
    "acceptedDate": "2015-08-07 16:48:15",
    "calendarYear": "2015",
    "period": "Q2",
    "revenue": 417244000,
    "costOfRevenue": 217601000,
    "grossProfit": 199643000,
    "grossProfitRatio": 0.4784802178,
    "researchAndDevelopmentExpenses": 0,
    "generalAndAdministrativeExpenses": 6100000,
    "sellingAndMarketingExpenses": 2000,
    "sellingGeneralAndAdministrativeExpenses": 6102000,
    "otherExpenses": 85135000,
    "operatingExpenses": 91237000,
    "costAndExpenses": 308838000,
    "interestIncome": 0,
    "interestExpense": 10385000,
    "depreciationAndAmortization": 26860000,
    "ebitda": 138159000,
    "ebitdaratio": 0.3311227963,
    "operatingIncome": 108406000,
    "operatingIncomeRatio": 0.2598144012,
    "totalOtherIncomeExpensesNet": -7492000,
    "incomeBeforeTax": 100914000,
    "incomeBeforeTaxRatio": 0.2418584809,
    "incomeTaxExpense": 39909000,
    "netIncome": 61005000,
    "netIncomeRatio": 0.1462094122,
    "eps": 0.22,
    "epsdiluted": 0.22,
    "weightedAverageShsOut": 277051162,
    "weightedAverageShsOutDil": 279656000,
    "link": "https://www.sec.gov/Archives/edgar/data/79282/000007928215000018/0000079282-15-000018-index.htm",
    "finalLink": "https://www.sec.gov/Archives/edgar/data/79282/000007928215000018/bro-20150630x10q.htm"
  },
  {
    "date": "2015-03-31",
    "symbol": "BRO",
    "reportedCurrency": "USD",
    "cik": "0000079282",
    "fillingDate": "2015-05-11",
    "acceptedDate": "2015-05-11 16:55:09",
    "calendarYear": "2015",
    "period": "Q1",
    "revenue": 403781000,
    "costOfRevenue": 211662000,
    "grossProfit": 192119000,
    "grossProfitRatio": 0.4758000005,
    "researchAndDevelopmentExpenses": 0,
    "generalAndAdministrativeExpenses": 6357000,
    "sellingAndMarketingExpenses": 0,
    "sellingGeneralAndAdministrativeExpenses": 6357000,
    "otherExpenses": 81544000,
    "operatingExpenses": 87901000,
    "costAndExpenses": 299563000,
    "interestIncome": 0,
    "interestExpense": 9851000,
    "depreciationAndAmortization": 26808000,
    "ebitda": 130437000,
    "ebitdaratio": 0.3230389741,
    "operatingIncome": 104218000,
    "operatingIncomeRatio": 0.25810526,
    "totalOtherIncomeExpensesNet": -10440000,
    "incomeBeforeTax": 93778000,
    "incomeBeforeTaxRatio": 0.2322496601,
    "incomeTaxExpense": 36827000,
    "netIncome": 56951000,
    "netIncomeRatio": 0.141044279,
    "eps": 0.2,
    "epsdiluted": 0.2,
    "weightedAverageShsOut": 282974000,
    "weightedAverageShsOutDil": 282974000,
    "link": "https://www.sec.gov/Archives/edgar/data/79282/000007928215000009/0000079282-15-000009-index.htm",
    "finalLink": "https://www.sec.gov/Archives/edgar/data/79282/000007928215000009/bro-20150331x10q.htm"
  },
  {
    "date": "2014-12-31",
    "symbol": "BRO",
    "reportedCurrency": "USD",
    "cik": "0000079282",
    "fillingDate": "2015-03-02",
    "acceptedDate": "2015-02-27 20:44:14",
    "calendarYear": "2014",
    "period": "Q4",
    "revenue": 390148000,
    "costOfRevenue": 208116000,
    "grossProfit": 182032000,
    "grossProfitRatio": 0.46657166,
    "researchAndDevelopmentExpenses": 0,
    "generalAndAdministrativeExpenses": 214000,
    "sellingAndMarketingExpenses": 0,
    "sellingGeneralAndAdministrativeExpenses": 214000,
    "otherExpenses": 85421000,
    "operatingExpenses": 85635000,
    "costAndExpenses": 293751000,
    "interestIncome": 0,
    "interestExpense": 10034000,
    "depreciationAndAmortization": 28016000,
    "ebitda": 76496000,
    "ebitdaratio": 0.196069184,
    "operatingIncome": 96397000,
    "operatingIncomeRatio": 0.2470780319,
    "totalOtherIncomeExpensesNet": -57951000,
    "incomeBeforeTax": 38446000,
    "incomeBeforeTaxRatio": 0.0985420917,
    "incomeTaxExpense": 14051000,
    "netIncome": 24395000,
    "netIncomeRatio": 0.0625275536,
    "eps": 0.085,
    "epsdiluted": 0.0845,
    "weightedAverageShsOut": 280048000,
    "weightedAverageShsOutDil": 284480000,
    "link": "https://www.sec.gov/Archives/edgar/data/79282/000119312515070864/0001193125-15-070864-index.htm",
    "finalLink": "https://www.sec.gov/Archives/edgar/data/79282/000119312515070864/d847767d10k.htm"
  },
  {
    "date": "2014-09-30",
    "symbol": "BRO",
    "reportedCurrency": "USD",
    "cik": "0000079282",
    "fillingDate": "2014-11-06",
    "acceptedDate": "2014-11-06 17:14:19",
    "calendarYear": "2014",
    "period": "Q3",
    "revenue": 420615000,
    "costOfRevenue": 203126000,
    "grossProfit": 217489000,
    "grossProfitRatio": 0.5170738086,
    "researchAndDevelopmentExpenses": 0,
    "generalAndAdministrativeExpenses": 5640000,
    "sellingAndMarketingExpenses": 0,
    "sellingGeneralAndAdministrativeExpenses": 5640000,
    "otherExpenses": 92355000,
    "operatingExpenses": 97995000,
    "costAndExpenses": 301121000,
    "interestIncome": 0,
    "interestExpense": 7298000,
    "depreciationAndAmortization": 27439000,
    "ebitda": 147422000,
    "ebitdaratio": 0.3504915421,
    "operatingIncome": 119494000,
    "operatingIncomeRatio": 0.2840935297,
    "totalOtherIncomeExpensesNet": -6809000,
    "incomeBeforeTax": 112685000,
    "incomeBeforeTaxRatio": 0.2679053291,
    "incomeTaxExpense": 44354000,
    "netIncome": 68331000,
    "netIncomeRatio": 0.1624549766,
    "eps": 0.23,
    "epsdiluted": 0.23,
    "weightedAverageShsOut": 283617021,
    "weightedAverageShsOutDil": 285928000,
    "link": "https://www.sec.gov/Archives/edgar/data/79282/000119312514401278/0001193125-14-401278-index.htm",
    "finalLink": "https://www.sec.gov/Archives/edgar/data/79282/000119312514401278/d772435d10q.htm"
  },
  {
    "date": "2014-06-30",
    "symbol": "BRO",
    "reportedCurrency": "USD",
    "cik": "0000079282",
    "fillingDate": "2014-08-07",
    "acceptedDate": "2014-08-07 17:07:01",
    "calendarYear": "2014",
    "period": "Q2",
    "revenue": 394690000,
    "costOfRevenue": 196397000,
    "grossProfit": 198293000,
    "grossProfitRatio": 0.502401885,
    "researchAndDevelopmentExpenses": 0,
    "generalAndAdministrativeExpenses": 5994000,
    "sellingAndMarketingExpenses": 0,
    "sellingGeneralAndAdministrativeExpenses": 5994000,
    "otherExpenses": 86411000,
    "operatingExpenses": 92405000,
    "costAndExpenses": 288802000,
    "interestIncome": 0,
    "interestExpense": 7556000,
    "depreciationAndAmortization": 25865000,
    "ebitda": 135202000,
    "ebitdaratio": 0.3425523829,
    "operatingIncome": 105888000,
    "operatingIncomeRatio": 0.2682814361,
    "totalOtherIncomeExpensesNet": -4107000,
    "incomeBeforeTax": 101781000,
    "incomeBeforeTaxRatio": 0.2578758013,
    "incomeTaxExpense": 40026000,
    "netIncome": 61755000,
    "netIncomeRatio": 0.1564645671,
    "eps": 0.21,
    "epsdiluted": 0.21,
    "weightedAverageShsOut": 286064000,
    "weightedAverageShsOutDil": 286064000,
    "link": "https://www.sec.gov/Archives/edgar/data/79282/000119312514300933/0001193125-14-300933-index.htm",
    "finalLink": "https://www.sec.gov/Archives/edgar/data/79282/000119312514300933/d731035d10q.htm"
  },
  {
    "date": "2014-03-31",
    "symbol": "BRO",
    "reportedCurrency": "USD",
    "cik": "0000079282",
    "fillingDate": "2014-05-12",
    "acceptedDate": "2014-05-12 16:53:20",
    "calendarYear": "2014",
    "period": "Q1",
    "revenue": 362007000,
    "costOfRevenue": 184110000,
    "grossProfit": 177897000,
    "grossProfitRatio": 0.4914186742,
    "researchAndDevelopmentExpenses": 0,
    "generalAndAdministrativeExpenses": 7515000,
    "sellingAndMarketingExpenses": 0,
    "sellingGeneralAndAdministrativeExpenses": 7515000,
    "otherExpenses": 74977000,
    "operatingExpenses": 82492000,
    "costAndExpenses": 266602000,
    "interestIncome": 0,
    "interestExpense": 4072000,
    "depreciationAndAmortization": 22516000,
    "ebitda": 113425000,
    "ebitdaratio": 0.3133226706,
    "operatingIncome": 95405000,
    "operatingIncomeRatio": 0.2635446276,
    "totalOtherIncomeExpensesNet": -8568000,
    "incomeBeforeTax": 86837000,
    "incomeBeforeTaxRatio": 0.239876577,
    "incomeTaxExpense": 34422000,
    "netIncome": 52415000,
    "netIncomeRatio": 0.1447900179,
    "eps": 0.18,
    "epsdiluted": 0.18,
    "weightedAverageShsOut": 283220000,
    "weightedAverageShsOutDil": 286618000,
    "link": "https://www.sec.gov/Archives/edgar/data/79282/000119312514195014/0001193125-14-195014-index.htm",
    "finalLink": "https://www.sec.gov/Archives/edgar/data/79282/000119312514195014/d700826d10q.htm"
  },
  {
    "date": "2013-12-31",
    "symbol": "BRO",
    "reportedCurrency": "USD",
    "cik": "0000079282",
    "fillingDate": "2014-02-28",
    "acceptedDate": "2014-02-28 17:22:08",
    "calendarYear": "2013",
    "period": "Q4",
    "revenue": 339364000,
    "costOfRevenue": 179460000,
    "grossProfit": 159904000,
    "grossProfitRatio": 0.4711872797,
    "researchAndDevelopmentExpenses": 0,
    "generalAndAdministrativeExpenses": 7699000,
    "sellingAndMarketingExpenses": 0,
    "sellingGeneralAndAdministrativeExpenses": 7699000,
    "otherExpenses": 74220000,
    "operatingExpenses": 81919000,
    "costAndExpenses": 261379000,
    "interestIncome": 0,
    "interestExpense": 4324000,
    "depreciationAndAmortization": 22381000,
    "ebitda": 103147000,
    "ebitdaratio": 0.3039420799,
    "operatingIncome": 77985000,
    "operatingIncomeRatio": 0.2297975036,
    "totalOtherIncomeExpensesNet": -1543000,
    "incomeBeforeTax": 76442000,
    "incomeBeforeTaxRatio": 0.2252507632,
    "incomeTaxExpense": 29217000,
    "netIncome": 47225000,
    "netIncomeRatio": 0.139157365,
    "eps": 0.16,
    "epsdiluted": 0.16,
    "weightedAverageShsOut": 286072000,
    "weightedAverageShsOutDil": 286072000,
    "link": "https://www.sec.gov/Archives/edgar/data/79282/000119312514077842/0001193125-14-077842-index.htm",
    "finalLink": "https://www.sec.gov/Archives/edgar/data/79282/000119312514077842/d633916d10k.htm"
  },
  {
    "date": "2013-09-30",
    "symbol": "BRO",
    "reportedCurrency": "USD",
    "cik": "0000079282",
    "fillingDate": "2013-11-07",
    "acceptedDate": "2013-11-07 16:52:04",
    "calendarYear": "2013",
    "period": "Q3",
    "revenue": 358196000,
    "costOfRevenue": 180528000,
    "grossProfit": 177668000,
    "grossProfitRatio": 0.4960077723,
    "researchAndDevelopmentExpenses": 0,
    "generalAndAdministrativeExpenses": 7431000,
    "sellingAndMarketingExpenses": 0,
    "sellingGeneralAndAdministrativeExpenses": 7431000,
    "otherExpenses": 72426000,
    "operatingExpenses": 79857000,
    "costAndExpenses": 260385000,
    "interestIncome": 0,
    "interestExpense": 4135000,
    "depreciationAndAmortization": 22324000,
    "ebitda": 121914000,
    "ebitdaratio": 0.3403555595,
    "operatingIncome": 97811000,
    "operatingIncomeRatio": 0.2730655842,
    "totalOtherIncomeExpensesNet": -2356000,
    "incomeBeforeTax": 95455000,
    "incomeBeforeTaxRatio": 0.2664881797,
    "incomeTaxExpense": 37706000,
    "netIncome": 57749000,
    "netIncomeRatio": 0.1612217892,
    "eps": 0.2,
    "epsdiluted": 0.2,
    "weightedAverageShsOut": 282278000,
    "weightedAverageShsOutDil": 285578000,
    "link": "https://www.sec.gov/Archives/edgar/data/79282/000119312513433040/0001193125-13-433040-index.htm",
    "finalLink": "https://www.sec.gov/Archives/edgar/data/79282/000119312513433040/d594457d10q.htm"
  },
  {
    "date": "2013-06-30",
    "symbol": "BRO",
    "reportedCurrency": "USD",
    "cik": "0000079282",
    "fillingDate": "2013-08-02",
    "acceptedDate": "2013-08-02 17:10:30",
    "calendarYear": "2013",
    "period": "Q2",
    "revenue": 324150000,
    "costOfRevenue": 163514000,
    "grossProfit": 160636000,
    "grossProfitRatio": 0.4955606972,
    "researchAndDevelopmentExpenses": 0,
    "generalAndAdministrativeExpenses": 3623000,
    "sellingAndMarketingExpenses": 0,
    "sellingGeneralAndAdministrativeExpenses": 3623000,
    "otherExpenses": 67781000,
    "operatingExpenses": 71404000,
    "costAndExpenses": 234918000,
    "interestIncome": 0,
    "interestExpense": 4494000,
    "depreciationAndAmortization": 20384000,
    "ebitda": 111099000,
    "ebitdaratio": 0.3427394725,
    "operatingIncome": 89232000,
    "operatingIncomeRatio": 0.275279963,
    "totalOtherIncomeExpensesNet": -3011000,
    "incomeBeforeTax": 86221000,
    "incomeBeforeTaxRatio": 0.2659910535,
    "incomeTaxExpense": 34214000,
    "netIncome": 52007000,
    "netIncomeRatio": 0.1604411538,
    "eps": 0.18,
    "epsdiluted": 0.18,
    "weightedAverageShsOut": 282500000,
    "weightedAverageShsOutDil": 286042000,
    "link": "https://www.sec.gov/Archives/edgar/data/79282/000119312513317426/0001193125-13-317426-index.htm",
    "finalLink": "https://www.sec.gov/Archives/edgar/data/79282/000119312513317426/d542574d10q.htm"
  },
  {
    "date": "2013-03-31",
    "symbol": "BRO",
    "reportedCurrency": "USD",
    "cik": "0000079282",
    "fillingDate": "2013-05-09",
    "acceptedDate": "2013-05-09 14:57:12",
    "calendarYear": "2013",
    "period": "Q1",
    "revenue": 333793000,
    "costOfRevenue": 159498000,
    "grossProfit": 174295000,
    "grossProfitRatio": 0.5221649346,
    "researchAndDevelopmentExpenses": 0,
    "generalAndAdministrativeExpenses": 3850000,
    "sellingAndMarketingExpenses": 0,
    "sellingGeneralAndAdministrativeExpenses": 3850000,
    "otherExpenses": 66667000,
    "operatingExpenses": 70517000,
    "costAndExpenses": 230015000,
    "interestIncome": 0,
    "interestExpense": 3984000,
    "depreciationAndAmortization": 20328000,
    "ebitda": 123803000,
    "ebitdaratio": 0.3708975323,
    "operatingIncome": 103778000,
    "operatingIncomeRatio": 0.3109052616,
    "totalOtherIncomeExpensesNet": -4287000,
    "incomeBeforeTax": 99491000,
    "incomeBeforeTaxRatio": 0.2980619725,
    "incomeTaxExpense": 39360000,
    "netIncome": 60131000,
    "netIncomeRatio": 0.1801445806,
    "eps": 0.21,
    "epsdiluted": 0.21,
    "weightedAverageShsOut": 281592000,
    "weightedAverageShsOutDil": 285894000,
    "link": "https://www.sec.gov/Archives/edgar/data/79282/000119312513210708/0001193125-13-210708-index.htm",
    "finalLink": "https://www.sec.gov/Archives/edgar/data/79282/000119312513210708/d511426d10q.htm"
  },
  {
    "date": "2012-12-31",
    "symbol": "BRO",
    "reportedCurrency": "USD",
    "cik": "0000079282",
    "fillingDate": "2013-03-01",
    "acceptedDate": "2013-03-01 16:07:50",
    "calendarYear": "2012",
    "period": "Q4",
    "revenue": 291879000,
    "costOfRevenue": 608506000,
    "grossProfit": -316627000,
    "grossProfitRatio": -1.0847885596,
    "researchAndDevelopmentExpenses": 0,
    "generalAndAdministrativeExpenses": -445567000,
    "sellingAndMarketingExpenses": 0,
    "sellingGeneralAndAdministrativeExpenses": -445567000,
    "otherExpenses": 65108000,
    "operatingExpenses": -380459000,
    "costAndExpenses": 228047000,
    "interestIncome": 0,
    "interestExpense": 4004000,
    "depreciationAndAmortization": 20113000,
    "ebitda": 93344000,
    "ebitdaratio": 0.3198037543,
    "operatingIncome": 63832000,
    "operatingIncomeRatio": 0.2186933627,
    "totalOtherIncomeExpensesNet": 5395000,
    "incomeBeforeTax": 69227000,
    "incomeBeforeTaxRatio": 0.2371770494,
    "incomeTaxExpense": 26590000,
    "netIncome": 42637000,
    "netIncomeRatio": 0.1460776555,
    "eps": 0.15,
    "epsdiluted": 0.15,
    "weightedAverageShsOut": 279362000,
    "weightedAverageShsOutDil": 284628000,
    "link": "https://www.sec.gov/Archives/edgar/data/79282/000119312513087664/0001193125-13-087664-index.htm",
    "finalLink": "https://www.sec.gov/Archives/edgar/data/79282/000119312513087664/d441942d10k.htm"
  },
  {
    "date": "2012-09-30",
    "symbol": "BRO",
    "reportedCurrency": "USD",
    "cik": "0000079282",
    "fillingDate": "2012-11-09",
    "acceptedDate": "2012-11-09 14:47:59",
    "calendarYear": "2012",
    "period": "Q3",
    "revenue": 302310000,
    "costOfRevenue": 149691000,
    "grossProfit": 152619000,
    "grossProfitRatio": 0.5048427111,
    "researchAndDevelopmentExpenses": 0,
    "generalAndAdministrativeExpenses": 3908000,
    "sellingAndMarketingExpenses": 0,
    "sellingGeneralAndAdministrativeExpenses": 3908000,
    "otherExpenses": 63688000,
    "operatingExpenses": 67596000,
    "costAndExpenses": 217287000,
    "interestIncome": 0,
    "interestExpense": 4006000,
    "depreciationAndAmortization": 19914000,
    "ebitda": 105569000,
    "ebitdaratio": 0.3492077669,
    "operatingIncome": 85023000,
    "operatingIncomeRatio": 0.281244418,
    "totalOtherIncomeExpensesNet": -3374000,
    "incomeBeforeTax": 81649000,
    "incomeBeforeTaxRatio": 0.2700836889,
    "incomeTaxExpense": 32145000,
    "netIncome": 49504000,
    "netIncomeRatio": 0.1637524395,
    "eps": 0.17,
    "epsdiluted": 0.17,
    "weightedAverageShsOut": 278930000,
    "weightedAverageShsOutDil": 284194000,
    "link": "https://www.sec.gov/Archives/edgar/data/79282/000119312512462935/0001193125-12-462935-index.htm",
    "finalLink": "https://www.sec.gov/Archives/edgar/data/79282/000119312512462935/d402885d10q.htm"
  },
  {
    "date": "2012-06-30",
    "symbol": "BRO",
    "reportedCurrency": "USD",
    "cik": "0000079282",
    "fillingDate": "2012-08-06",
    "acceptedDate": "2012-08-06 15:31:20",
    "calendarYear": "2012",
    "period": "Q2",
    "revenue": 289942000,
    "costOfRevenue": 150752000,
    "grossProfit": 139190000,
    "grossProfitRatio": 0.4800615295,
    "researchAndDevelopmentExpenses": 0,
    "generalAndAdministrativeExpenses": 3738000,
    "sellingAndMarketingExpenses": 0,
    "sellingGeneralAndAdministrativeExpenses": 3738000,
    "otherExpenses": 61885000,
    "operatingExpenses": 65623000,
    "costAndExpenses": 216375000,
    "interestIncome": 0,
    "interestExpense": 4632000,
    "depreciationAndAmortization": 19665000,
    "ebitda": 95442000,
    "ebitdaratio": 0.3291761801,
    "operatingIncome": 73567000,
    "operatingIncomeRatio": 0.2537300564,
    "totalOtherIncomeExpensesNet": -2422000,
    "incomeBeforeTax": 71145000,
    "incomeBeforeTaxRatio": 0.2453766615,
    "incomeTaxExpense": 28674000,
    "netIncome": 42471000,
    "netIncomeRatio": 0.1464810203,
    "eps": 0.15,
    "epsdiluted": 0.15,
    "weightedAverageShsOut": 278172000,
    "weightedAverageShsOutDil": 283656000,
    "link": "https://www.sec.gov/Archives/edgar/data/79282/000119312512337592/0001193125-12-337592-index.htm",
    "finalLink": "https://www.sec.gov/Archives/edgar/data/79282/000119312512337592/d360000d10q.htm"
  },
  {
    "date": "2012-03-31",
    "symbol": "BRO",
    "reportedCurrency": "USD",
    "cik": "0000079282",
    "fillingDate": "2012-05-10",
    "acceptedDate": "2012-05-10 14:23:37",
    "calendarYear": "2012",
    "period": "Q1",
    "revenue": 296533000,
    "costOfRevenue": 149596000,
    "grossProfit": 146937000,
    "grossProfitRatio": 0.4955165192,
    "researchAndDevelopmentExpenses": 0,
    "generalAndAdministrativeExpenses": 3747000,
    "sellingAndMarketingExpenses": 0,
    "sellingGeneralAndAdministrativeExpenses": 3747000,
    "otherExpenses": 62654000,
    "operatingExpenses": 66401000,
    "costAndExpenses": 215997000,
    "interestIncome": 0,
    "interestExpense": 4087000,
    "depreciationAndAmortization": 19254000,
    "ebitda": 106131000,
    "ebitdaratio": 0.3579062027,
    "operatingIncome": 80536000,
    "operatingIncomeRatio": 0.2715920319,
    "totalOtherIncomeExpensesNet": 2254000,
    "incomeBeforeTax": 82790000,
    "incomeBeforeTaxRatio": 0.2791932095,
    "incomeTaxExpense": 33357000,
    "netIncome": 49433000,
    "netIncomeRatio": 0.1667032,
    "eps": 0.17,
    "epsdiluted": 0.17,
    "weightedAverageShsOut": 278002000,
    "weightedAverageShsOutDil": 283000000,
    "link": "https://www.sec.gov/Archives/edgar/data/79282/000119312512224970/0001193125-12-224970-index.htm",
    "finalLink": "https://www.sec.gov/Archives/edgar/data/79282/000119312512224970/d333768d10q.htm"
  },
  {
    "date": "2011-12-31",
    "symbol": "BRO",
    "reportedCurrency": "USD",
    "cik": "0000079282",
    "fillingDate": "2012-02-29",
    "acceptedDate": "2012-02-29 16:52:01",
    "calendarYear": "2011",
    "period": "Q4",
    "revenue": 244097000,
    "costOfRevenue": 0,
    "grossProfit": 244097000,
    "grossProfitRatio": 1,
    "researchAndDevelopmentExpenses": 0,
    "generalAndAdministrativeExpenses": 132245000,
    "sellingAndMarketingExpenses": 0,
    "sellingGeneralAndAdministrativeExpenses": 132245000,
    "otherExpenses": 51015000,
    "operatingExpenses": 183260000,
    "costAndExpenses": 183260000,
    "interestIncome": 0,
    "interestExpense": 3352000,
    "depreciationAndAmortization": 17081000,
    "ebitda": 80124000,
    "ebitdaratio": 0.3282465577,
    "operatingIncome": 60837000,
    "operatingIncomeRatio": 0.2492328869,
    "totalOtherIncomeExpensesNet": -1146000,
    "incomeBeforeTax": 59691000,
    "incomeBeforeTaxRatio": 0.244538032,
    "incomeTaxExpense": 23197000,
    "netIncome": 36494000,
    "netIncomeRatio": 0.149506139,
    "eps": 0.12,
    "epsdiluted": 0.12,
    "weightedAverageShsOut": 277592000,
    "weightedAverageShsOutDil": 281094000,
    "link": "https://www.sec.gov/Archives/edgar/data/79282/000119312512089393/0001193125-12-089393-index.htm",
    "finalLink": "https://www.sec.gov/Archives/edgar/data/79282/000119312512089393/d233092d10k.htm"
  },
  {
    "date": "2011-09-30",
    "symbol": "BRO",
    "reportedCurrency": "USD",
    "cik": "0000079282",
    "fillingDate": "2011-11-09",
    "acceptedDate": "2011-11-09 12:18:39",
    "calendarYear": "2011",
    "period": "Q3",
    "revenue": 260401000,
    "costOfRevenue": 0,
    "grossProfit": 260401000,
    "grossProfitRatio": 1,
    "researchAndDevelopmentExpenses": 0,
    "generalAndAdministrativeExpenses": 129733000,
    "sellingAndMarketingExpenses": 0,
    "sellingGeneralAndAdministrativeExpenses": 129733000,
    "otherExpenses": 55221000,
    "operatingExpenses": 184954000,
    "costAndExpenses": 184954000,
    "interestIncome": 0,
    "interestExpense": 3565000,
    "depreciationAndAmortization": 16787000,
    "ebitda": 93044000,
    "ebitdaratio": 0.3573104558,
    "operatingIncome": 75447000,
    "operatingIncomeRatio": 0.2897339104,
    "totalOtherIncomeExpensesNet": -2755000,
    "incomeBeforeTax": 72692000,
    "incomeBeforeTaxRatio": 0.2791540739,
    "incomeTaxExpense": 28519000,
    "netIncome": 44173000,
    "netIncomeRatio": 0.1696345252,
    "eps": 0.15,
    "epsdiluted": 0.15,
    "weightedAverageShsOut": 277380000,
    "weightedAverageShsOutDil": 280886000,
    "link": "https://www.sec.gov/Archives/edgar/data/79282/000119312511303916/0001193125-11-303916-index.htm",
    "finalLink": "https://www.sec.gov/Archives/edgar/data/79282/000119312511303916/d224576d10q.htm"
  },
  {
    "date": "2011-06-30",
    "symbol": "BRO",
    "reportedCurrency": "USD",
    "cik": "0000079282",
    "fillingDate": "2011-08-09",
    "acceptedDate": "2011-08-09 14:59:55",
    "calendarYear": "2011",
    "period": "Q2",
    "revenue": 246816000,
    "costOfRevenue": 0,
    "grossProfit": 246816000,
    "grossProfitRatio": 1,
    "researchAndDevelopmentExpenses": 0,
    "generalAndAdministrativeExpenses": 128561000,
    "sellingAndMarketingExpenses": 0,
    "sellingGeneralAndAdministrativeExpenses": 128561000,
    "otherExpenses": 53179000,
    "operatingExpenses": 181740000,
    "costAndExpenses": 181740000,
    "interestIncome": 0,
    "interestExpense": 3608000,
    "depreciationAndAmortization": 16635000,
    "ebitda": 81711000,
    "ebitdaratio": 0.3310603851,
    "operatingIncome": 65076000,
    "operatingIncomeRatio": 0.2636619992,
    "totalOtherIncomeExpensesNet": -3608000,
    "incomeBeforeTax": 61468000,
    "incomeBeforeTaxRatio": 0.2490438221,
    "incomeTaxExpense": 24433000,
    "netIncome": 37035000,
    "netIncomeRatio": 0.1500510502,
    "eps": 0.13,
    "epsdiluted": 0.13,
    "weightedAverageShsOut": 276758000,
    "weightedAverageShsOutDil": 279884000,
    "link": "https://www.sec.gov/Archives/edgar/data/79282/000119312511216301/0001193125-11-216301-index.htm",
    "finalLink": "https://www.sec.gov/Archives/edgar/data/79282/000119312511216301/d10q.htm"
  },
  {
    "date": "2011-03-31",
    "symbol": "BRO",
    "reportedCurrency": "USD",
    "cik": "0000079282",
    "fillingDate": "2011-05-10",
    "acceptedDate": "2011-05-10 13:43:25",
    "calendarYear": "2011",
    "period": "Q1",
    "revenue": 262228000,
    "costOfRevenue": 0,
    "grossProfit": 262228000,
    "grossProfitRatio": 1,
    "researchAndDevelopmentExpenses": 0,
    "generalAndAdministrativeExpenses": 129330000,
    "sellingAndMarketingExpenses": 0,
    "sellingGeneralAndAdministrativeExpenses": 129330000,
    "otherExpenses": 52621000,
    "operatingExpenses": 181951000,
    "costAndExpenses": 181951000,
    "interestIncome": 0,
    "interestExpense": 3607000,
    "depreciationAndAmortization": 16644000,
    "ebitda": 96921000,
    "ebitdaratio": 0.3696058392,
    "operatingIncome": 80277000,
    "operatingIncomeRatio": 0.3061343564,
    "totalOtherIncomeExpensesNet": -3607000,
    "incomeBeforeTax": 76670000,
    "incomeBeforeTaxRatio": 0.292379151,
    "incomeTaxExpense": 30377000,
    "netIncome": 46293000,
    "netIncomeRatio": 0.1765372119,
    "eps": 0.16,
    "epsdiluted": 0.16,
    "weightedAverageShsOut": 276702000,
    "weightedAverageShsOutDil": 281296000,
    "link": "https://www.sec.gov/Archives/edgar/data/79282/000119312511133929/0001193125-11-133929-index.htm",
    "finalLink": "https://www.sec.gov/Archives/edgar/data/79282/000119312511133929/d10q.htm"
  },
  {
    "date": "2010-12-31",
    "symbol": "BRO",
    "reportedCurrency": "USD",
    "cik": "0000079282",
    "fillingDate": "2011-03-01",
    "acceptedDate": "2011-03-01 15:33:07",
    "calendarYear": "2010",
    "period": "Q4",
    "revenue": 229938000,
    "costOfRevenue": 0,
    "grossProfit": 229938000,
    "grossProfitRatio": 1,
    "researchAndDevelopmentExpenses": 0,
    "generalAndAdministrativeExpenses": 123879000,
    "sellingAndMarketingExpenses": 0,
    "sellingGeneralAndAdministrativeExpenses": 123879000,
    "otherExpenses": 52142000,
    "operatingExpenses": 176021000,
    "costAndExpenses": 176021000,
    "interestIncome": 0,
    "interestExpense": 3624000,
    "depreciationAndAmortization": 16511000,
    "ebitda": 72102000,
    "ebitdaratio": 0.3135714845,
    "operatingIncome": 53917000,
    "operatingIncomeRatio": 0.2344849481,
    "totalOtherIncomeExpensesNet": -1950000,
    "incomeBeforeTax": 51967000,
    "incomeBeforeTaxRatio": 0.2260044012,
    "incomeTaxExpense": 19821000,
    "netIncome": 32146000,
    "netIncomeRatio": 0.1398029034,
    "eps": 0.12,
    "epsdiluted": 0.11,
    "weightedAverageShsOut": 276275000,
    "weightedAverageShsOutDil": 279966000,
    "link": "https://www.sec.gov/Archives/edgar/data/79282/000119312511051929/0001193125-11-051929-index.htm",
    "finalLink": "https://www.sec.gov/Archives/edgar/data/79282/000119312511051929/d10k.htm"
  },
  {
    "date": "2010-09-30",
    "symbol": "BRO",
    "reportedCurrency": "USD",
    "cik": "0000079282",
    "fillingDate": "2010-11-05",
    "acceptedDate": "2010-11-05 14:48:28",
    "calendarYear": "2010",
    "period": "Q3",
    "revenue": 247616000,
    "costOfRevenue": 0,
    "grossProfit": 247616000,
    "grossProfitRatio": 1,
    "researchAndDevelopmentExpenses": 0,
    "generalAndAdministrativeExpenses": 123496000,
    "sellingAndMarketingExpenses": 0,
    "sellingGeneralAndAdministrativeExpenses": 123496000,
    "otherExpenses": 47479000,
    "operatingExpenses": 170975000,
    "costAndExpenses": 170975000,
    "interestIncome": 0,
    "interestExpense": 3607000,
    "depreciationAndAmortization": 15985000,
    "ebitda": 92626000,
    "ebitdaratio": 0.3740711424,
    "operatingIncome": 76641000,
    "operatingIncomeRatio": 0.3095155402,
    "totalOtherIncomeExpensesNet": -3607000,
    "incomeBeforeTax": 73034000,
    "incomeBeforeTaxRatio": 0.2949486301,
    "incomeTaxExpense": 28741000,
    "netIncome": 44293000,
    "netIncomeRatio": 0.1788777785,
    "eps": 0.16,
    "epsdiluted": 0.16,
    "weightedAverageShsOut": 276186000,
    "weightedAverageShsOutDil": 279014000,
    "link": "https://www.sec.gov/Archives/edgar/data/79282/000119312510249879/0001193125-10-249879-index.htm",
    "finalLink": "https://www.sec.gov/Archives/edgar/data/79282/000119312510249879/d10q.htm"
  },
  {
    "date": "2010-06-30",
    "symbol": "BRO",
    "reportedCurrency": "USD",
    "cik": "0000079282",
    "fillingDate": "2010-08-04",
    "acceptedDate": "2010-08-04 16:00:45",
    "calendarYear": "2010",
    "period": "Q2",
    "revenue": 243665000,
    "costOfRevenue": 0,
    "grossProfit": 243665000,
    "grossProfitRatio": 1,
    "researchAndDevelopmentExpenses": 0,
    "generalAndAdministrativeExpenses": 123152000,
    "sellingAndMarketingExpenses": 0,
    "sellingGeneralAndAdministrativeExpenses": 123152000,
    "otherExpenses": 48868000,
    "operatingExpenses": 172020000,
    "costAndExpenses": 172020000,
    "interestIncome": 0,
    "interestExpense": 3632000,
    "depreciationAndAmortization": 15779000,
    "ebitda": 87424000,
    "ebitdaratio": 0.3587876798,
    "operatingIncome": 71645000,
    "operatingIncomeRatio": 0.2940307389,
    "totalOtherIncomeExpensesNet": -3632000,
    "incomeBeforeTax": 68013000,
    "incomeBeforeTaxRatio": 0.2791250282,
    "incomeTaxExpense": 26828000,
    "netIncome": 41185000,
    "netIncomeRatio": 0.1690230439,
    "eps": 0.13,
    "epsdiluted": 0.13,
    "weightedAverageShsOut": 275370000,
    "weightedAverageShsOutDil": 278210000,
    "link": "https://www.sec.gov/Archives/edgar/data/79282/000119312510177146/0001193125-10-177146-index.htm",
    "finalLink": "https://www.sec.gov/Archives/edgar/data/79282/000119312510177146/d10q.htm"
  },
  {
    "date": "2010-03-31",
    "symbol": "BRO",
    "reportedCurrency": "USD",
    "cik": "0000079282",
    "fillingDate": "2010-05-06",
    "acceptedDate": "2010-05-06 16:04:35",
    "calendarYear": "2010",
    "period": "Q1",
    "revenue": 252273000,
    "costOfRevenue": 0,
    "grossProfit": 252273000,
    "grossProfitRatio": 1,
    "researchAndDevelopmentExpenses": 0,
    "generalAndAdministrativeExpenses": 124138000,
    "sellingAndMarketingExpenses": 0,
    "sellingGeneralAndAdministrativeExpenses": 124138000,
    "otherExpenses": 51443000,
    "operatingExpenses": 175581000,
    "costAndExpenses": 175581000,
    "interestIncome": 0,
    "interestExpense": 3608000,
    "depreciationAndAmortization": 15806000,
    "ebitda": 92498000,
    "ebitdaratio": 0.3666583424,
    "operatingIncome": 76692000,
    "operatingIncomeRatio": 0.3040039957,
    "totalOtherIncomeExpensesNet": -3608000,
    "incomeBeforeTax": 73084000,
    "incomeBeforeTaxRatio": 0.2897020292,
    "incomeTaxExpense": 28956000,
    "netIncome": 44128000,
    "netIncomeRatio": 0.1749216127,
    "eps": 0.16,
    "epsdiluted": 0.16,
    "weightedAverageShsOut": 275246000,
    "weightedAverageShsOutDil": 275582000,
    "link": "https://www.sec.gov/Archives/edgar/data/79282/000119312510110841/0001193125-10-110841-index.htm",
    "finalLink": "https://www.sec.gov/Archives/edgar/data/79282/000119312510110841/d10q.htm"
  },
  {
    "date": "2009-12-31",
    "symbol": "BRO",
    "reportedCurrency": "USD",
    "cik": "0000079282",
    "fillingDate": "2010-03-01",
    "acceptedDate": "2010-03-01 15:24:00",
    "calendarYear": "2009",
    "period": "Q4",
    "revenue": 214162000,
    "costOfRevenue": 0,
    "grossProfit": 214162000,
    "grossProfitRatio": 1,
    "researchAndDevelopmentExpenses": 0,
    "generalAndAdministrativeExpenses": 117222000,
    "sellingAndMarketingExpenses": 0,
    "sellingGeneralAndAdministrativeExpenses": 117222000,
    "otherExpenses": 52152000,
    "operatingExpenses": 169374000,
    "costAndExpenses": 169374000,
    "interestIncome": 0,
    "interestExpense": 3711000,
    "depreciationAndAmortization": 15770000,
    "ebitda": 60558000,
    "ebitdaratio": 0.282767251,
    "operatingIncome": 44788000,
    "operatingIncomeRatio": 0.2091314052,
    "totalOtherIncomeExpensesNet": -3711000,
    "incomeBeforeTax": 41077000,
    "incomeBeforeTaxRatio": 0.1918034012,
    "incomeTaxExpense": 17424000,
    "netIncome": 23653000,
    "netIncomeRatio": 0.1104444299,
    "eps": 0.0861,
    "epsdiluted": 0.0859,
    "weightedAverageShsOut": 274796000,
    "weightedAverageShsOutDil": 275298000,
    "link": "https://www.sec.gov/Archives/edgar/data/79282/000119312510044577/0001193125-10-044577-index.htm",
    "finalLink": "https://www.sec.gov/Archives/edgar/data/79282/000119312510044577/d10k.htm"
  },
  {
    "date": "2009-09-30",
    "symbol": "BRO",
    "reportedCurrency": "USD",
    "cik": "0000079282",
    "fillingDate": "2009-11-06",
    "acceptedDate": "2009-11-06 15:05:24",
    "calendarYear": "2009",
    "period": "Q3",
    "revenue": 243766000,
    "costOfRevenue": 0,
    "grossProfit": 243766000,
    "grossProfitRatio": 1,
    "researchAndDevelopmentExpenses": 0,
    "generalAndAdministrativeExpenses": 121339000,
    "sellingAndMarketingExpenses": 0,
    "sellingGeneralAndAdministrativeExpenses": 121339000,
    "otherExpenses": 51314000,
    "operatingExpenses": 172653000,
    "costAndExpenses": 172653000,
    "interestIncome": 0,
    "interestExpense": 3622000,
    "depreciationAndAmortization": 15791000,
    "ebitda": 86904000,
    "ebitdaratio": 0.3565058294,
    "operatingIncome": 71113000,
    "operatingIncomeRatio": 0.2917264918,
    "totalOtherIncomeExpensesNet": -3622000,
    "incomeBeforeTax": 67491000,
    "incomeBeforeTaxRatio": 0.2768679799,
    "incomeTaxExpense": 26530000,
    "netIncome": 40961000,
    "netIncomeRatio": 0.1680340983,
    "eps": 0.14,
    "epsdiluted": 0.14,
    "weightedAverageShsOut": 274558000,
    "weightedAverageShsOutDil": 275342000,
    "link": "https://www.sec.gov/Archives/edgar/data/79282/000118811209002316/0001188112-09-002316-index.htm",
    "finalLink": "https://www.sec.gov/Archives/edgar/data/79282/000118811209002316/t66563_10q.htm"
  },
  {
    "date": "2009-06-30",
    "symbol": "BRO",
    "reportedCurrency": "USD",
    "cik": "0000079282",
    "fillingDate": "2009-08-10",
    "acceptedDate": "2009-08-10 16:38:46",
    "calendarYear": "2009",
    "period": "Q2",
    "revenue": 246369000,
    "costOfRevenue": 0,
    "grossProfit": 246369000,
    "grossProfitRatio": 1,
    "researchAndDevelopmentExpenses": 0,
    "generalAndAdministrativeExpenses": 124320000,
    "sellingAndMarketingExpenses": 0,
    "sellingGeneralAndAdministrativeExpenses": 124320000,
    "otherExpenses": 51438000,
    "operatingExpenses": 175758000,
    "costAndExpenses": 175758000,
    "interestIncome": 0,
    "interestExpense": 3632000,
    "depreciationAndAmortization": 15818000,
    "ebitda": 86429000,
    "ebitdaratio": 0.3508111816,
    "operatingIncome": 70611000,
    "operatingIncomeRatio": 0.2866066754,
    "totalOtherIncomeExpensesNet": -3632000,
    "incomeBeforeTax": 66979000,
    "incomeBeforeTaxRatio": 0.2718645609,
    "incomeTaxExpense": 26311000,
    "netIncome": 40668000,
    "netIncomeRatio": 0.165069469,
    "eps": 0.14,
    "epsdiluted": 0.14,
    "weightedAverageShsOut": 283046000,
    "weightedAverageShsOutDil": 283776000,
    "link": "https://www.sec.gov/Archives/edgar/data/79282/000118811209001779/0001188112-09-001779-index.htm",
    "finalLink": "https://www.sec.gov/Archives/edgar/data/79282/000118811209001779/t66077_10q.htm"
  },
  {
    "date": "2009-03-31",
    "symbol": "BRO",
    "reportedCurrency": "USD",
    "cik": "0000079282",
    "fillingDate": "2009-05-11",
    "acceptedDate": "2009-05-11 15:32:03",
    "calendarYear": "2009",
    "period": "Q1",
    "revenue": 263580000,
    "costOfRevenue": 0,
    "grossProfit": 263580000,
    "grossProfitRatio": 1,
    "researchAndDevelopmentExpenses": 0,
    "generalAndAdministrativeExpenses": 129157000,
    "sellingAndMarketingExpenses": 0,
    "sellingGeneralAndAdministrativeExpenses": 129157000,
    "otherExpenses": 51582000,
    "operatingExpenses": 180739000,
    "costAndExpenses": 180739000,
    "interestIncome": 0,
    "interestExpense": 3634000,
    "depreciationAndAmortization": 15718000,
    "ebitda": 98559000,
    "ebitdaratio": 0.3739244252,
    "operatingIncome": 82841000,
    "operatingIncomeRatio": 0.3142916762,
    "totalOtherIncomeExpensesNet": -3634000,
    "incomeBeforeTax": 79207000,
    "incomeBeforeTaxRatio": 0.3005045906,
    "incomeTaxExpense": 31195000,
    "netIncome": 48012000,
    "netIncomeRatio": 0.1821534259,
    "eps": 0.17,
    "epsdiluted": 0.17,
    "weightedAverageShsOut": 273870000,
    "weightedAverageShsOutDil": 274440000,
    "link": "https://www.sec.gov/Archives/edgar/data/79282/000119312509107028/0001193125-09-107028-index.htm",
    "finalLink": "https://www.sec.gov/Archives/edgar/data/79282/000119312509107028/d10q.htm"
  },
  {
    "date": "2008-12-31",
    "symbol": "BRO",
    "reportedCurrency": "USD",
    "cik": "0000079282",
    "fillingDate": "2009-03-02",
    "acceptedDate": "2009-03-02 14:42:02",
    "calendarYear": "2008",
    "period": "Q4",
    "revenue": 232090000,
    "costOfRevenue": 0,
    "grossProfit": 232090000,
    "grossProfitRatio": 1,
    "researchAndDevelopmentExpenses": 0,
    "generalAndAdministrativeExpenses": 123661000,
    "sellingAndMarketingExpenses": 0,
    "sellingGeneralAndAdministrativeExpenses": 123661000,
    "otherExpenses": 50558000,
    "operatingExpenses": 174219000,
    "costAndExpenses": 174219000,
    "interestIncome": 0,
    "interestExpense": 3645000,
    "depreciationAndAmortization": 15199000,
    "ebitda": 73070000,
    "ebitdaratio": 0.3148347624,
    "operatingIncome": 57871000,
    "operatingIncomeRatio": 0.249347236,
    "totalOtherIncomeExpensesNet": -3645000,
    "incomeBeforeTax": 54226000,
    "incomeBeforeTaxRatio": 0.2336421216,
    "incomeTaxExpense": 20853000,
    "netIncome": 33373000,
    "netIncomeRatio": 0.143793356,
    "eps": 0.12,
    "epsdiluted": 0.12,
    "weightedAverageShsOut": 277927000,
    "weightedAverageShsOutDil": 278778000,
    "link": "https://www.sec.gov/Archives/edgar/data/79282/000119312509042336/0001193125-09-042336-index.htm",
    "finalLink": "https://www.sec.gov/Archives/edgar/data/79282/000119312509042336/d10k.htm"
  },
  {
    "date": "2008-09-30",
    "symbol": "BRO",
    "reportedCurrency": "USD",
    "cik": "0000079282",
    "fillingDate": "2008-11-10",
    "acceptedDate": "2008-11-10 16:19:37",
    "calendarYear": "2008",
    "period": "Q3",
    "revenue": 247029000,
    "costOfRevenue": 0,
    "grossProfit": 247029000,
    "grossProfitRatio": 1,
    "researchAndDevelopmentExpenses": 0,
    "generalAndAdministrativeExpenses": 122172000,
    "sellingAndMarketingExpenses": 0,
    "sellingGeneralAndAdministrativeExpenses": 123991000,
    "otherExpenses": 52077000,
    "operatingExpenses": 176068000,
    "costAndExpenses": 176068000,
    "interestIncome": 0,
    "interestExpense": 3867000,
    "depreciationAndAmortization": 15672000,
    "ebitda": 86633000,
    "ebitdaratio": 0.3506997154,
    "operatingIncome": 70961000,
    "operatingIncomeRatio": 0.2872577714,
    "totalOtherIncomeExpensesNet": -3867000,
    "incomeBeforeTax": 67094000,
    "incomeBeforeTaxRatio": 0.2716037388,
    "incomeTaxExpense": 26501000,
    "netIncome": 40593000,
    "netIncomeRatio": 0.1643248364,
    "eps": 0.14,
    "epsdiluted": 0.14,
    "weightedAverageShsOut": 282146000,
    "weightedAverageShsOutDil": 283212000,
    "link": "https://www.sec.gov/Archives/edgar/data/79282/000118811208003093/0001188112-08-003093-index.htm",
    "finalLink": "https://www.sec.gov/Archives/edgar/data/79282/000118811208003093/t63986_10q.htm"
  },
  {
    "date": "2008-06-30",
    "symbol": "BRO",
    "reportedCurrency": "USD",
    "cik": "0000079282",
    "fillingDate": "2008-08-11",
    "acceptedDate": "2008-08-11 17:07:40",
    "calendarYear": "2008",
    "period": "Q2",
    "revenue": 241720000,
    "costOfRevenue": 0,
    "grossProfit": 241720000,
    "grossProfitRatio": 1,
    "researchAndDevelopmentExpenses": 0,
    "generalAndAdministrativeExpenses": 122314000,
    "sellingAndMarketingExpenses": 0,
    "sellingGeneralAndAdministrativeExpenses": 122314000,
    "otherExpenses": 49068000,
    "operatingExpenses": 171382000,
    "costAndExpenses": 171382000,
    "interestIncome": 0,
    "interestExpense": 3744000,
    "depreciationAndAmortization": 14684000,
    "ebitda": 85022000,
    "ebitdaratio": 0.3517375476,
    "operatingIncome": 70338000,
    "operatingIncomeRatio": 0.2909895747,
    "totalOtherIncomeExpensesNet": -3744000,
    "incomeBeforeTax": 66594000,
    "incomeBeforeTaxRatio": 0.2755005792,
    "incomeTaxExpense": 26196000,
    "netIncome": 40398000,
    "netIncomeRatio": 0.1671272547,
    "eps": 0.14,
    "epsdiluted": 0.14,
    "weightedAverageShsOut": 281446000,
    "weightedAverageShsOutDil": 282530000,
    "link": "https://www.sec.gov/Archives/edgar/data/79282/000118811208002349/0001188112-08-002349-index.htm",
    "finalLink": "https://www.sec.gov/Archives/edgar/data/79282/000118811208002349/t63429_10q.htm"
  },
  {
    "date": "2008-03-31",
    "symbol": "BRO",
    "reportedCurrency": "USD",
    "cik": "0000079282",
    "fillingDate": "2008-05-12",
    "acceptedDate": "2008-05-09 17:38:43",
    "calendarYear": "2008",
    "period": "Q1",
    "revenue": 256715000,
    "costOfRevenue": 0,
    "grossProfit": 256715000,
    "grossProfitRatio": 1,
    "researchAndDevelopmentExpenses": 0,
    "generalAndAdministrativeExpenses": 123131000,
    "sellingAndMarketingExpenses": 0,
    "sellingGeneralAndAdministrativeExpenses": 123131000,
    "otherExpenses": 45566000,
    "operatingExpenses": 168697000,
    "costAndExpenses": 168697000,
    "interestIncome": 0,
    "interestExpense": 3434000,
    "depreciationAndAmortization": 14362000,
    "ebitda": 102380000,
    "ebitdaratio": 0.3988080167,
    "operatingIncome": 88018000,
    "operatingIncomeRatio": 0.3428627077,
    "totalOtherIncomeExpensesNet": -3434000,
    "incomeBeforeTax": 84584000,
    "incomeBeforeTaxRatio": 0.3294860059,
    "incomeTaxExpense": 32824000,
    "netIncome": 51760000,
    "netIncomeRatio": 0.2016243694,
    "eps": 0.19,
    "epsdiluted": 0.19,
    "weightedAverageShsOut": 281408000,
    "weightedAverageShsOutDil": 282654000,
    "link": "https://www.sec.gov/Archives/edgar/data/79282/000118811208001619/0001188112-08-001619-index.htm",
    "finalLink": "https://www.sec.gov/Archives/edgar/data/79282/000118811208001619/t62698_10q.htm"
  },
  {
    "date": "2007-12-31",
    "symbol": "BRO",
    "reportedCurrency": "USD",
    "cik": "0000079282",
    "fillingDate": "2008-02-29",
    "acceptedDate": "2008-02-29 16:42:57",
    "calendarYear": "2007",
    "period": "Q4",
    "revenue": 217226000,
    "costOfRevenue": 0,
    "grossProfit": 217226000,
    "grossProfitRatio": 1,
    "researchAndDevelopmentExpenses": 0,
    "generalAndAdministrativeExpenses": 111504000,
    "sellingAndMarketingExpenses": 0,
    "sellingGeneralAndAdministrativeExpenses": 111504000,
    "otherExpenses": 48871000,
    "operatingExpenses": 160375000,
    "costAndExpenses": 160375000,
    "interestIncome": 0,
    "interestExpense": 3357000,
    "depreciationAndAmortization": 13909000,
    "ebitda": 70760000,
    "ebitdaratio": 0.3257436955,
    "operatingIncome": 56851000,
    "operatingIncomeRatio": 0.261713607,
    "totalOtherIncomeExpensesNet": -3357000,
    "incomeBeforeTax": 53494000,
    "incomeBeforeTaxRatio": 0.2462596558,
    "incomeTaxExpense": 20490000,
    "netIncome": 33004000,
    "netIncomeRatio": 0.1519339306,
    "eps": 0.12,
    "epsdiluted": 0.12,
    "weightedAverageShsOut": 276280000,
    "weightedAverageShsOutDil": 277684000,
    "link": "https://www.sec.gov/Archives/edgar/data/79282/000118811208000632/0001188112-08-000632-index.htm",
    "finalLink": "https://www.sec.gov/Archives/edgar/data/79282/000118811208000632/d22761_10-k.htm"
  },
  {
    "date": "2007-09-30",
    "symbol": "BRO",
    "reportedCurrency": "USD",
    "cik": "0000079282",
    "fillingDate": "2007-11-09",
    "acceptedDate": "2007-11-09 15:00:05",
    "calendarYear": "2007",
    "period": "Q3",
    "revenue": 237284000,
    "costOfRevenue": 0,
    "grossProfit": 237284000,
    "grossProfitRatio": 1,
    "researchAndDevelopmentExpenses": 0,
    "generalAndAdministrativeExpenses": 111982000,
    "sellingAndMarketingExpenses": 0,
    "sellingGeneralAndAdministrativeExpenses": 111982000,
    "otherExpenses": 46472000,
    "operatingExpenses": 158454000,
    "costAndExpenses": 158454000,
    "interestIncome": 0,
    "interestExpense": 3395000,
    "depreciationAndAmortization": 13544000,
    "ebitda": 92374000,
    "ebitdaratio": 0.3892972135,
    "operatingIncome": 78830000,
    "operatingIncomeRatio": 0.3322179329,
    "totalOtherIncomeExpensesNet": -3395000,
    "incomeBeforeTax": 75435000,
    "incomeBeforeTaxRatio": 0.3179101836,
    "incomeTaxExpense": 29219000,
    "netIncome": 46216000,
    "netIncomeRatio": 0.1947708231,
    "eps": 0.17,
    "epsdiluted": 0.16,
    "weightedAverageShsOut": 281186000,
    "weightedAverageShsOutDil": 282576000,
    "link": "https://www.sec.gov/Archives/edgar/data/79282/000118811207003299/0001188112-07-003299-index.htm",
    "finalLink": "https://www.sec.gov/Archives/edgar/data/79282/000118811207003299/t60922_10q.htm"
  },
  {
    "date": "2007-06-30",
    "symbol": "BRO",
    "reportedCurrency": "USD",
    "cik": "0000079282",
    "fillingDate": "2007-08-09",
    "acceptedDate": "2007-08-09 15:38:26",
    "calendarYear": "2007",
    "period": "Q2",
    "revenue": 246644000,
    "costOfRevenue": 0,
    "grossProfit": 246644000,
    "grossProfitRatio": 1,
    "researchAndDevelopmentExpenses": 0,
    "generalAndAdministrativeExpenses": 113970000,
    "sellingAndMarketingExpenses": 0,
    "sellingGeneralAndAdministrativeExpenses": 113970000,
    "otherExpenses": 44762000,
    "operatingExpenses": 158732000,
    "costAndExpenses": 158732000,
    "interestIncome": 0,
    "interestExpense": 3416000,
    "depreciationAndAmortization": 13204000,
    "ebitda": 101116000,
    "ebitdaratio": 0.4099674024,
    "operatingIncome": 87912000,
    "operatingIncomeRatio": 0.3564327533,
    "totalOtherIncomeExpensesNet": -3416000,
    "incomeBeforeTax": 84496000,
    "incomeBeforeTaxRatio": 0.3425828319,
    "incomeTaxExpense": 32484000,
    "netIncome": 52012000,
    "netIncomeRatio": 0.2108788375,
    "eps": 0.19,
    "epsdiluted": 0.18,
    "weightedAverageShsOut": 280768000,
    "weightedAverageShsOutDil": 282240000,
    "link": "https://www.sec.gov/Archives/edgar/data/79282/000118811207002438/0001188112-07-002438-index.htm",
    "finalLink": "https://www.sec.gov/Archives/edgar/data/79282/000118811207002438/t60250_10q.htm"
  },
  {
    "date": "2007-03-31",
    "symbol": "BRO",
    "reportedCurrency": "USD",
    "cik": "0000079282",
    "fillingDate": "2007-05-10",
    "acceptedDate": "2007-05-10 13:37:35",
    "calendarYear": "2007",
    "period": "Q1",
    "revenue": 258513000,
    "costOfRevenue": 0,
    "grossProfit": 258513000,
    "grossProfitRatio": 1,
    "researchAndDevelopmentExpenses": 0,
    "generalAndAdministrativeExpenses": 112312000,
    "sellingAndMarketingExpenses": 0,
    "sellingGeneralAndAdministrativeExpenses": 112312000,
    "otherExpenses": 44465000,
    "operatingExpenses": 156777000,
    "costAndExpenses": 156777000,
    "interestIncome": 0,
    "interestExpense": 3634000,
    "depreciationAndAmortization": 12542000,
    "ebitda": 114278000,
    "ebitdaratio": 0.4420590067,
    "operatingIncome": 101736000,
    "operatingIncomeRatio": 0.3935430713,
    "totalOtherIncomeExpensesNet": -3634000,
    "incomeBeforeTax": 98102000,
    "incomeBeforeTaxRatio": 0.3794857512,
    "incomeTaxExpense": 38375000,
    "netIncome": 59727000,
    "netIncomeRatio": 0.2310406053,
    "eps": 0.22,
    "epsdiluted": 0.21,
    "weightedAverageShsOut": 280442000,
    "weightedAverageShsOutDil": 282388000,
    "link": "https://www.sec.gov/Archives/edgar/data/79282/000118811207001428/0001188112-07-001428-index.htm",
    "finalLink": "https://www.sec.gov/Archives/edgar/data/79282/000118811207001428/t14276_10q.htm"
  },
  {
    "date": "2006-12-31",
    "symbol": "BRO",
    "reportedCurrency": "USD",
    "cik": "0000079282",
    "fillingDate": "2007-03-01",
    "acceptedDate": "2007-03-01 16:56:30",
    "calendarYear": "2006",
    "period": "Q4",
    "revenue": 214650000,
    "costOfRevenue": 0,
    "grossProfit": 214650000,
    "grossProfitRatio": 1,
    "researchAndDevelopmentExpenses": 0,
    "generalAndAdministrativeExpenses": 100975000,
    "sellingAndMarketingExpenses": 0,
    "sellingGeneralAndAdministrativeExpenses": 100975000,
    "otherExpenses": 48325000,
    "operatingExpenses": 149300000,
    "costAndExpenses": 149300000,
    "interestIncome": 0,
    "interestExpense": 3277000,
    "depreciationAndAmortization": 12438000,
    "ebitda": 77788000,
    "ebitdaratio": 0.3623945959,
    "operatingIncome": 65350000,
    "operatingIncomeRatio": 0.3044491032,
    "totalOtherIncomeExpensesNet": -3277000,
    "incomeBeforeTax": 62073000,
    "incomeBeforeTaxRatio": 0.2891823899,
    "incomeTaxExpense": 24450000,
    "netIncome": 37623000,
    "netIncomeRatio": 0.1752760307,
    "eps": 0.13,
    "epsdiluted": 0.13,
    "weightedAverageShsOut": 279302000,
    "weightedAverageShsOutDil": 282047000,
    "link": "https://www.sec.gov/Archives/edgar/data/79282/000118811207000553/0001188112-07-000553-index.htm",
    "finalLink": "https://www.sec.gov/Archives/edgar/data/79282/000118811207000553/t13135_10k.htm"
  },
  {
    "date": "2006-09-30",
    "symbol": "BRO",
    "reportedCurrency": "USD",
    "cik": "0000079282",
    "fillingDate": "2006-11-09",
    "acceptedDate": "2006-11-09 14:01:27",
    "calendarYear": "2006",
    "period": "Q3",
    "revenue": 211965000,
    "costOfRevenue": 0,
    "grossProfit": 211965000,
    "grossProfitRatio": 1,
    "researchAndDevelopmentExpenses": 0,
    "generalAndAdministrativeExpenses": 101658000,
    "sellingAndMarketingExpenses": 0,
    "sellingGeneralAndAdministrativeExpenses": 101658000,
    "otherExpenses": 41513000,
    "operatingExpenses": 143171000,
    "costAndExpenses": 143171000,
    "interestIncome": 0,
    "interestExpense": 3229000,
    "depreciationAndAmortization": 12011000,
    "ebitda": 80805000,
    "ebitdaratio": 0.3812185974,
    "operatingIncome": 68794000,
    "operatingIncomeRatio": 0.324553582,
    "totalOtherIncomeExpensesNet": -3229000,
    "incomeBeforeTax": 65565000,
    "incomeBeforeTaxRatio": 0.3093199349,
    "incomeTaxExpense": 25295000,
    "netIncome": 40270000,
    "netIncomeRatio": 0.1899841955,
    "eps": 0.14,
    "epsdiluted": 0.14,
    "weightedAverageShsOut": 279336000,
    "weightedAverageShsOutDil": 282054000,
    "link": "https://www.sec.gov/Archives/edgar/data/79282/000118811206003342/0001188112-06-003342-index.htm",
    "finalLink": "https://www.sec.gov/Archives/edgar/data/79282/000118811206003342/t1199_10q.htm"
  },
  {
    "date": "2006-06-30",
    "symbol": "BRO",
    "reportedCurrency": "USD",
    "cik": "0000079282",
    "fillingDate": "2006-08-09",
    "acceptedDate": "2006-08-09 16:08:21",
    "calendarYear": "2006",
    "period": "Q2",
    "revenue": 220807000,
    "costOfRevenue": 0,
    "grossProfit": 220807000,
    "grossProfitRatio": 1,
    "researchAndDevelopmentExpenses": 0,
    "generalAndAdministrativeExpenses": 104614000,
    "sellingAndMarketingExpenses": 0,
    "sellingGeneralAndAdministrativeExpenses": 104614000,
    "otherExpenses": 41897000,
    "operatingExpenses": 146511000,
    "costAndExpenses": 146511000,
    "interestIncome": 0,
    "interestExpense": 3329000,
    "depreciationAndAmortization": 11763000,
    "ebitda": 86059000,
    "ebitdaratio": 0.3897476076,
    "operatingIncome": 74296000,
    "operatingIncomeRatio": 0.33647484,
    "totalOtherIncomeExpensesNet": -3329000,
    "incomeBeforeTax": 70967000,
    "incomeBeforeTaxRatio": 0.3213983252,
    "incomeTaxExpense": 26536000,
    "netIncome": 44431000,
    "netIncomeRatio": 0.2012209758,
    "eps": 0.16,
    "epsdiluted": 0.16,
    "weightedAverageShsOut": 279022000,
    "weightedAverageShsOutDil": 282012000,
    "link": "https://www.sec.gov/Archives/edgar/data/79282/000118811206002414/0001188112-06-002414-index.htm",
    "finalLink": "https://www.sec.gov/Archives/edgar/data/79282/000118811206002414/t11087_10q.htm"
  },
  {
    "date": "2006-03-31",
    "symbol": "BRO",
    "reportedCurrency": "USD",
    "cik": "0000079282",
    "fillingDate": "2006-05-10",
    "acceptedDate": "2006-05-10 16:23:32",
    "calendarYear": "2006",
    "period": "Q1",
    "revenue": 230582000,
    "costOfRevenue": 0,
    "grossProfit": 230582000,
    "grossProfitRatio": 1,
    "researchAndDevelopmentExpenses": 0,
    "generalAndAdministrativeExpenses": 103060000,
    "sellingAndMarketingExpenses": 0,
    "sellingGeneralAndAdministrativeExpenses": 103060000,
    "otherExpenses": 42564000,
    "operatingExpenses": 145624000,
    "costAndExpenses": 145624000,
    "interestIncome": 0,
    "interestExpense": 3522000,
    "depreciationAndAmortization": 11595000,
    "ebitda": 96553000,
    "ebitdaratio": 0.4187360679,
    "operatingIncome": 84958000,
    "operatingIncomeRatio": 0.3684502693,
    "totalOtherIncomeExpensesNet": -3522000,
    "incomeBeforeTax": 81436000,
    "incomeBeforeTaxRatio": 0.3531758767,
    "incomeTaxExpense": 31410000,
    "netIncome": 50026000,
    "netIncomeRatio": 0.2169553564,
    "eps": 0.18,
    "epsdiluted": 0.18,
    "weightedAverageShsOut": 278766000,
    "weightedAverageShsOutDil": 281646000,
    "link": "https://www.sec.gov/Archives/edgar/data/79282/000118811206001389/0001188112-06-001389-index.htm",
    "finalLink": "https://www.sec.gov/Archives/edgar/data/79282/000118811206001389/t10198_10q.htm"
  },
  {
    "date": "2005-12-31",
    "symbol": "BRO",
    "reportedCurrency": "USD",
    "cik": "0000079282",
    "fillingDate": "2006-03-16",
    "acceptedDate": "2006-03-16 15:09:34",
    "calendarYear": "2005",
    "period": "Q4",
    "revenue": 193171000,
    "costOfRevenue": 374943000,
    "grossProfit": -181772000,
    "grossProfitRatio": -0.9409901072,
    "researchAndDevelopmentExpenses": 0,
    "generalAndAdministrativeExpenses": -277516000,
    "sellingAndMarketingExpenses": 0,
    "sellingGeneralAndAdministrativeExpenses": -277516000,
    "otherExpenses": 38392000,
    "operatingExpenses": -239124000,
    "costAndExpenses": 135819000,
    "interestIncome": 0,
    "interestExpense": 3578000,
    "depreciationAndAmortization": 11530000,
    "ebitda": 72568000,
    "ebitdaratio": 0.375667155,
    "operatingIncome": 57352000,
    "operatingIncomeRatio": 0.2968975674,
    "totalOtherIncomeExpensesNet": 108000,
    "incomeBeforeTax": 57460000,
    "incomeBeforeTaxRatio": 0.2974566576,
    "incomeTaxExpense": 21743000,
    "netIncome": 35717000,
    "netIncomeRatio": 0.1848983543,
    "eps": 0.13,
    "epsdiluted": 0.13,
    "weightedAverageShsOut": 277047000,
    "weightedAverageShsOutDil": 279414000,
    "link": "https://www.sec.gov/Archives/edgar/data/79282/000118811206000715/0001188112-06-000715-index.htm",
    "finalLink": "https://www.sec.gov/Archives/edgar/data/79282/000118811206000715/t10k-9239.htm"
  },
  {
    "date": "2005-09-30",
    "symbol": "BRO",
    "reportedCurrency": "USD",
    "cik": "0000079282",
    "fillingDate": "2005-11-09",
    "acceptedDate": "2005-11-09 16:22:00",
    "calendarYear": "2005",
    "period": "Q3",
    "revenue": 190645000,
    "costOfRevenue": 0,
    "grossProfit": 190645000,
    "grossProfitRatio": 1,
    "researchAndDevelopmentExpenses": 0,
    "generalAndAdministrativeExpenses": 94690000,
    "sellingAndMarketingExpenses": 0,
    "sellingGeneralAndAdministrativeExpenses": 94690000,
    "otherExpenses": 36628000,
    "operatingExpenses": 131318000,
    "costAndExpenses": 131318000,
    "interestIncome": 0,
    "interestExpense": 3638000,
    "depreciationAndAmortization": 10990000,
    "ebitda": 70317000,
    "ebitdaratio": 0.3688373679,
    "operatingIncome": 59327000,
    "operatingIncomeRatio": 0.311190957,
    "totalOtherIncomeExpensesNet": -3638000,
    "incomeBeforeTax": 55689000,
    "incomeBeforeTaxRatio": 0.292108369,
    "incomeTaxExpense": 20906000,
    "netIncome": 34783000,
    "netIncomeRatio": 0.1824490545,
    "eps": 0.13,
    "epsdiluted": 0.13,
    "weightedAverageShsOut": 276968000,
    "weightedAverageShsOutDil": 279276000,
    "link": "https://www.sec.gov/Archives/edgar/data/79282/000114420405034577/0001144204-05-034577-index.htm",
    "finalLink": "https://www.sec.gov/Archives/edgar/data/79282/000114420405034577/v028582_10q.htm"
  },
  {
    "date": "2005-06-30",
    "symbol": "BRO",
    "reportedCurrency": "USD",
    "cik": "0000079282",
    "fillingDate": "2005-08-09",
    "acceptedDate": "2005-08-09 16:41:43",
    "calendarYear": "2005",
    "period": "Q2",
    "revenue": 195931000,
    "costOfRevenue": 0,
    "grossProfit": 195931000,
    "grossProfitRatio": 1,
    "researchAndDevelopmentExpenses": 0,
    "generalAndAdministrativeExpenses": 94888000,
    "sellingAndMarketingExpenses": 0,
    "sellingGeneralAndAdministrativeExpenses": 94888000,
    "otherExpenses": 36864000,
    "operatingExpenses": 131752000,
    "costAndExpenses": 131752000,
    "interestIncome": 0,
    "interestExpense": 3711000,
    "depreciationAndAmortization": 10884000,
    "ebitda": 75063000,
    "ebitdaratio": 0.3831093599,
    "operatingIncome": 64179000,
    "operatingIncomeRatio": 0.3275591918,
    "totalOtherIncomeExpensesNet": -3711000,
    "incomeBeforeTax": 60468000,
    "incomeBeforeTaxRatio": 0.3086188505,
    "incomeTaxExpense": 23435000,
    "netIncome": 37033000,
    "netIncomeRatio": 0.1890104169,
    "eps": 0.13,
    "epsdiluted": 0.14,
    "weightedAverageShsOut": 276624000,
    "weightedAverageShsOutDil": 278952000,
    "link": "https://www.sec.gov/Archives/edgar/data/79282/000114420405024308/0001144204-05-024308-index.htm",
    "finalLink": "https://www.sec.gov/Archives/edgar/data/79282/000114420405024308/v023072_10q.htm"
  },
  {
    "date": "2005-03-31",
    "symbol": "BRO",
    "reportedCurrency": "USD",
    "cik": "0000079282",
    "fillingDate": "2005-05-10",
    "acceptedDate": "2005-05-10 16:56:25",
    "calendarYear": "2005",
    "period": "Q1",
    "revenue": 202374000,
    "costOfRevenue": 0,
    "grossProfit": 202374000,
    "grossProfitRatio": 1,
    "researchAndDevelopmentExpenses": 0,
    "generalAndAdministrativeExpenses": 91275000,
    "sellingAndMarketingExpenses": 0,
    "sellingGeneralAndAdministrativeExpenses": 91275000,
    "otherExpenses": 37044000,
    "operatingExpenses": 128319000,
    "costAndExpenses": 128319000,
    "interestIncome": 0,
    "interestExpense": 3542000,
    "depreciationAndAmortization": 9902000,
    "ebitda": 83957000,
    "ebitdaratio": 0.4148606046,
    "operatingIncome": 74055000,
    "operatingIncomeRatio": 0.3659313943,
    "totalOtherIncomeExpensesNet": -3542000,
    "incomeBeforeTax": 70513000,
    "incomeBeforeTaxRatio": 0.348429146,
    "incomeTaxExpense": 27495000,
    "netIncome": 43018000,
    "netIncomeRatio": 0.2125668317,
    "eps": 0.16,
    "epsdiluted": 0.16,
    "weightedAverageShsOut": 276648000,
    "weightedAverageShsOutDil": 278844000,
    "link": "https://www.sec.gov/Archives/edgar/data/79282/000114420405014692/0001144204-05-014692-index.htm",
    "finalLink": "https://www.sec.gov/Archives/edgar/data/79282/000114420405014692/v017813_10q.htm"
  },
  {
    "date": "2004-12-31",
    "symbol": "BRO",
    "reportedCurrency": "USD",
    "cik": "0000079282",
    "fillingDate": "2005-03-16",
    "acceptedDate": "2005-03-16 17:02:54",
    "calendarYear": "2004",
    "period": "Q4",
    "revenue": 163046000,
    "costOfRevenue": 0,
    "grossProfit": 163046000,
    "grossProfitRatio": 1,
    "researchAndDevelopmentExpenses": 0,
    "generalAndAdministrativeExpenses": 82221000,
    "sellingAndMarketingExpenses": 0,
    "sellingGeneralAndAdministrativeExpenses": 82221000,
    "otherExpenses": 30564000,
    "operatingExpenses": 112785000,
    "costAndExpenses": 112785000,
    "interestIncome": 0,
    "interestExpense": 0,
    "depreciationAndAmortization": 8318000,
    "ebitda": 58579000,
    "ebitdaratio": 0.3592789765,
    "operatingIncome": 50261000,
    "operatingIncomeRatio": 0.3082626989,
    "totalOtherIncomeExpensesNet": -3457000,
    "incomeBeforeTax": 46804000,
    "incomeBeforeTaxRatio": 0.2870600935,
    "incomeTaxExpense": 16548000,
    "netIncome": 30256000,
    "netIncomeRatio": 0.1855672632,
    "eps": 0.11,
    "epsdiluted": 0.11,
    "weightedAverageShsOut": 275836000,
    "weightedAverageShsOutDil": 278064000,
    "link": "https://www.sec.gov/Archives/edgar/data/79282/000114544305000591/0001145443-05-000591-index.htm",
    "finalLink": "https://www.sec.gov/Archives/edgar/data/79282/000114544305000591/d16578_10k.htm"
  },
  {
    "date": "2004-09-30",
    "symbol": "BRO",
    "reportedCurrency": "USD",
    "cik": "0000079282",
    "fillingDate": "2004-11-09",
    "acceptedDate": "2004-11-09 17:26:35",
    "calendarYear": "2004",
    "period": "Q3",
    "revenue": 160381000,
    "costOfRevenue": 0,
    "grossProfit": 160381000,
    "grossProfitRatio": 1,
    "researchAndDevelopmentExpenses": 0,
    "generalAndAdministrativeExpenses": 79449000,
    "sellingAndMarketingExpenses": 0,
    "sellingGeneralAndAdministrativeExpenses": 79823000,
    "otherExpenses": 30057000,
    "operatingExpenses": 109880000,
    "costAndExpenses": 109880000,
    "interestIncome": 0,
    "interestExpense": 2245000,
    "depreciationAndAmortization": 8015000,
    "ebitda": 58516000,
    "ebitdaratio": 0.3648561862,
    "operatingIncome": 50501000,
    "operatingIncomeRatio": 0.3148814386,
    "totalOtherIncomeExpensesNet": -2245000,
    "incomeBeforeTax": 48256000,
    "incomeBeforeTaxRatio": 0.3008835211,
    "incomeTaxExpense": 18170000,
    "netIncome": 30086000,
    "netIncomeRatio": 0.1875907994,
    "eps": 0.11,
    "epsdiluted": 0.11,
    "weightedAverageShsOut": 276036000,
    "weightedAverageShsOutDil": 278352000,
    "link": "https://www.sec.gov/Archives/edgar/data/79282/000119312504191536/0001193125-04-191536-index.htm",
    "finalLink": "https://www.sec.gov/Archives/edgar/data/79282/000119312504191536/d10q.htm"
  },
  {
    "date": "2004-06-30",
    "symbol": "BRO",
    "reportedCurrency": "USD",
    "cik": "0000079282",
    "fillingDate": "2004-08-09",
    "acceptedDate": "2004-08-09 15:43:17",
    "calendarYear": "2004",
    "period": "Q2",
    "revenue": 157942000,
    "costOfRevenue": 0,
    "grossProfit": 157942000,
    "grossProfitRatio": 1,
    "researchAndDevelopmentExpenses": 0,
    "generalAndAdministrativeExpenses": 76270000,
    "sellingAndMarketingExpenses": 0,
    "sellingGeneralAndAdministrativeExpenses": 76935000,
    "otherExpenses": 27735000,
    "operatingExpenses": 104670000,
    "costAndExpenses": 104670000,
    "interestIncome": 0,
    "interestExpense": 743000,
    "depreciationAndAmortization": 7752000,
    "ebitda": 61024000,
    "ebitdaratio": 0.38636968,
    "operatingIncome": 53272000,
    "operatingIncomeRatio": 0.3372883717,
    "totalOtherIncomeExpensesNet": -743000,
    "incomeBeforeTax": 52529000,
    "incomeBeforeTaxRatio": 0.3325841132,
    "incomeTaxExpense": 20376000,
    "netIncome": 32153000,
    "netIncomeRatio": 0.20357473,
    "eps": 0.12,
    "epsdiluted": 0.12,
    "weightedAverageShsOut": 275160000,
    "weightedAverageShsOutDil": 277480000,
    "link": "https://www.sec.gov/Archives/edgar/data/79282/000119312504135831/0001193125-04-135831-index.htm",
    "finalLink": "https://www.sec.gov/Archives/edgar/data/79282/000119312504135831/d10q.htm"
  },
  {
    "date": "2004-03-31",
    "symbol": "BRO",
    "reportedCurrency": "USD",
    "cik": "0000079282",
    "fillingDate": "2004-05-10",
    "acceptedDate": "2004-05-10 17:29:48",
    "calendarYear": "2004",
    "period": "Q1",
    "revenue": 165565000,
    "costOfRevenue": 0,
    "grossProfit": 165565000,
    "grossProfitRatio": 1,
    "researchAndDevelopmentExpenses": 0,
    "generalAndAdministrativeExpenses": 76282000,
    "sellingAndMarketingExpenses": 0,
    "sellingGeneralAndAdministrativeExpenses": 77127000,
    "otherExpenses": 28367000,
    "operatingExpenses": 105494000,
    "costAndExpenses": 105494000,
    "interestIncome": 0,
    "interestExpense": 711000,
    "depreciationAndAmortization": 6971000,
    "ebitda": 67042000,
    "ebitdaratio": 0.4049285779,
    "operatingIncome": 60071000,
    "operatingIncomeRatio": 0.3628242684,
    "totalOtherIncomeExpensesNet": -711000,
    "incomeBeforeTax": 59360000,
    "incomeBeforeTaxRatio": 0.3585298825,
    "incomeTaxExpense": 23012000,
    "netIncome": 36348000,
    "netIncomeRatio": 0.2195391538,
    "eps": 0.13,
    "epsdiluted": 0.13,
    "weightedAverageShsOut": 274724000,
    "weightedAverageShsOutDil": 276828000,
    "link": "https://www.sec.gov/Archives/edgar/data/79282/000114544304000826/0001145443-04-000826-index.htm",
    "finalLink": "https://www.sec.gov/Archives/edgar/data/79282/000114544304000826/d14684.htm"
  },
  {
    "date": "2003-12-31",
    "symbol": "BRO",
    "reportedCurrency": "USD",
    "cik": "0000079282",
    "fillingDate": "2004-03-15",
    "acceptedDate": "2004-03-15 16:18:42",
    "calendarYear": "2003",
    "period": "Q4",
    "revenue": 134901000,
    "costOfRevenue": 0,
    "grossProfit": 134901000,
    "grossProfitRatio": 1,
    "researchAndDevelopmentExpenses": 0,
    "generalAndAdministrativeExpenses": 67157000,
    "sellingAndMarketingExpenses": 0,
    "sellingGeneralAndAdministrativeExpenses": 67157000,
    "otherExpenses": 25599000,
    "operatingExpenses": 92756000,
    "costAndExpenses": 92756000,
    "interestIncome": 0,
    "interestExpense": 0,
    "depreciationAndAmortization": 6648000,
    "ebitda": 48793000,
    "ebitdaratio": 0.3616948725,
    "operatingIncome": 42145000,
    "operatingIncomeRatio": 0.312414289,
    "totalOtherIncomeExpensesNet": -813000,
    "incomeBeforeTax": 41332000,
    "incomeBeforeTaxRatio": 0.3063876472,
    "incomeTaxExpense": 15531000,
    "netIncome": 25801000,
    "netIncomeRatio": 0.191258775,
    "eps": 0.0944,
    "epsdiluted": 0.0936,
    "weightedAverageShsOut": 273308000,
    "weightedAverageShsOutDil": 275588000,
    "link": "https://www.sec.gov/Archives/edgar/data/79282/000114544304000325/0001145443-04-000325-index.htm",
    "finalLink": "https://www.sec.gov/Archives/edgar/data/79282/000114544304000325/d14156-10k.htm"
  },
  {
    "date": "2003-09-30",
    "symbol": "BRO",
    "reportedCurrency": "USD",
    "cik": "0000079282",
    "fillingDate": "2003-11-13",
    "acceptedDate": "2003-11-13 17:29:45",
    "calendarYear": "2003",
    "period": "Q3",
    "revenue": 133545000,
    "costOfRevenue": 0,
    "grossProfit": 133545000,
    "grossProfitRatio": 1,
    "researchAndDevelopmentExpenses": 0,
    "generalAndAdministrativeExpenses": 66882000,
    "sellingAndMarketingExpenses": 0,
    "sellingGeneralAndAdministrativeExpenses": 66882000,
    "otherExpenses": 24179000,
    "operatingExpenses": 91061000,
    "costAndExpenses": 91061000,
    "interestIncome": 0,
    "interestExpense": 0,
    "depreciationAndAmortization": 6326000,
    "ebitda": 48810000,
    "ebitdaratio": 0.365494777,
    "operatingIncome": 42484000,
    "operatingIncomeRatio": 0.3181249766,
    "totalOtherIncomeExpensesNet": -858000,
    "incomeBeforeTax": 41626000,
    "incomeBeforeTaxRatio": 0.311700176,
    "incomeTaxExpense": 15575000,
    "netIncome": 26051000,
    "netIncomeRatio": 0.1950728219,
    "eps": 0.095,
    "epsdiluted": 0.095,
    "weightedAverageShsOut": 274128000,
    "weightedAverageShsOutDil": 275980000,
    "link": "https://www.sec.gov/Archives/edgar/data/79282/000119312503080378/0001193125-03-080378-index.htm",
    "finalLink": "https://www.sec.gov/Archives/edgar/data/79282/000119312503080378/d10q.htm"
  },
  {
    "date": "2003-06-30",
    "symbol": "BRO",
    "reportedCurrency": "USD",
    "cik": "0000079282",
    "fillingDate": "2003-08-13",
    "acceptedDate": "2003-08-13 17:16:45",
    "calendarYear": "2003",
    "period": "Q2",
    "revenue": 137858000,
    "costOfRevenue": 0,
    "grossProfit": 137858000,
    "grossProfitRatio": 1,
    "researchAndDevelopmentExpenses": 0,
    "generalAndAdministrativeExpenses": 66092000,
    "sellingAndMarketingExpenses": 0,
    "sellingGeneralAndAdministrativeExpenses": 66092000,
    "otherExpenses": 26296000,
    "operatingExpenses": 92388000,
    "costAndExpenses": 92388000,
    "interestIncome": 0,
    "interestExpense": 0,
    "depreciationAndAmortization": 6435000,
    "ebitda": 51905000,
    "ebitdaratio": 0.3765106124,
    "operatingIncome": 45470000,
    "operatingIncomeRatio": 0.3298321461,
    "totalOtherIncomeExpensesNet": -946000,
    "incomeBeforeTax": 44524000,
    "incomeBeforeTaxRatio": 0.3229700126,
    "incomeTaxExpense": 16589000,
    "netIncome": 27935000,
    "netIncomeRatio": 0.2026360458,
    "eps": 0.1,
    "epsdiluted": 0.1,
    "weightedAverageShsOut": 273080000,
    "weightedAverageShsOutDil": 275772000,
    "link": "https://www.sec.gov/Archives/edgar/data/79282/000007928203000046/0000079282-03-000046-index.htm",
    "finalLink": "https://www.sec.gov/Archives/edgar/data/79282/000007928203000046/q.htm"
  },
  {
    "date": "2003-03-31",
    "symbol": "BRO",
    "reportedCurrency": "USD",
    "cik": "0000079282",
    "fillingDate": "2003-05-15",
    "acceptedDate": "2003-05-15 16:31:49",
    "calendarYear": "2003",
    "period": "Q1",
    "revenue": 144736000,
    "costOfRevenue": 0,
    "grossProfit": 144736000,
    "grossProfitRatio": 1,
    "researchAndDevelopmentExpenses": 0,
    "generalAndAdministrativeExpenses": 68241000,
    "sellingAndMarketingExpenses": 0,
    "sellingGeneralAndAdministrativeExpenses": 68241000,
    "otherExpenses": 26487000,
    "operatingExpenses": 94728000,
    "costAndExpenses": 94728000,
    "interestIncome": 0,
    "interestExpense": 0,
    "depreciationAndAmortization": 6264000,
    "ebitda": 56272000,
    "ebitdaratio": 0.3887906257,
    "operatingIncome": 50008000,
    "operatingIncomeRatio": 0.3455118284,
    "totalOtherIncomeExpensesNet": -1007000,
    "incomeBeforeTax": 49001000,
    "incomeBeforeTaxRatio": 0.3385543334,
    "incomeTaxExpense": 18465000,
    "netIncome": 30536000,
    "netIncomeRatio": 0.2109772275,
    "eps": 0.11,
    "epsdiluted": 0.11,
    "weightedAverageShsOut": 272692000,
    "weightedAverageShsOutDil": 275724000,
    "link": "https://www.sec.gov/Archives/edgar/data/79282/000007928203000031/0000079282-03-000031-index.htm",
    "finalLink": "https://www.sec.gov/Archives/edgar/data/79282/000007928203000031/q1.htm"
  },
  {
    "date": "2002-12-31",
    "symbol": "BRO",
    "reportedCurrency": "USD",
    "cik": "0000079282",
    "fillingDate": "2003-03-24",
    "acceptedDate": "2003-03-24 17:24:16",
    "calendarYear": "2002",
    "period": "Q4",
    "revenue": 119147000,
    "costOfRevenue": 0,
    "grossProfit": 119147000,
    "grossProfitRatio": 1,
    "researchAndDevelopmentExpenses": 0,
    "generalAndAdministrativeExpenses": 60224000,
    "sellingAndMarketingExpenses": 0,
    "sellingGeneralAndAdministrativeExpenses": 60224000,
    "otherExpenses": 25953000,
    "operatingExpenses": 86177000,
    "costAndExpenses": 86177000,
    "interestIncome": 0,
    "interestExpense": 0,
    "depreciationAndAmortization": 5774000,
    "ebitda": 38744000,
    "ebitdaratio": 0.3251781413,
    "operatingIncome": 32970000,
    "operatingIncomeRatio": 0.2767169967,
    "totalOtherIncomeExpensesNet": -1103000,
    "incomeBeforeTax": 31867000,
    "incomeBeforeTaxRatio": 0.2674595248,
    "incomeTaxExpense": 9721000,
    "netIncome": 21381000,
    "netIncomeRatio": 0.1794505946,
    "eps": 0.0794,
    "epsdiluted": 0.0786,
    "weightedAverageShsOut": 269132000,
    "weightedAverageShsOutDil": 272172000,
    "link": "https://www.sec.gov/Archives/edgar/data/79282/000007928203000021/0000079282-03-000021-index.htm",
    "finalLink": "https://www.sec.gov/Archives/edgar/data/79282/000007928203000021/edgar.htm"
  },
  {
    "date": "2002-09-30",
    "symbol": "BRO",
    "reportedCurrency": "USD",
    "cik": "0000079282",
    "fillingDate": "2002-11-14",
    "acceptedDate": "2002-11-14 16:34:45",
    "calendarYear": "2002",
    "period": "Q3",
    "revenue": 110657000,
    "costOfRevenue": 0,
    "grossProfit": 110657000,
    "grossProfitRatio": 1,
    "researchAndDevelopmentExpenses": 0,
    "generalAndAdministrativeExpenses": 53527000,
    "sellingAndMarketingExpenses": 0,
    "sellingGeneralAndAdministrativeExpenses": 53527000,
    "otherExpenses": 22572000,
    "operatingExpenses": 76099000,
    "costAndExpenses": 76099000,
    "interestIncome": 0,
    "interestExpense": 0,
    "depreciationAndAmortization": 5294000,
    "ebitda": 39852000,
    "ebitdaratio": 0.3601398917,
    "operatingIncome": 34558000,
    "operatingIncomeRatio": 0.3122983634,
    "totalOtherIncomeExpensesNet": -1162000,
    "incomeBeforeTax": 33396000,
    "incomeBeforeTaxRatio": 0.3017974462,
    "incomeTaxExpense": 12830000,
    "netIncome": 20178000,
    "netIncomeRatio": 0.1823472532,
    "eps": 0.075,
    "epsdiluted": 0.0725,
    "weightedAverageShsOut": 273064000,
    "weightedAverageShsOutDil": 275976000,
    "link": "https://www.sec.gov/Archives/edgar/data/79282/000007928202000033/0000079282-02-000033-index.htm",
    "finalLink": "https://www.sec.gov/Archives/edgar/data/79282/000007928202000033/q1.htm"
  },
  {
    "date": "2002-06-30",
    "symbol": "BRO",
    "reportedCurrency": "USD",
    "cik": "0000079282",
    "fillingDate": "2002-08-13",
    "acceptedDate": "2002-08-13 16:33:23",
    "calendarYear": "2002",
    "period": "Q2",
    "revenue": 114903000,
    "costOfRevenue": 0,
    "grossProfit": 114903000,
    "grossProfitRatio": 1,
    "researchAndDevelopmentExpenses": 0,
    "generalAndAdministrativeExpenses": 55604000,
    "sellingAndMarketingExpenses": 0,
    "sellingGeneralAndAdministrativeExpenses": 55604000,
    "otherExpenses": 22451000,
    "operatingExpenses": 78055000,
    "costAndExpenses": 78055000,
    "interestIncome": 0,
    "interestExpense": 0,
    "depreciationAndAmortization": 5235000,
    "ebitda": 42083000,
    "ebitdaratio": 0.3662480527,
    "operatingIncome": 36848000,
    "operatingIncomeRatio": 0.3206878846,
    "totalOtherIncomeExpensesNet": -1158000,
    "incomeBeforeTax": 35690000,
    "incomeBeforeTaxRatio": 0.3106098187,
    "incomeTaxExpense": 13741000,
    "netIncome": 21401000,
    "netIncomeRatio": 0.1862527523,
    "eps": 0.0781,
    "epsdiluted": 0.0775,
    "weightedAverageShsOut": 273308000,
    "weightedAverageShsOutDil": 276924000,
    "link": "https://www.sec.gov/Archives/edgar/data/79282/000007928202000021/0000079282-02-000021-index.htm",
    "finalLink": "https://www.sec.gov/Archives/edgar/data/79282/000007928202000021/q202.htm"
  },
  {
    "date": "2002-03-31",
    "symbol": "BRO",
    "reportedCurrency": "USD",
    "cik": "0000079282",
    "fillingDate": "2002-05-15",
    "acceptedDate": "2002-05-15 13:49:18",
    "calendarYear": "2002",
    "period": "Q1",
    "revenue": 111035000,
    "costOfRevenue": 0,
    "grossProfit": 111035000,
    "grossProfitRatio": 1,
    "researchAndDevelopmentExpenses": 0,
    "generalAndAdministrativeExpenses": 55400000,
    "sellingAndMarketingExpenses": 0,
    "sellingGeneralAndAdministrativeExpenses": 55400000,
    "otherExpenses": 20688000,
    "operatingExpenses": 76088000,
    "costAndExpenses": 76088000,
    "interestIncome": 0,
    "interestExpense": 0,
    "depreciationAndAmortization": 4984000,
    "ebitda": 39931000,
    "ebitdaratio": 0.3596253434,
    "operatingIncome": 34947000,
    "operatingIncomeRatio": 0.3147385959,
    "totalOtherIncomeExpensesNet": -1236000,
    "incomeBeforeTax": 33711000,
    "incomeBeforeTaxRatio": 0.3036069708,
    "incomeTaxExpense": -634000,
    "netIncome": 20162000,
    "netIncomeRatio": 0.1815823839,
    "eps": 0.0781,
    "epsdiluted": 0.0775,
    "weightedAverageShsOut": 257200000,
    "weightedAverageShsOutDil": 260632000,
    "link": "https://www.sec.gov/Archives/edgar/data/79282/000007928202000006/0000079282-02-000006-index.htm",
    "finalLink": "https://www.sec.gov/Archives/edgar/data/79282/000007928202000006/q102.htm"
  },
  {
    "date": "2001-12-31",
    "symbol": "BRO",
    "reportedCurrency": "USD",
    "cik": "0000079282",
    "fillingDate": "2002-02-15",
    "acceptedDate": "2002-02-15 00:00:00",
    "calendarYear": "2001",
    "period": "Q4",
    "revenue": 109695000,
    "costOfRevenue": 0,
    "grossProfit": 109695000,
    "grossProfitRatio": 1,
    "researchAndDevelopmentExpenses": 0,
    "generalAndAdministrativeExpenses": 54274000,
    "sellingAndMarketingExpenses": 0,
    "sellingGeneralAndAdministrativeExpenses": 54274000,
    "otherExpenses": 26366000,
    "operatingExpenses": 80640000,
    "costAndExpenses": 80640000,
    "interestIncome": 0,
    "interestExpense": 0,
    "depreciationAndAmortization": 6187000,
    "ebitda": 35242000,
    "ebitdaratio": 0.3212726195,
    "operatingIncome": 29055000,
    "operatingIncomeRatio": 0.2648707781,
    "totalOtherIncomeExpensesNet": -1090000,
    "incomeBeforeTax": 27965000,
    "incomeBeforeTaxRatio": 0.2549341356,
    "incomeTaxExpense": 10756000,
    "netIncome": 15478000,
    "netIncomeRatio": 0.1411003236,
    "eps": 0.0618,
    "epsdiluted": 0.0612,
    "weightedAverageShsOut": 250252000,
    "weightedAverageShsOutDil": 252888000,
    "link": "https://www.sec.gov/Archives/edgar/data/79282/000095014402001571/0000950144-02-001571-index.htm",
    "finalLink": "https://www.sec.gov/Archives/edgar/data/79282/000095014402001571/g74139e10-k.txt"
  },
  {
    "date": "2001-09-30",
    "symbol": "BRO",
    "reportedCurrency": "USD",
    "cik": "0000079282",
    "fillingDate": "2001-11-14",
    "acceptedDate": "2001-11-14 00:00:00",
    "calendarYear": "2001",
    "period": "Q3",
    "revenue": 89809000,
    "costOfRevenue": 0,
    "grossProfit": 89809000,
    "grossProfitRatio": 1,
    "researchAndDevelopmentExpenses": 0,
    "generalAndAdministrativeExpenses": 44659000,
    "sellingAndMarketingExpenses": 0,
    "sellingGeneralAndAdministrativeExpenses": 47011000,
    "otherExpenses": -66491000,
    "operatingExpenses": -19480000,
    "costAndExpenses": -19480000,
    "interestIncome": 0,
    "interestExpense": 0,
    "depreciationAndAmortization": 5761000,
    "ebitda": 115050000,
    "ebitdaratio": 1.2810520104,
    "operatingIncome": 109289000,
    "operatingIncomeRatio": 1.2169047646,
    "totalOtherIncomeExpensesNet": -87980000,
    "incomeBeforeTax": 21309000,
    "incomeBeforeTaxRatio": 0.2372702068,
    "incomeTaxExpense": 7907000,
    "netIncome": 13402000,
    "netIncomeRatio": 0.1492278057,
    "eps": 0.0263,
    "epsdiluted": 0.0263,
    "weightedAverageShsOut": 500600000,
    "weightedAverageShsOutDil": 505944000,
    "link": "https://www.sec.gov/Archives/edgar/data/79282/000007928201500083/0000079282-01-500083-index.htm",
    "finalLink": "https://www.sec.gov/Archives/edgar/data/79282/000007928201500083/q3rd01.htm"
  },
  {
    "date": "2001-06-30",
    "symbol": "BRO",
    "reportedCurrency": "USD",
    "cik": "0000079282",
    "fillingDate": "2001-08-08",
    "acceptedDate": "2001-08-08 00:00:00",
    "calendarYear": "2001",
    "period": "Q2",
    "revenue": 89933000,
    "costOfRevenue": 0,
    "grossProfit": 89933000,
    "grossProfitRatio": 1,
    "researchAndDevelopmentExpenses": 0,
    "generalAndAdministrativeExpenses": 40844000,
    "sellingAndMarketingExpenses": 0,
    "sellingGeneralAndAdministrativeExpenses": 46705000,
    "otherExpenses": -67323000,
    "operatingExpenses": -20618000,
    "costAndExpenses": -20618000,
    "interestIncome": 0,
    "interestExpense": 0,
    "depreciationAndAmortization": 5921000,
    "ebitda": 116472000,
    "ebitdaratio": 1.2950974614,
    "operatingIncome": 110551000,
    "operatingIncomeRatio": 1.2292595599,
    "totalOtherIncomeExpensesNet": -89702000,
    "incomeBeforeTax": 20849000,
    "incomeBeforeTaxRatio": 0.2318281387,
    "incomeTaxExpense": 8429000,
    "netIncome": 12420000,
    "netIncomeRatio": 0.1381028099,
    "eps": 0.025,
    "epsdiluted": 0.025,
    "weightedAverageShsOut": 498784000,
    "weightedAverageShsOutDil": 504336000,
    "link": "https://www.sec.gov/Archives/edgar/data/79282/000007928201500066/0000079282-01-500066-index.htm",
    "finalLink": "https://www.sec.gov/Archives/edgar/data/79282/000007928201500066/q2nd01.htm"
  },
  {
    "date": "2001-03-31",
    "symbol": "BRO",
    "reportedCurrency": "USD",
    "cik": "0000079282",
    "fillingDate": "2001-05-15",
    "acceptedDate": "2001-05-15 00:00:00",
    "calendarYear": "2001",
    "period": "Q1",
    "revenue": 89410000,
    "costOfRevenue": 0,
    "grossProfit": 89410000,
    "grossProfitRatio": 1,
    "researchAndDevelopmentExpenses": 0,
    "generalAndAdministrativeExpenses": 39544000,
    "sellingAndMarketingExpenses": 0,
    "sellingGeneralAndAdministrativeExpenses": 46885000,
    "otherExpenses": -65908000,
    "operatingExpenses": -19023000,
    "costAndExpenses": -19023000,
    "interestIncome": 0,
    "interestExpense": 0,
    "depreciationAndAmortization": 5106000,
    "ebitda": 113539000,
    "ebitdaratio": 1.2698691422,
    "operatingIncome": 108433000,
    "operatingIncomeRatio": 1.2127614361,
    "totalOtherIncomeExpensesNet": -87090000,
    "incomeBeforeTax": 21343000,
    "incomeBeforeTaxRatio": 0.2387093166,
    "incomeTaxExpense": 8467000,
    "netIncome": 12876000,
    "netIncomeRatio": 0.1440107371,
    "eps": 0.0263,
    "epsdiluted": 0.025,
    "weightedAverageShsOut": 498120000,
    "weightedAverageShsOutDil": 502712000,
    "link": "https://www.sec.gov/Archives/edgar/data/79282/000007928201500033/0000079282-01-500033-index.htm",
    "finalLink": "https://www.sec.gov/Archives/edgar/data/79282/000007928201500033/qfinal.htm"
  },
  {
    "date": "2000-12-31",
    "symbol": "BRO",
    "reportedCurrency": "USD",
    "cik": "0000079282",
    "fillingDate": "2001-03-14",
    "acceptedDate": "2001-03-14 00:00:00",
    "calendarYear": "2000",
    "period": "Q4",
    "revenue": 59414000,
    "costOfRevenue": 0,
    "grossProfit": 59414000,
    "grossProfitRatio": 1,
    "researchAndDevelopmentExpenses": 0,
    "generalAndAdministrativeExpenses": 31176000,
    "sellingAndMarketingExpenses": 0,
    "sellingGeneralAndAdministrativeExpenses": 31176000,
    "otherExpenses": 13369000,
    "operatingExpenses": 44545000,
    "costAndExpenses": 44545000,
    "interestIncome": 0,
    "interestExpense": 0,
    "depreciationAndAmortization": 3357000,
    "ebitda": 18226000,
    "ebitdaratio": 0.3067627159,
    "operatingIncome": 14869000,
    "operatingIncomeRatio": 0.2502608813,
    "totalOtherIncomeExpensesNet": -167000,
    "incomeBeforeTax": 14702000,
    "incomeBeforeTaxRatio": 0.2474500959,
    "incomeTaxExpense": 5415000,
    "netIncome": 9287000,
    "netIncomeRatio": 0.1563099606,
    "eps": 0.0189,
    "epsdiluted": 0.0188,
    "weightedAverageShsOut": 492296000,
    "weightedAverageShsOutDil": 494608000,
    "link": "https://www.sec.gov/Archives/edgar/data/79282/000007928201500008/0000079282-01-500008-index.htm",
    "finalLink": "https://www.sec.gov/Archives/edgar/data/79282/000007928201500008/k2000.htm"
  },
  {
    "date": "2000-09-30",
    "symbol": "BRO",
    "reportedCurrency": "USD",
    "cik": "0000079282",
    "fillingDate": "2000-11-13",
    "acceptedDate": "2000-11-13 00:00:00",
    "calendarYear": "2000",
    "period": "Q3",
    "revenue": 60900000,
    "costOfRevenue": 0,
    "grossProfit": 60900000,
    "grossProfitRatio": 1,
    "researchAndDevelopmentExpenses": 0,
    "generalAndAdministrativeExpenses": 25539000,
    "sellingAndMarketingExpenses": 0,
    "sellingGeneralAndAdministrativeExpenses": 33206000,
    "otherExpenses": -46514000,
    "operatingExpenses": -13308000,
    "costAndExpenses": -13308000,
    "interestIncome": 0,
    "interestExpense": 0,
    "depreciationAndAmortization": 3933000,
    "ebitda": 78141000,
    "ebitdaratio": 1.2831034483,
    "operatingIncome": 74208000,
    "operatingIncomeRatio": 1.2185221675,
    "totalOtherIncomeExpensesNet": -60008000,
    "incomeBeforeTax": 14200000,
    "incomeBeforeTaxRatio": 0.2331691297,
    "incomeTaxExpense": 5370000,
    "netIncome": 8830000,
    "netIncomeRatio": 0.1449917898,
    "eps": 0.0188,
    "epsdiluted": 0.0188,
    "weightedAverageShsOut": 486472000,
    "weightedAverageShsOutDil": 486504000,
    "link": "https://www.sec.gov/Archives/edgar/data/79282/000007928200000021/0000079282-00-000021-index.htm",
    "finalLink": "https://www.sec.gov/Archives/edgar/data/79282/000007928200000021/0000079282-00-000021-0001.txt"
  },
  {
    "date": "2000-06-30",
    "symbol": "BRO",
    "reportedCurrency": "USD",
    "cik": "0000079282",
    "fillingDate": "2000-08-14",
    "acceptedDate": "2000-08-14 00:00:00",
    "calendarYear": "2000",
    "period": "Q2",
    "revenue": 55816000,
    "costOfRevenue": 0,
    "grossProfit": 55816000,
    "grossProfitRatio": 1,
    "researchAndDevelopmentExpenses": 0,
    "generalAndAdministrativeExpenses": 25710000,
    "sellingAndMarketingExpenses": 0,
    "sellingGeneralAndAdministrativeExpenses": 30619000,
    "otherExpenses": -43518000,
    "operatingExpenses": -12899000,
    "costAndExpenses": -12899000,
    "interestIncome": 0,
    "interestExpense": 0,
    "depreciationAndAmortization": 3557000,
    "ebitda": 72272000,
    "ebitdaratio": 1.2948258564,
    "operatingIncome": 68715000,
    "operatingIncomeRatio": 1.2310986097,
    "totalOtherIncomeExpensesNet": -56617000,
    "incomeBeforeTax": 12098000,
    "incomeBeforeTaxRatio": 0.2167478859,
    "incomeTaxExpense": 4599000,
    "netIncome": 7499000,
    "netIncomeRatio": 0.1343521571,
    "eps": 0.0163,
    "epsdiluted": 0.0156,
    "weightedAverageShsOut": 470128000,
    "weightedAverageShsOutDil": 470624000,
    "link": "https://www.sec.gov/Archives/edgar/data/79282/000007928200000016/0000079282-00-000016-index.htm",
    "finalLink": "https://www.sec.gov/Archives/edgar/data/79282/000007928200000016/0000079282-00-000016-0001.txt"
  },
  {
    "date": "2000-03-31",
    "symbol": "BRO",
    "reportedCurrency": "USD",
    "cik": "0000079282",
    "fillingDate": "2000-05-15",
    "acceptedDate": "2000-05-15 00:00:00",
    "calendarYear": "2000",
    "period": "Q1",
    "revenue": 56212000,
    "costOfRevenue": 0,
    "grossProfit": 56212000,
    "grossProfitRatio": 1,
    "researchAndDevelopmentExpenses": 0,
    "generalAndAdministrativeExpenses": 24894000,
    "sellingAndMarketingExpenses": 0,
    "sellingGeneralAndAdministrativeExpenses": 28753000,
    "otherExpenses": -41199000,
    "operatingExpenses": -12446000,
    "costAndExpenses": -12446000,
    "interestIncome": 0,
    "interestExpense": 0,
    "depreciationAndAmortization": 3409000,
    "ebitda": 72067000,
    "ebitdaratio": 1.282057212,
    "operatingIncome": 68658000,
    "operatingIncomeRatio": 1.2214117982,
    "totalOtherIncomeExpensesNet": -53861000,
    "incomeBeforeTax": 14797000,
    "incomeBeforeTaxRatio": 0.2632356081,
    "incomeTaxExpense": 5754000,
    "netIncome": 9043000,
    "netIncomeRatio": 0.1608731232,
    "eps": 0.0194,
    "epsdiluted": 0.0194,
    "weightedAverageShsOut": 460032000,
    "weightedAverageShsOutDil": 460240000,
    "link": "https://www.sec.gov/Archives/edgar/data/79282/000007928200000008/0000079282-00-000008-index.html",
    "finalLink": "https://www.sec.gov/Archives/edgar/data/79282/000007928200000008/"
  },
  {
    "date": "1999-12-31",
    "symbol": "BRO",
    "reportedCurrency": "USD",
    "cik": "0000079282",
    "fillingDate": "2000-03-15",
    "acceptedDate": "2000-03-15 00:00:00",
    "calendarYear": "1999",
    "period": "Q4",
    "revenue": 45309000,
    "costOfRevenue": 0,
    "grossProfit": 45309000,
    "grossProfitRatio": 1,
    "researchAndDevelopmentExpenses": 0,
    "generalAndAdministrativeExpenses": 22987000,
    "sellingAndMarketingExpenses": 0,
    "sellingGeneralAndAdministrativeExpenses": 22987000,
    "otherExpenses": 138907000,
    "operatingExpenses": 161894000,
    "costAndExpenses": 161894000,
    "interestIncome": 0,
    "interestExpense": 0,
    "depreciationAndAmortization": 3206000,
    "ebitda": -113379000,
    "ebitdaratio": -2.5023505264,
    "operatingIncome": -116585000,
    "operatingIncomeRatio": -2.5731090953,
    "totalOtherIncomeExpensesNet": 127905000,
    "incomeBeforeTax": 11320000,
    "incomeBeforeTaxRatio": 0.2498399876,
    "incomeTaxExpense": 4160000,
    "netIncome": 7160000,
    "netIncomeRatio": 0.1580259992,
    "eps": 0.0212,
    "epsdiluted": 0.0211,
    "weightedAverageShsOut": 336976000,
    "weightedAverageShsOutDil": 338968000,
    "link": "https://www.sec.gov/Archives/edgar/data/79282/000007928200000005/0000079282-00-000005-index.html",
    "finalLink": "https://www.sec.gov/Archives/edgar/data/79282/000007928200000005/"
  },
  {
    "date": "1999-09-30",
    "symbol": "BRO",
    "reportedCurrency": "USD",
    "cik": "0000079282",
    "fillingDate": "1999-11-09",
    "acceptedDate": "1999-11-09 00:00:00",
    "calendarYear": "1999",
    "period": "Q3",
    "revenue": 45180000,
    "costOfRevenue": 0,
    "grossProfit": 45180000,
    "grossProfitRatio": 1,
    "researchAndDevelopmentExpenses": 0,
    "generalAndAdministrativeExpenses": 22057000,
    "sellingAndMarketingExpenses": 1233000,
    "sellingGeneralAndAdministrativeExpenses": 23290000,
    "otherExpenses": -33865000,
    "operatingExpenses": -10575000,
    "costAndExpenses": -10575000,
    "interestIncome": 0,
    "interestExpense": 0,
    "depreciationAndAmortization": 3109000,
    "ebitda": 58864000,
    "ebitdaratio": 1.3028773794,
    "operatingIncome": 55755000,
    "operatingIncomeRatio": 1.234063745,
    "totalOtherIncomeExpensesNet": -44610000,
    "incomeBeforeTax": 11145000,
    "incomeBeforeTaxRatio": 0.2466799469,
    "incomeTaxExpense": 4313000,
    "netIncome": 6832000,
    "netIncomeRatio": 0.1512173528,
    "eps": 0.0199,
    "epsdiluted": 0.0408,
    "weightedAverageShsOut": 336976000,
    "weightedAverageShsOutDil": 217696000,
    "link": "https://www.sec.gov/Archives/edgar/data/79282/000007928299000025/0000079282-99-000025-index.html",
    "finalLink": "https://www.sec.gov/Archives/edgar/data/79282/000007928299000025/"
  },
  {
    "date": "1999-06-30",
    "symbol": "BRO",
    "reportedCurrency": "USD",
    "cik": "0000079282",
    "fillingDate": "1999-08-09",
    "acceptedDate": "1999-08-09 00:00:00",
    "calendarYear": "1999",
    "period": "Q2",
    "revenue": 44749000,
    "costOfRevenue": 0,
    "grossProfit": 44749000,
    "grossProfitRatio": 1,
    "researchAndDevelopmentExpenses": 0,
    "generalAndAdministrativeExpenses": 22242000,
    "sellingAndMarketingExpenses": 1605000,
    "sellingGeneralAndAdministrativeExpenses": 23847000,
    "otherExpenses": -35340000,
    "operatingExpenses": -11493000,
    "costAndExpenses": -11493000,
    "interestIncome": 0,
    "interestExpense": 0,
    "depreciationAndAmortization": 2863000,
    "ebitda": 59105000,
    "ebitdaratio": 1.3208116382,
    "operatingIncome": 56242000,
    "operatingIncomeRatio": 1.2568325549,
    "totalOtherIncomeExpensesNet": -47028000,
    "incomeBeforeTax": 9214000,
    "incomeBeforeTaxRatio": 0.2059040425,
    "incomeTaxExpense": 3658000,
    "netIncome": 5556000,
    "netIncomeRatio": 0.1241591991,
    "eps": 0.0165,
    "epsdiluted": 0.025,
    "weightedAverageShsOut": 336976000,
    "weightedAverageShsOutDil": 215664000,
    "link": "https://www.sec.gov/Archives/edgar/data/79282/000007928299000022/0000079282-99-000022-index.html",
    "finalLink": "https://www.sec.gov/Archives/edgar/data/79282/000007928299000022/"
  },
  {
    "date": "1999-03-31",
    "symbol": "BRO",
    "reportedCurrency": "USD",
    "cik": "0000079282",
    "fillingDate": "1999-05-13",
    "acceptedDate": "1999-05-13 00:00:00",
    "calendarYear": "1999",
    "period": "Q1",
    "revenue": 45534000,
    "costOfRevenue": 0,
    "grossProfit": 45534000,
    "grossProfitRatio": 1,
    "researchAndDevelopmentExpenses": 0,
    "generalAndAdministrativeExpenses": 22311000,
    "sellingAndMarketingExpenses": 683000,
    "sellingGeneralAndAdministrativeExpenses": 22994000,
    "otherExpenses": -33169000,
    "operatingExpenses": -10175000,
    "costAndExpenses": -10175000,
    "interestIncome": 0,
    "interestExpense": 0,
    "depreciationAndAmortization": 2927000,
    "ebitda": 58636000,
    "ebitdaratio": 1.2877410287,
    "operatingIncome": 55709000,
    "operatingIncomeRatio": 1.223459393,
    "totalOtherIncomeExpensesNet": -43538000,
    "incomeBeforeTax": 12171000,
    "incomeBeforeTaxRatio": 0.2672947687,
    "incomeTaxExpense": 4808000,
    "netIncome": 7363000,
    "netIncomeRatio": 0.1617033426,
    "eps": 0.0219,
    "epsdiluted": 0.0331,
    "weightedAverageShsOut": 336976000,
    "weightedAverageShsOutDil": 220240000,
    "link": "https://www.sec.gov/Archives/edgar/data/79282/000007928299000010/0000079282-99-000010-index.html",
    "finalLink": "https://www.sec.gov/Archives/edgar/data/79282/"
  },
  {
    "date": "1998-12-31",
    "symbol": "BRO",
    "reportedCurrency": "USD",
    "cik": "0000079282",
    "fillingDate": "1999-03-15",
    "acceptedDate": "1999-03-15 00:00:00",
    "calendarYear": "1998",
    "period": "Q4",
    "revenue": 39370000,
    "costOfRevenue": 0,
    "grossProfit": 39370000,
    "grossProfitRatio": 1,
    "researchAndDevelopmentExpenses": 0,
    "generalAndAdministrativeExpenses": 20178000,
    "sellingAndMarketingExpenses": 0,
    "sellingGeneralAndAdministrativeExpenses": 20178000,
    "otherExpenses": 118413000,
    "operatingExpenses": 138591000,
    "costAndExpenses": 138591000,
    "interestIncome": 0,
    "interestExpense": 0,
    "depreciationAndAmortization": 2421000,
    "ebitda": -96800000,
    "ebitdaratio": -2.4587249174,
    "operatingIncome": -99221000,
    "operatingIncomeRatio": -2.5202184404,
    "totalOtherIncomeExpensesNet": 108819000,
    "incomeBeforeTax": 9598000,
    "incomeBeforeTaxRatio": 0.2437896876,
    "incomeTaxExpense": 3513000,
    "netIncome": 6085000,
    "netIncomeRatio": 0.1545593091,
    "eps": 0.0181,
    "epsdiluted": 0.018,
    "weightedAverageShsOut": 336976000,
    "weightedAverageShsOutDil": 337160000,
    "link": "https://www.sec.gov/Archives/edgar/data/79282/000007928299000007/0000079282-99-000007-index.html",
    "finalLink": "https://www.sec.gov/Archives/edgar/data/79282/"
  },
  {
    "date": "1998-09-30",
    "symbol": "BRO",
    "reportedCurrency": "USD",
    "cik": "0000079282",
    "fillingDate": "1998-11-16",
    "acceptedDate": "1998-11-16 00:00:00",
    "calendarYear": "1998",
    "period": "Q3",
    "revenue": 39622000,
    "costOfRevenue": 0,
    "grossProfit": 39622000,
    "grossProfitRatio": 1,
    "researchAndDevelopmentExpenses": 0,
    "generalAndAdministrativeExpenses": 20183000,
    "sellingAndMarketingExpenses": 413000,
    "sellingGeneralAndAdministrativeExpenses": 20596000,
    "otherExpenses": -29623000,
    "operatingExpenses": -9027000,
    "costAndExpenses": -9027000,
    "interestIncome": 0,
    "interestExpense": 0,
    "depreciationAndAmortization": 2558000,
    "ebitda": 51207000,
    "ebitdaratio": 1.2923880672,
    "operatingIncome": 48649000,
    "operatingIncomeRatio": 1.2278279744,
    "totalOtherIncomeExpensesNet": -38794000,
    "incomeBeforeTax": 9855000,
    "incomeBeforeTaxRatio": 0.2487254556,
    "incomeTaxExpense": 3795000,
    "netIncome": 6060000,
    "netIncomeRatio": 0.1529453334,
    "eps": 0.018,
    "epsdiluted": 0.0275,
    "weightedAverageShsOut": 336976000,
    "weightedAverageShsOutDil": 218288000,
    "link": "https://www.sec.gov/Archives/edgar/data/79282/000007928298000018/0000079282-98-000018-index.html",
    "finalLink": "https://www.sec.gov/Archives/edgar/data/79282/"
  },
  {
    "date": "1998-06-30",
    "symbol": "BRO",
    "reportedCurrency": "USD",
    "cik": "0000079282",
    "fillingDate": "1998-08-12",
    "acceptedDate": "1998-08-12 00:00:00",
    "calendarYear": "1998",
    "period": "Q2",
    "revenue": 38974000,
    "costOfRevenue": 0,
    "grossProfit": 38974000,
    "grossProfitRatio": 1,
    "researchAndDevelopmentExpenses": 0,
    "generalAndAdministrativeExpenses": 20712000,
    "sellingAndMarketingExpenses": 0,
    "sellingGeneralAndAdministrativeExpenses": 20712000,
    "otherExpenses": -30883000,
    "operatingExpenses": -10171000,
    "costAndExpenses": -10171000,
    "interestIncome": 0,
    "interestExpense": 0,
    "depreciationAndAmortization": 2403000,
    "ebitda": 51548000,
    "ebitdaratio": 1.32262534,
    "operatingIncome": 49145000,
    "operatingIncomeRatio": 1.260968851,
    "totalOtherIncomeExpensesNet": -41208000,
    "incomeBeforeTax": 7937000,
    "incomeBeforeTaxRatio": 0.2036485862,
    "incomeTaxExpense": 3135000,
    "netIncome": 4802000,
    "netIncomeRatio": 0.1232103454,
    "eps": 0.0225,
    "epsdiluted": 0.0225,
    "weightedAverageShsOut": 213920000,
    "weightedAverageShsOutDil": 213920000,
    "link": "https://www.sec.gov/Archives/edgar/data/79282/000007928298000016/0000079282-98-000016-index.html",
    "finalLink": "https://www.sec.gov/Archives/edgar/data/79282/"
  },
  {
    "date": "1998-03-31",
    "symbol": "BRO",
    "reportedCurrency": "USD",
    "cik": "0000079282",
    "fillingDate": "1998-05-07",
    "acceptedDate": "1998-05-07 00:00:00",
    "calendarYear": "1998",
    "period": "Q1",
    "revenue": 36797000,
    "costOfRevenue": 0,
    "grossProfit": 36797000,
    "grossProfitRatio": 1,
    "researchAndDevelopmentExpenses": 0,
    "generalAndAdministrativeExpenses": 18043000,
    "sellingAndMarketingExpenses": 0,
    "sellingGeneralAndAdministrativeExpenses": 18043000,
    "otherExpenses": -26509000,
    "operatingExpenses": -8466000,
    "costAndExpenses": -8466000,
    "interestIncome": 0,
    "interestExpense": 0,
    "depreciationAndAmortization": 1999000,
    "ebitda": 47262000,
    "ebitdaratio": 1.2843981846,
    "operatingIncome": 45263000,
    "operatingIncomeRatio": 1.2300731038,
    "totalOtherIncomeExpensesNet": -35085000,
    "incomeBeforeTax": 10178000,
    "incomeBeforeTaxRatio": 0.2765986358,
    "incomeTaxExpense": 4020000,
    "netIncome": 6158000,
    "netIncomeRatio": 0.1673505992,
    "eps": 0.0294,
    "epsdiluted": 0.0294,
    "weightedAverageShsOut": 209872000,
    "weightedAverageShsOutDil": 209872000,
    "link": "https://www.sec.gov/Archives/edgar/data/79282/000007928298000009/0000079282-98-000009-index.html",
    "finalLink": "https://www.sec.gov/Archives/edgar/data/79282/"
  },
  {
    "date": "1997-12-31",
    "symbol": "BRO",
    "reportedCurrency": "USD",
    "cik": "0000079282",
    "fillingDate": "1998-03-24",
    "acceptedDate": "1998-03-24 00:00:00",
    "calendarYear": "1997",
    "period": "Q4",
    "revenue": 30917000,
    "costOfRevenue": 0,
    "grossProfit": 30917000,
    "grossProfitRatio": 1,
    "researchAndDevelopmentExpenses": 0,
    "generalAndAdministrativeExpenses": 15562000,
    "sellingAndMarketingExpenses": 0,
    "sellingGeneralAndAdministrativeExpenses": 15562000,
    "otherExpenses": 102596000,
    "operatingExpenses": 118158000,
    "costAndExpenses": 118158000,
    "interestIncome": 0,
    "interestExpense": 0,
    "depreciationAndAmortization": 1752000,
    "ebitda": -85489000,
    "ebitdaratio": -2.7651130446,
    "operatingIncome": -87241000,
    "operatingIncomeRatio": -2.8217808972,
    "totalOtherIncomeExpensesNet": 95433000,
    "incomeBeforeTax": 8192000,
    "incomeBeforeTaxRatio": 0.2649674936,
    "incomeTaxExpense": 3113000,
    "netIncome": 5079000,
    "netIncomeRatio": 0.1642785523,
    "eps": 0.0243,
    "epsdiluted": 0.002,
    "weightedAverageShsOut": 209400000,
    "weightedAverageShsOutDil": 2516819280,
    "link": "https://www.sec.gov/Archives/edgar/data/79282/000007928298000007/0000079282-98-000007-index.html",
    "finalLink": "https://www.sec.gov/Archives/edgar/data/79282/"
  },
  {
    "date": "1997-09-30",
    "symbol": "BRO",
    "reportedCurrency": "USD",
    "cik": "0000079282",
    "fillingDate": "1997-11-12",
    "acceptedDate": "1997-11-12 00:00:00",
    "calendarYear": "1997",
    "period": "Q3",
    "revenue": 32066000,
    "costOfRevenue": 0,
    "grossProfit": 32066000,
    "grossProfitRatio": 1,
    "researchAndDevelopmentExpenses": 0,
    "generalAndAdministrativeExpenses": 16175000,
    "sellingAndMarketingExpenses": 0,
    "sellingGeneralAndAdministrativeExpenses": 16175000,
    "otherExpenses": -38756000,
    "operatingExpenses": -22581000,
    "costAndExpenses": -22581000,
    "interestIncome": 0,
    "interestExpense": 0,
    "depreciationAndAmortization": 1841000,
    "ebitda": 54647000,
    "ebitdaratio": 1.7042038296,
    "operatingIncome": 54647000,
    "operatingIncomeRatio": 1.7042038296,
    "totalOtherIncomeExpensesNet": -46416000,
    "incomeBeforeTax": 8231000,
    "incomeBeforeTaxRatio": 0.2566893283,
    "incomeTaxExpense": 3128000,
    "netIncome": 5103000,
    "netIncomeRatio": 0.1591405227,
    "eps": 0.0163,
    "epsdiluted": 0.0163,
    "weightedAverageShsOut": 316056000,
    "weightedAverageShsOutDil": 316056000,
    "link": "https://www.sec.gov/Archives/edgar/data/79282/000007928297000016/0000079282-97-000016-index.html",
    "finalLink": "https://www.sec.gov/Archives/edgar/data/79282/"
  },
  {
    "date": "1997-06-30",
    "symbol": "BRO",
    "reportedCurrency": "USD",
    "cik": "0000079282",
    "fillingDate": "1997-08-12",
    "acceptedDate": "1997-08-12 00:00:00",
    "calendarYear": "1997",
    "period": "Q2",
    "revenue": 32226000,
    "costOfRevenue": 0,
    "grossProfit": 32226000,
    "grossProfitRatio": 1,
    "researchAndDevelopmentExpenses": 0,
    "generalAndAdministrativeExpenses": 16492000,
    "sellingAndMarketingExpenses": 0,
    "sellingGeneralAndAdministrativeExpenses": 16492000,
    "otherExpenses": -23534000,
    "operatingExpenses": -7042000,
    "costAndExpenses": -7042000,
    "interestIncome": 0,
    "interestExpense": 0,
    "depreciationAndAmortization": 2555000,
    "ebitda": 41823000,
    "ebitdaratio": 1.2978030162,
    "operatingIncome": 39268000,
    "operatingIncomeRatio": 1.2185192081,
    "totalOtherIncomeExpensesNet": -32687000,
    "incomeBeforeTax": 6581000,
    "incomeBeforeTaxRatio": 0.2042139887,
    "incomeTaxExpense": 2600000,
    "netIncome": 3981000,
    "netIncomeRatio": 0.1235337926,
    "eps": 0.0192,
    "epsdiluted": 0.0192,
    "weightedAverageShsOut": 208392000,
    "weightedAverageShsOutDil": 208392000,
    "link": "https://www.sec.gov/Archives/edgar/data/79282/000007928297000014/0000079282-97-000014-index.html",
    "finalLink": "https://www.sec.gov/Archives/edgar/data/79282/"
  },
  {
    "date": "1997-03-31",
    "symbol": "BRO",
    "reportedCurrency": "USD",
    "cik": "0000079282",
    "fillingDate": "1997-05-12",
    "acceptedDate": "1997-05-12 00:00:00",
    "calendarYear": "1997",
    "period": "Q1",
    "revenue": 33982000,
    "costOfRevenue": 0,
    "grossProfit": 33982000,
    "grossProfitRatio": 1,
    "researchAndDevelopmentExpenses": 0,
    "generalAndAdministrativeExpenses": 16838000,
    "sellingAndMarketingExpenses": 0,
    "sellingGeneralAndAdministrativeExpenses": 16838000,
    "otherExpenses": -23995000,
    "operatingExpenses": -7157000,
    "costAndExpenses": -7157000,
    "interestIncome": 0,
    "interestExpense": 0,
    "depreciationAndAmortization": 1903000,
    "ebitda": 43042000,
    "ebitdaratio": 1.2666117356,
    "operatingIncome": 41139000,
    "operatingIncomeRatio": 1.2106115002,
    "totalOtherIncomeExpensesNet": -32505000,
    "incomeBeforeTax": 8634000,
    "incomeBeforeTaxRatio": 0.2540756871,
    "incomeTaxExpense": 3410000,
    "netIncome": 5224000,
    "netIncomeRatio": 0.1537284445,
    "eps": 0.0021,
    "epsdiluted": 0.0021,
    "weightedAverageShsOut": 2505542160,
    "weightedAverageShsOutDil": 2505542160,
    "link": "https://www.sec.gov/Archives/edgar/data/79282/000007928297000007/0000079282-97-000007-index.html",
    "finalLink": "https://www.sec.gov/Archives/edgar/data/79282/"
  },
  {
    "date": "1996-12-31",
    "symbol": "BRO",
    "reportedCurrency": "USD",
    "cik": "0000079282",
    "fillingDate": "1997-03-21",
    "acceptedDate": "1997-03-21 00:00:00",
    "calendarYear": "1996",
    "period": "Q4",
    "revenue": 29905000,
    "costOfRevenue": 6785000,
    "grossProfit": 23120000,
    "grossProfitRatio": 0.7731148637,
    "researchAndDevelopmentExpenses": 0,
    "generalAndAdministrativeExpenses": 0,
    "sellingAndMarketingExpenses": 0,
    "sellingGeneralAndAdministrativeExpenses": 14556000,
    "otherExpenses": 31237000,
    "operatingExpenses": 45793000,
    "costAndExpenses": 52578000,
    "interestIncome": 0,
    "interestExpense": 0,
    "depreciationAndAmortization": 13137000,
    "ebitda": -9536000,
    "ebitdaratio": -0.3188764421,
    "operatingIncome": -22673000,
    "operatingIncomeRatio": -0.7581675305,
    "totalOtherIncomeExpensesNet": 29776000,
    "incomeBeforeTax": 7103000,
    "incomeBeforeTaxRatio": 0.2375188096,
    "incomeTaxExpense": 2770000,
    "netIncome": 4333000,
    "netIncomeRatio": 0.1448921585,
    "eps": 0.0017,
    "epsdiluted": 0.0032,
    "weightedAverageShsOut": 2499454272,
    "weightedAverageShsOutDil": 1355059080,
    "link": "https://www.sec.gov/Archives/edgar/data/79282/000007928297000004/0000079282-97-000004-index.html",
    "finalLink": "https://www.sec.gov/Archives/edgar/data/79282/"
  },
  {
    "date": "1996-09-30",
    "symbol": "BRO",
    "reportedCurrency": "USD",
    "cik": "0000079282",
    "fillingDate": "1996-11-12",
    "acceptedDate": "1996-11-12 00:00:00",
    "calendarYear": "1996",
    "period": "Q3",
    "revenue": 29426000,
    "costOfRevenue": 5592000,
    "grossProfit": 23834000,
    "grossProfitRatio": 0.8099639774,
    "researchAndDevelopmentExpenses": 0,
    "generalAndAdministrativeExpenses": 0,
    "sellingAndMarketingExpenses": 0,
    "sellingGeneralAndAdministrativeExpenses": 15255000,
    "otherExpenses": 0,
    "operatingExpenses": 15255000,
    "costAndExpenses": 20847000,
    "interestIncome": 0,
    "interestExpense": 0,
    "depreciationAndAmortization": -1918000,
    "ebitda": 8579000,
    "ebitdaratio": 0.2915448923,
    "operatingIncome": 8579000,
    "operatingIncomeRatio": 0.2915448923,
    "totalOtherIncomeExpensesNet": -1467000,
    "incomeBeforeTax": 7112000,
    "incomeBeforeTaxRatio": 0.2416910215,
    "incomeTaxExpense": 2774000,
    "netIncome": 4338000,
    "netIncomeRatio": 0.1474206484,
    "eps": 0.0017,
    "epsdiluted": 0.0032,
    "weightedAverageShsOut": 2494272864,
    "weightedAverageShsOutDil": 1355059080,
    "link": "https://www.sec.gov/Archives/edgar/data/79282/000007928296000017/0000079282-96-000017-index.html",
    "finalLink": "https://www.sec.gov/Archives/edgar/data/79282/"
  },
  {
    "date": "1996-06-30",
    "symbol": "BRO",
    "reportedCurrency": "USD",
    "cik": "0000079282",
    "fillingDate": "1996-08-12",
    "acceptedDate": "1996-08-12 00:00:00",
    "calendarYear": "1996",
    "period": "Q2",
    "revenue": 28623000,
    "costOfRevenue": 6541000,
    "grossProfit": 22082000,
    "grossProfitRatio": 0.7714774831,
    "researchAndDevelopmentExpenses": 0,
    "generalAndAdministrativeExpenses": 0,
    "sellingAndMarketingExpenses": 0,
    "sellingGeneralAndAdministrativeExpenses": 15118000,
    "otherExpenses": 0,
    "operatingExpenses": 15118000,
    "costAndExpenses": 21659000,
    "interestIncome": 0,
    "interestExpense": 0,
    "depreciationAndAmortization": -1907000,
    "ebitda": 6964000,
    "ebitdaratio": 0.243300842,
    "operatingIncome": 6964000,
    "operatingIncomeRatio": 0.243300842,
    "totalOtherIncomeExpensesNet": -1420000,
    "incomeBeforeTax": 5544000,
    "incomeBeforeTaxRatio": 0.1936903888,
    "incomeTaxExpense": 2162000,
    "netIncome": 3382000,
    "netIncomeRatio": 0.1181567271,
    "eps": 0.0014,
    "epsdiluted": 0.0025,
    "weightedAverageShsOut": 2497727136,
    "weightedAverageShsOutDil": 1355059080,
    "link": "https://www.sec.gov/Archives/edgar/data/79282/000007928296000013/0000079282-96-000013-index.html",
    "finalLink": "https://www.sec.gov/Archives/edgar/data/79282/"
  },
  {
    "date": "1996-03-31",
    "symbol": "BRO",
    "reportedCurrency": "USD",
    "cik": "0000079282",
    "fillingDate": "1996-05-10",
    "acceptedDate": "1996-05-10 00:00:00",
    "calendarYear": "1996",
    "period": "Q1",
    "revenue": 30726000,
    "costOfRevenue": 6604000,
    "grossProfit": 24122000,
    "grossProfitRatio": 0.7850680206,
    "researchAndDevelopmentExpenses": 0,
    "generalAndAdministrativeExpenses": 0,
    "sellingAndMarketingExpenses": 0,
    "sellingGeneralAndAdministrativeExpenses": 15468000,
    "otherExpenses": 0,
    "operatingExpenses": 15468000,
    "costAndExpenses": 22072000,
    "interestIncome": 0,
    "interestExpense": 0,
    "depreciationAndAmortization": -1841000,
    "ebitda": 8654000,
    "ebitdaratio": 0.2816507193,
    "operatingIncome": 8654000,
    "operatingIncomeRatio": 0.2816507193,
    "totalOtherIncomeExpensesNet": -1367000,
    "incomeBeforeTax": 7287000,
    "incomeBeforeTaxRatio": 0.2371607108,
    "incomeTaxExpense": 2842000,
    "netIncome": 4445000,
    "netIncomeRatio": 0.1446657554,
    "eps": 0.0018,
    "epsdiluted": 0.0033,
    "weightedAverageShsOut": 2508377808,
    "weightedAverageShsOutDil": 1355059080,
    "link": "https://www.sec.gov/Archives/edgar/data/79282/000007928296000005/0000079282-96-000005-index.html",
    "finalLink": "https://www.sec.gov/Archives/edgar/data/79282/"
  },
  {
    "date": "1995-12-31",
    "symbol": "BRO",
    "reportedCurrency": "USD",
    "cik": "0000079282",
    "fillingDate": "1996-03-20",
    "acceptedDate": "1996-03-20 00:00:00",
    "calendarYear": "1995",
    "period": "Q4",
    "revenue": 27026000,
    "costOfRevenue": 5974000,
    "grossProfit": 21052000,
    "grossProfitRatio": 0.7789536002,
    "researchAndDevelopmentExpenses": 0,
    "generalAndAdministrativeExpenses": 0,
    "sellingAndMarketingExpenses": 0,
    "sellingGeneralAndAdministrativeExpenses": 13531000,
    "otherExpenses": 27963000,
    "operatingExpenses": 41494000,
    "costAndExpenses": 47468000,
    "interestIncome": 0,
    "interestExpense": 0,
    "depreciationAndAmortization": 9753000,
    "ebitda": -10689000,
    "ebitdaratio": -0.3955080293,
    "operatingIncome": -20442000,
    "operatingIncomeRatio": -0.7563827425,
    "totalOtherIncomeExpensesNet": 26711000,
    "incomeBeforeTax": 6269000,
    "incomeBeforeTaxRatio": 0.2319618145,
    "incomeTaxExpense": 2413000,
    "netIncome": 3856000,
    "netIncomeRatio": 0.1426774217,
    "eps": 0.0015,
    "epsdiluted": 0.0028,
    "weightedAverageShsOut": 2507802096,
    "weightedAverageShsOutDil": 1355059080,
    "link": "https://www.sec.gov/Archives/edgar/data/79282/000095014496001042/0000950144-96-001042-index.html",
    "finalLink": "https://www.sec.gov/Archives/edgar/data/79282/"
  },
  {
    "date": "1995-09-30",
    "symbol": "BRO",
    "reportedCurrency": "USD",
    "cik": "0000079282",
    "fillingDate": "1995-11-06",
    "acceptedDate": "1995-11-06 00:00:00",
    "calendarYear": "1995",
    "period": "Q3",
    "revenue": 26350000,
    "costOfRevenue": 5285000,
    "grossProfit": 21065000,
    "grossProfitRatio": 0.79943074,
    "researchAndDevelopmentExpenses": 0,
    "generalAndAdministrativeExpenses": 0,
    "sellingAndMarketingExpenses": 0,
    "sellingGeneralAndAdministrativeExpenses": 13491000,
    "otherExpenses": 0,
    "operatingExpenses": 13491000,
    "costAndExpenses": 18776000,
    "interestIncome": 0,
    "interestExpense": 0,
    "depreciationAndAmortization": 0,
    "ebitda": 7574000,
    "ebitdaratio": 0.2874383302,
    "operatingIncome": 7574000,
    "operatingIncomeRatio": 0.2874383302,
    "totalOtherIncomeExpensesNet": -1342000,
    "incomeBeforeTax": 6232000,
    "incomeBeforeTaxRatio": 0.2365085389,
    "incomeTaxExpense": 2400000,
    "netIncome": 3832000,
    "netIncomeRatio": 0.145426945,
    "eps": 0.0015,
    "epsdiluted": 0.0028,
    "weightedAverageShsOut": 2507226384,
    "weightedAverageShsOutDil": 1355059080,
    "link": "https://www.sec.gov/Archives/edgar/data/79282/000095014495002989/0000950144-95-002989-index.html",
    "finalLink": "https://www.sec.gov/Archives/edgar/data/79282/0000950144-95-002989.txt"
  }
]