[
  {
    "date": "2025-06-30",
    "symbol": "BSX",
    "reportedCurrency": "USD",
    "cik": "0000885725",
    "fillingDate": "2025-08-01",
    "acceptedDate": "2025-08-01 06:32:06",
    "calendarYear": "2025",
    "period": "Q2",
    "revenue": 5061000000,
    "costOfRevenue": 1637000000,
    "grossProfit": 3424000000,
    "grossProfitRatio": 0.6765461371,
    "researchAndDevelopmentExpenses": 526000000,
    "generalAndAdministrativeExpenses": 0,
    "sellingAndMarketingExpenses": 0,
    "sellingGeneralAndAdministrativeExpenses": 1716000000,
    "otherExpenses": 239000000,
    "operatingExpenses": 2481000000,
    "costAndExpenses": 4118000000,
    "interestIncome": 0,
    "interestExpense": 90000000,
    "depreciationAndAmortization": 336000000,
    "ebitda": 1367000000,
    "ebitdaratio": 0.2701047224,
    "operatingIncome": 943000000,
    "operatingIncomeRatio": 0.1863268129,
    "totalOtherIncomeExpensesNet": -2000000,
    "incomeBeforeTax": 941000000,
    "incomeBeforeTaxRatio": 0.1859316341,
    "incomeTaxExpense": 146000000,
    "netIncome": 793000000,
    "netIncomeRatio": 0.1566884015,
    "eps": 0.54,
    "epsdiluted": 0.53,
    "weightedAverageShsOut": 1478500000,
    "weightedAverageShsOutDil": 1493300000,
    "link": "https://www.sec.gov/Archives/edgar/data/885725/000088572525000041/0000885725-25-000041-index.htm",
    "finalLink": "https://www.sec.gov/Archives/edgar/data/885725/000088572525000041/bsx-20250630.htm"
  },
  {
    "date": "2025-03-31",
    "symbol": "BSX",
    "reportedCurrency": "USD",
    "cik": "0000885725",
    "fillingDate": "2025-05-01",
    "acceptedDate": "2025-05-01 06:31:27",
    "calendarYear": "2025",
    "period": "Q1",
    "revenue": 4663000000,
    "costOfRevenue": 1713000000,
    "grossProfit": 2950000000,
    "grossProfitRatio": 0.6326399314,
    "researchAndDevelopmentExpenses": 443000000,
    "generalAndAdministrativeExpenses": 0,
    "sellingAndMarketingExpenses": 0,
    "sellingGeneralAndAdministrativeExpenses": 1597000000,
    "otherExpenses": 14000000,
    "operatingExpenses": 2054000000,
    "costAndExpenses": 3767000000,
    "interestIncome": 0,
    "interestExpense": 87000000,
    "depreciationAndAmortization": 325000000,
    "ebitda": 1217000000,
    "ebitdaratio": 0.2609907785,
    "operatingIncome": 896000000,
    "operatingIncomeRatio": 0.1921509758,
    "totalOtherIncomeExpensesNet": -91000000,
    "incomeBeforeTax": 805000000,
    "incomeBeforeTaxRatio": 0.1726356423,
    "incomeTaxExpense": 133000000,
    "netIncome": 674000000,
    "netIncomeRatio": 0.1445421403,
    "eps": 0.4563,
    "epsdiluted": 0.4514,
    "weightedAverageShsOut": 1477200000,
    "weightedAverageShsOutDil": 1493100000,
    "link": "https://www.sec.gov/Archives/edgar/data/885725/000088572525000026/0000885725-25-000026-index.htm",
    "finalLink": "https://www.sec.gov/Archives/edgar/data/885725/000088572525000026/bsx-20250331.htm"
  },
  {
    "date": "2024-12-31",
    "symbol": "BSX",
    "reportedCurrency": "USD",
    "cik": "0000885725",
    "fillingDate": "2025-02-18",
    "acceptedDate": "2025-02-18 16:13:39",
    "calendarYear": "2024",
    "period": "Q4",
    "revenue": 4561000000,
    "costOfRevenue": 1890000000,
    "grossProfit": 2671000000,
    "grossProfitRatio": 0.5856171892,
    "researchAndDevelopmentExpenses": 460000000,
    "generalAndAdministrativeExpenses": 0,
    "sellingAndMarketingExpenses": 0,
    "sellingGeneralAndAdministrativeExpenses": 1612000000,
    "otherExpenses": 10000000,
    "operatingExpenses": 2082000000,
    "costAndExpenses": 3972000000,
    "interestIncome": 22000000,
    "interestExpense": 139000000,
    "depreciationAndAmortization": 348000000,
    "ebitda": 1071000000,
    "ebitdaratio": 0.2348169261,
    "operatingIncome": 589000000,
    "operatingIncomeRatio": 0.1291383469,
    "totalOtherIncomeExpensesNet": -4000000,
    "incomeBeforeTax": 585000000,
    "incomeBeforeTaxRatio": 0.1282613462,
    "incomeTaxExpense": 23000000,
    "netIncome": 566000000,
    "netIncomeRatio": 0.1240955931,
    "eps": 0.3839,
    "epsdiluted": 0.3798,
    "weightedAverageShsOut": 1474200000,
    "weightedAverageShsOutDil": 1490200000,
    "link": "https://www.sec.gov/Archives/edgar/data/885725/000088572525000011/0000885725-25-000011-index.htm",
    "finalLink": "https://www.sec.gov/Archives/edgar/data/885725/000088572525000011/bsx-20241231.htm"
  },
  {
    "date": "2024-09-30",
    "symbol": "BSX",
    "reportedCurrency": "USD",
    "cik": "0000885725",
    "fillingDate": "2024-11-01",
    "acceptedDate": "2024-11-01 06:33:26",
    "calendarYear": "2024",
    "period": "Q3",
    "revenue": 4209000000,
    "costOfRevenue": 1561000000,
    "grossProfit": 2648000000,
    "grossProfitRatio": 0.6291280589,
    "researchAndDevelopmentExpenses": 407000000,
    "generalAndAdministrativeExpenses": 0,
    "sellingAndMarketingExpenses": 0,
    "sellingGeneralAndAdministrativeExpenses": 1562000000,
    "otherExpenses": 5000000,
    "operatingExpenses": 1974000000,
    "costAndExpenses": 3535000000,
    "interestIncome": 0,
    "interestExpense": 83000000,
    "depreciationAndAmortization": 307000000,
    "ebitda": 1058000000,
    "ebitdaratio": 0.2513661202,
    "operatingIncome": 674000000,
    "operatingIncomeRatio": 0.1601330482,
    "totalOtherIncomeExpensesNet": -6000000,
    "incomeBeforeTax": 668000000,
    "incomeBeforeTaxRatio": 0.1587075315,
    "incomeTaxExpense": 200000000,
    "netIncome": 469000000,
    "netIncomeRatio": 0.1114278926,
    "eps": 0.3185,
    "epsdiluted": 0.3153,
    "weightedAverageShsOut": 1472700000,
    "weightedAverageShsOutDil": 1487400000,
    "link": "https://www.sec.gov/Archives/edgar/data/885725/000088572524000073/0000885725-24-000073-index.htm",
    "finalLink": "https://www.sec.gov/Archives/edgar/data/885725/000088572524000073/bsx-20240930.htm"
  },
  {
    "date": "2024-06-30",
    "symbol": "BSX",
    "reportedCurrency": "USD",
    "cik": "0000885725",
    "fillingDate": "2024-08-01",
    "acceptedDate": "2024-08-01 16:16:14",
    "calendarYear": "2024",
    "period": "Q2",
    "revenue": 4120000000,
    "costOfRevenue": 1535000000,
    "grossProfit": 2585000000,
    "grossProfitRatio": 0.6274271845,
    "researchAndDevelopmentExpenses": 383000000,
    "generalAndAdministrativeExpenses": 0,
    "sellingAndMarketingExpenses": 0,
    "sellingGeneralAndAdministrativeExpenses": 1446000000,
    "otherExpenses": 9000000,
    "operatingExpenses": 1838000000,
    "costAndExpenses": 3373000000,
    "interestIncome": 0,
    "interestExpense": 81000000,
    "depreciationAndAmortization": 311000000,
    "ebitda": 812000000,
    "ebitdaratio": 0.1970873786,
    "operatingIncome": 747000000,
    "operatingIncomeRatio": 0.1813106796,
    "totalOtherIncomeExpensesNet": -327000000,
    "incomeBeforeTax": 420000000,
    "incomeBeforeTaxRatio": 0.1019417476,
    "incomeTaxExpense": 98000000,
    "netIncome": 324000000,
    "netIncomeRatio": 0.0786407767,
    "eps": 0.2203,
    "epsdiluted": 0.2183,
    "weightedAverageShsOut": 1470600000,
    "weightedAverageShsOutDil": 1484200000,
    "link": "https://www.sec.gov/Archives/edgar/data/885725/000088572524000068/0000885725-24-000068-index.htm",
    "finalLink": "https://www.sec.gov/Archives/edgar/data/885725/000088572524000068/bsx-20240630.htm"
  },
  {
    "date": "2024-03-31",
    "symbol": "BSX",
    "reportedCurrency": "USD",
    "cik": "0000885725",
    "fillingDate": "2024-05-01",
    "acceptedDate": "2024-05-01 16:05:48",
    "calendarYear": "2024",
    "period": "Q1",
    "revenue": 3856000000,
    "costOfRevenue": 1472000000,
    "grossProfit": 2384000000,
    "grossProfitRatio": 0.6182572614,
    "researchAndDevelopmentExpenses": 366000000,
    "generalAndAdministrativeExpenses": 0,
    "sellingAndMarketingExpenses": 0,
    "sellingGeneralAndAdministrativeExpenses": 1364000000,
    "otherExpenses": 10000000,
    "operatingExpenses": 1740000000,
    "costAndExpenses": 3212000000,
    "interestIncome": 0,
    "interestExpense": 72000000,
    "depreciationAndAmortization": 304000000,
    "ebitda": 984000000,
    "ebitdaratio": 0.255186722,
    "operatingIncome": 644000000,
    "operatingIncomeRatio": 0.1670124481,
    "totalOtherIncomeExpensesNet": -36000000,
    "incomeBeforeTax": 608000000,
    "incomeBeforeTaxRatio": 0.1576763485,
    "incomeTaxExpense": 115000000,
    "netIncome": 494000000,
    "netIncomeRatio": 0.1281120332,
    "eps": 0.3371,
    "epsdiluted": 0.3341,
    "weightedAverageShsOut": 1468400000,
    "weightedAverageShsOutDil": 1481700000,
    "link": "https://www.sec.gov/Archives/edgar/data/885725/000088572524000046/0000885725-24-000046-index.htm",
    "finalLink": "https://www.sec.gov/Archives/edgar/data/885725/000088572524000046/bsx-20240331.htm"
  },
  {
    "date": "2023-12-31",
    "symbol": "BSX",
    "reportedCurrency": "USD",
    "cik": "0000885725",
    "fillingDate": "2024-02-21",
    "acceptedDate": "2024-02-21 16:47:18",
    "calendarYear": "2023",
    "period": "Q4",
    "revenue": 3725000000,
    "costOfRevenue": 1413000000,
    "grossProfit": 2312000000,
    "grossProfitRatio": 0.6206711409,
    "researchAndDevelopmentExpenses": 363000000,
    "generalAndAdministrativeExpenses": 0,
    "sellingAndMarketingExpenses": 0,
    "sellingGeneralAndAdministrativeExpenses": 1379000000,
    "otherExpenses": 12000000,
    "operatingExpenses": 1754000000,
    "costAndExpenses": 3167000000,
    "interestIncome": 22000000,
    "interestExpense": 67000000,
    "depreciationAndAmortization": 313000000,
    "ebitda": 885000000,
    "ebitdaratio": 0.2375838926,
    "operatingIncome": 558000000,
    "operatingIncomeRatio": 0.1497986577,
    "totalOtherIncomeExpensesNet": -53000000,
    "incomeBeforeTax": 505000000,
    "incomeBeforeTaxRatio": 0.1355704698,
    "incomeTaxExpense": 1000000,
    "netIncome": 504000000,
    "netIncomeRatio": 0.1353020134,
    "eps": 0.344,
    "epsdiluted": 0.3413,
    "weightedAverageShsOut": 1465300000,
    "weightedAverageShsOutDil": 1476900000,
    "link": "https://www.sec.gov/Archives/edgar/data/885725/000088572524000020/0000885725-24-000020-index.htm",
    "finalLink": "https://www.sec.gov/Archives/edgar/data/885725/000088572524000020/bsx-20231231.htm"
  },
  {
    "date": "2023-09-30",
    "symbol": "BSX",
    "reportedCurrency": "USD",
    "cik": "0000885725",
    "fillingDate": "2023-11-01",
    "acceptedDate": "2023-11-01 16:04:53",
    "calendarYear": "2023",
    "period": "Q3",
    "revenue": 3527000000,
    "costOfRevenue": 1360000000,
    "grossProfit": 2167000000,
    "grossProfitRatio": 0.6144031755,
    "researchAndDevelopmentExpenses": 356000000,
    "generalAndAdministrativeExpenses": 0,
    "sellingAndMarketingExpenses": 0,
    "sellingGeneralAndAdministrativeExpenses": 1242000000,
    "otherExpenses": 11000000,
    "operatingExpenses": 1609000000,
    "costAndExpenses": 2969000000,
    "interestIncome": 0,
    "interestExpense": 67000000,
    "depreciationAndAmortization": 301000000,
    "ebitda": 976000000,
    "ebitdaratio": 0.276722427,
    "operatingIncome": 558000000,
    "operatingIncomeRatio": 0.1582081089,
    "totalOtherIncomeExpensesNet": 51000000,
    "incomeBeforeTax": 609000000,
    "incomeBeforeTaxRatio": 0.1726679898,
    "incomeTaxExpense": 105000000,
    "netIncome": 504000000,
    "netIncomeRatio": 0.1428976467,
    "eps": 0.3448,
    "epsdiluted": 0.3424,
    "weightedAverageShsOut": 1464500000,
    "weightedAverageShsOutDil": 1475000000,
    "link": "https://www.sec.gov/Archives/edgar/data/885725/000088572523000048/0000885725-23-000048-index.htm",
    "finalLink": "https://www.sec.gov/Archives/edgar/data/885725/000088572523000048/bsx-20230930.htm"
  },
  {
    "date": "2023-06-30",
    "symbol": "BSX",
    "reportedCurrency": "USD",
    "cik": "0000885725",
    "fillingDate": "2023-08-03",
    "acceptedDate": "2023-08-03 16:06:50",
    "calendarYear": "2023",
    "period": "Q2",
    "revenue": 3599000000,
    "costOfRevenue": 1323000000,
    "grossProfit": 2276000000,
    "grossProfitRatio": 0.6323978883,
    "researchAndDevelopmentExpenses": 359000000,
    "generalAndAdministrativeExpenses": 0,
    "sellingAndMarketingExpenses": 0,
    "sellingGeneralAndAdministrativeExpenses": 1354000000,
    "otherExpenses": 12000000,
    "operatingExpenses": 1725000000,
    "costAndExpenses": 3048000000,
    "interestIncome": 0,
    "interestExpense": 71000000,
    "depreciationAndAmortization": 298000000,
    "ebitda": 795000000,
    "ebitdaratio": 0.220894693,
    "operatingIncome": 551000000,
    "operatingIncomeRatio": 0.1530980828,
    "totalOtherIncomeExpensesNet": -125000000,
    "incomeBeforeTax": 426000000,
    "incomeBeforeTaxRatio": 0.1183662128,
    "incomeTaxExpense": 156000000,
    "netIncome": 270000000,
    "netIncomeRatio": 0.0750208391,
    "eps": 0.1805,
    "epsdiluted": 0.1792,
    "weightedAverageShsOut": 1446200000,
    "weightedAverageShsOutDil": 1456200000,
    "link": "https://www.sec.gov/Archives/edgar/data/885725/000088572523000043/0000885725-23-000043-index.htm",
    "finalLink": "https://www.sec.gov/Archives/edgar/data/885725/000088572523000043/bsx-20230630.htm"
  },
  {
    "date": "2023-03-31",
    "symbol": "BSX",
    "reportedCurrency": "USD",
    "cik": "0000885725",
    "fillingDate": "2023-05-04",
    "acceptedDate": "2023-05-04 16:07:19",
    "calendarYear": "2023",
    "period": "Q1",
    "revenue": 3389000000,
    "costOfRevenue": 1312000000,
    "grossProfit": 2077000000,
    "grossProfitRatio": 0.612865152,
    "researchAndDevelopmentExpenses": 337000000,
    "generalAndAdministrativeExpenses": 0,
    "sellingAndMarketingExpenses": 0,
    "sellingGeneralAndAdministrativeExpenses": 1215000000,
    "otherExpenses": 10000000,
    "operatingExpenses": 1562000000,
    "costAndExpenses": 2874000000,
    "interestIncome": 0,
    "interestExpense": 67000000,
    "depreciationAndAmortization": 285000000,
    "ebitda": 796000000,
    "ebitdaratio": 0.234877545,
    "operatingIncome": 515000000,
    "operatingIncomeRatio": 0.1519622307,
    "totalOtherIncomeExpensesNet": -70000000,
    "incomeBeforeTax": 445000000,
    "incomeBeforeTaxRatio": 0.1313071703,
    "incomeTaxExpense": 131000000,
    "netIncome": 314000000,
    "netIncomeRatio": 0.0926526999,
    "eps": 0.2089,
    "epsdiluted": 0.2075,
    "weightedAverageShsOut": 1435800000,
    "weightedAverageShsOutDil": 1446000000,
    "link": "https://www.sec.gov/Archives/edgar/data/885725/000088572523000026/0000885725-23-000026-index.htm",
    "finalLink": "https://www.sec.gov/Archives/edgar/data/885725/000088572523000026/bsx-20230331.htm"
  },
  {
    "date": "2022-12-31",
    "symbol": "BSX",
    "reportedCurrency": "USD",
    "cik": "0000885725",
    "fillingDate": "2023-02-23",
    "acceptedDate": "2023-02-23 16:20:14",
    "calendarYear": "2022",
    "period": "Q4",
    "revenue": 3242000000,
    "costOfRevenue": 1287000000,
    "grossProfit": 1955000000,
    "grossProfitRatio": 0.6030228254,
    "researchAndDevelopmentExpenses": 330000000,
    "generalAndAdministrativeExpenses": 0,
    "sellingAndMarketingExpenses": 0,
    "sellingGeneralAndAdministrativeExpenses": 1163000000,
    "otherExpenses": 13000000,
    "operatingExpenses": 1506000000,
    "costAndExpenses": 2793000000,
    "interestIncome": 4000000,
    "interestExpense": 64000000,
    "depreciationAndAmortization": 294000000,
    "ebitda": 757000000,
    "ebitdaratio": 0.2334978408,
    "operatingIncome": 449000000,
    "operatingIncomeRatio": 0.1384947563,
    "totalOtherIncomeExpensesNet": -53000000,
    "incomeBeforeTax": 396000000,
    "incomeBeforeTaxRatio": 0.1221468229,
    "incomeTaxExpense": 256000000,
    "netIncome": 140000000,
    "netIncomeRatio": 0.0431832202,
    "eps": 0.088,
    "epsdiluted": 0.0874,
    "weightedAverageShsOut": 1432700000,
    "weightedAverageShsOutDil": 1442400000,
    "link": "https://www.sec.gov/Archives/edgar/data/885725/000088572523000008/0000885725-23-000008-index.htm",
    "finalLink": "https://www.sec.gov/Archives/edgar/data/885725/000088572523000008/bsx-20221231.htm"
  },
  {
    "date": "2022-09-30",
    "symbol": "BSX",
    "reportedCurrency": "USD",
    "cik": "0000885725",
    "fillingDate": "2022-11-03",
    "acceptedDate": "2022-11-03 16:13:25",
    "calendarYear": "2022",
    "period": "Q3",
    "revenue": 3170000000,
    "costOfRevenue": 1242000000,
    "grossProfit": 1928000000,
    "grossProfitRatio": 0.6082018927,
    "researchAndDevelopmentExpenses": 339000000,
    "generalAndAdministrativeExpenses": 0,
    "sellingAndMarketingExpenses": 0,
    "sellingGeneralAndAdministrativeExpenses": 1118000000,
    "otherExpenses": 11000000,
    "operatingExpenses": 1468000000,
    "costAndExpenses": 2710000000,
    "interestIncome": 1000000,
    "interestExpense": 65000000,
    "depreciationAndAmortization": 284000000,
    "ebitda": 593000000,
    "ebitdaratio": 0.1870662461,
    "operatingIncome": 460000000,
    "operatingIncomeRatio": 0.1451104101,
    "totalOtherIncomeExpensesNet": -215000000,
    "incomeBeforeTax": 245000000,
    "incomeBeforeTaxRatio": 0.0772870662,
    "incomeTaxExpense": 57000000,
    "netIncome": 188000000,
    "netIncomeRatio": 0.0593059937,
    "eps": 0.1215,
    "epsdiluted": 0.1208,
    "weightedAverageShsOut": 1431600000,
    "weightedAverageShsOutDil": 1440000000,
    "link": "https://www.sec.gov/Archives/edgar/data/885725/000088572522000028/0000885725-22-000028-index.htm",
    "finalLink": "https://www.sec.gov/Archives/edgar/data/885725/000088572522000028/bsx-20220930.htm"
  },
  {
    "date": "2022-06-30",
    "symbol": "BSX",
    "reportedCurrency": "USD",
    "cik": "0000885725",
    "fillingDate": "2022-08-04",
    "acceptedDate": "2022-08-04 16:16:38",
    "calendarYear": "2022",
    "period": "Q2",
    "revenue": 3244000000,
    "costOfRevenue": 1256000000,
    "grossProfit": 1988000000,
    "grossProfitRatio": 0.6128236745,
    "researchAndDevelopmentExpenses": 335000000,
    "generalAndAdministrativeExpenses": 0,
    "sellingAndMarketingExpenses": 0,
    "sellingGeneralAndAdministrativeExpenses": 1165000000,
    "otherExpenses": 11000000,
    "operatingExpenses": 1511000000,
    "costAndExpenses": 2767000000,
    "interestIncome": 1000000,
    "interestExpense": 64000000,
    "depreciationAndAmortization": 284000000,
    "ebitda": 692000000,
    "ebitdaratio": 0.2133168927,
    "operatingIncome": 477000000,
    "operatingIncomeRatio": 0.1470406905,
    "totalOtherIncomeExpensesNet": -132000000,
    "incomeBeforeTax": 345000000,
    "incomeBeforeTaxRatio": 0.106350185,
    "incomeTaxExpense": 85000000,
    "netIncome": 260000000,
    "netIncomeRatio": 0.0801479655,
    "eps": 0.1721,
    "epsdiluted": 0.1711,
    "weightedAverageShsOut": 1429700000,
    "weightedAverageShsOutDil": 1437800000,
    "link": "https://www.sec.gov/Archives/edgar/data/885725/000088572522000023/0000885725-22-000023-index.htm",
    "finalLink": "https://www.sec.gov/Archives/edgar/data/885725/000088572522000023/bsx-20220630.htm"
  },
  {
    "date": "2022-03-31",
    "symbol": "BSX",
    "reportedCurrency": "USD",
    "cik": "0000885725",
    "fillingDate": "2022-05-05",
    "acceptedDate": "2022-05-05 16:11:46",
    "calendarYear": "2022",
    "period": "Q1",
    "revenue": 3026000000,
    "costOfRevenue": 1183000000,
    "grossProfit": 1843000000,
    "grossProfitRatio": 0.6090548579,
    "researchAndDevelopmentExpenses": 319000000,
    "generalAndAdministrativeExpenses": 0,
    "sellingAndMarketingExpenses": 0,
    "sellingGeneralAndAdministrativeExpenses": 1060000000,
    "otherExpenses": 7000000,
    "operatingExpenses": 1386000000,
    "costAndExpenses": 2569000000,
    "interestIncome": 4000000,
    "interestExpense": 295000000,
    "depreciationAndAmortization": 274000000,
    "ebitda": 725000000,
    "ebitdaratio": 0.2395902181,
    "operatingIncome": 457000000,
    "operatingIncomeRatio": 0.1510244547,
    "totalOtherIncomeExpensesNet": -301000000,
    "incomeBeforeTax": 156000000,
    "incomeBeforeTaxRatio": 0.0515532056,
    "incomeTaxExpense": 45000000,
    "netIncome": 111000000,
    "netIncomeRatio": 0.0366820886,
    "eps": 0.0679,
    "epsdiluted": 0.0674,
    "weightedAverageShsOut": 1427800000,
    "weightedAverageShsOutDil": 1438400000,
    "link": "https://www.sec.gov/Archives/edgar/data/885725/000088572522000013/0000885725-22-000013-index.htm",
    "finalLink": "https://www.sec.gov/Archives/edgar/data/885725/000088572522000013/bsx-20220331.htm"
  },
  {
    "date": "2021-12-31",
    "symbol": "BSX",
    "reportedCurrency": "USD",
    "cik": "0000885725",
    "fillingDate": "2022-02-23",
    "acceptedDate": "2022-02-23 16:34:25",
    "calendarYear": "2021",
    "period": "Q4",
    "revenue": 3127000000,
    "costOfRevenue": 1186000000,
    "grossProfit": 1941000000,
    "grossProfitRatio": 0.6207227374,
    "researchAndDevelopmentExpenses": 320000000,
    "generalAndAdministrativeExpenses": 0,
    "sellingAndMarketingExpenses": 0,
    "sellingGeneralAndAdministrativeExpenses": 1153000000,
    "otherExpenses": 11000000,
    "operatingExpenses": 1484000000,
    "costAndExpenses": 2670000000,
    "interestIncome": 1000000,
    "interestExpense": 88000000,
    "depreciationAndAmortization": 290000000,
    "ebitda": 498000000,
    "ebitdaratio": 0.1592580748,
    "operatingIncome": 457000000,
    "operatingIncomeRatio": 0.1461464663,
    "totalOtherIncomeExpensesNet": -337000000,
    "incomeBeforeTax": 120000000,
    "incomeBeforeTaxRatio": 0.0383754397,
    "incomeTaxExpense": 26000000,
    "netIncome": 94000000,
    "netIncomeRatio": 0.0300607611,
    "eps": 0.0561,
    "epsdiluted": 0.0557,
    "weightedAverageShsOut": 1425200000,
    "weightedAverageShsOutDil": 1436200000,
    "link": "https://www.sec.gov/Archives/edgar/data/885725/000088572522000006/0000885725-22-000006-index.htm",
    "finalLink": "https://www.sec.gov/Archives/edgar/data/885725/000088572522000006/bsx-20211231.htm"
  },
  {
    "date": "2021-09-30",
    "symbol": "BSX",
    "reportedCurrency": "USD",
    "cik": "0000885725",
    "fillingDate": "2021-11-04",
    "acceptedDate": "2021-11-04 16:48:07",
    "calendarYear": "2021",
    "period": "Q3",
    "revenue": 2932000000,
    "costOfRevenue": 1100000000,
    "grossProfit": 1832000000,
    "grossProfitRatio": 0.6248294679,
    "researchAndDevelopmentExpenses": 310000000,
    "generalAndAdministrativeExpenses": 0,
    "sellingAndMarketingExpenses": 0,
    "sellingGeneralAndAdministrativeExpenses": 1066000000,
    "otherExpenses": 14000000,
    "operatingExpenses": 1390000000,
    "costAndExpenses": 2490000000,
    "interestIncome": 1000000,
    "interestExpense": 86000000,
    "depreciationAndAmortization": 272000000,
    "ebitda": 841000000,
    "ebitdaratio": 0.286834925,
    "operatingIncome": 442000000,
    "operatingIncomeRatio": 0.1507503411,
    "totalOtherIncomeExpensesNet": 41000000,
    "incomeBeforeTax": 483000000,
    "incomeBeforeTaxRatio": 0.16473397,
    "incomeTaxExpense": 64000000,
    "netIncome": 419000000,
    "netIncomeRatio": 0.1429058663,
    "eps": 0.2844,
    "epsdiluted": 0.2821,
    "weightedAverageShsOut": 1423800000,
    "weightedAverageShsOutDil": 1435600000,
    "link": "https://www.sec.gov/Archives/edgar/data/885725/000088572521000052/0000885725-21-000052-index.htm",
    "finalLink": "https://www.sec.gov/Archives/edgar/data/885725/000088572521000052/bsx-20210930.htm"
  },
  {
    "date": "2021-06-30",
    "symbol": "BSX",
    "reportedCurrency": "USD",
    "cik": "0000885725",
    "fillingDate": "2021-08-06",
    "acceptedDate": "2021-08-06 16:36:02",
    "calendarYear": "2021",
    "period": "Q2",
    "revenue": 3077000000,
    "costOfRevenue": 1135000000,
    "grossProfit": 1942000000,
    "grossProfitRatio": 0.6311342216,
    "researchAndDevelopmentExpenses": 298000000,
    "generalAndAdministrativeExpenses": 0,
    "sellingAndMarketingExpenses": 0,
    "sellingGeneralAndAdministrativeExpenses": 1121000000,
    "otherExpenses": 12000000,
    "operatingExpenses": 1431000000,
    "costAndExpenses": 2566000000,
    "interestIncome": 1000000,
    "interestExpense": 88000000,
    "depreciationAndAmortization": 263000000,
    "ebitda": 500000000,
    "ebitdaratio": 0.1624959376,
    "operatingIncome": 511000000,
    "operatingIncomeRatio": 0.1660708482,
    "totalOtherIncomeExpensesNet": -362000000,
    "incomeBeforeTax": 149000000,
    "incomeBeforeTaxRatio": 0.0484237894,
    "incomeTaxExpense": -37000000,
    "netIncome": 186000000,
    "netIncomeRatio": 0.0604484888,
    "eps": 0.121,
    "epsdiluted": 0.1201,
    "weightedAverageShsOut": 1421300000,
    "weightedAverageShsOutDil": 1432500000,
    "link": "https://www.sec.gov/Archives/edgar/data/885725/000088572521000036/0000885725-21-000036-index.htm",
    "finalLink": "https://www.sec.gov/Archives/edgar/data/885725/000088572521000036/bsx-20210630.htm"
  },
  {
    "date": "2021-03-31",
    "symbol": "BSX",
    "reportedCurrency": "USD",
    "cik": "0000885725",
    "fillingDate": "2021-05-06",
    "acceptedDate": "2021-05-06 17:02:25",
    "calendarYear": "2021",
    "period": "Q1",
    "revenue": 2752000000,
    "costOfRevenue": 1085000000,
    "grossProfit": 1667000000,
    "grossProfitRatio": 0.6057412791,
    "researchAndDevelopmentExpenses": 276000000,
    "generalAndAdministrativeExpenses": 0,
    "sellingAndMarketingExpenses": 0,
    "sellingGeneralAndAdministrativeExpenses": 1019000000,
    "otherExpenses": 12000000,
    "operatingExpenses": 1307000000,
    "costAndExpenses": 2392000000,
    "interestIncome": 1000000,
    "interestExpense": 89000000,
    "depreciationAndAmortization": 268000000,
    "ebitda": 682000000,
    "ebitdaratio": 0.2478197674,
    "operatingIncome": 360000000,
    "operatingIncomeRatio": 0.1308139535,
    "totalOtherIncomeExpensesNet": -35000000,
    "incomeBeforeTax": 325000000,
    "incomeBeforeTaxRatio": 0.1180959302,
    "incomeTaxExpense": -16000000,
    "netIncome": 341000000,
    "netIncomeRatio": 0.1239098837,
    "eps": 0.2305,
    "epsdiluted": 0.2285,
    "weightedAverageShsOut": 1418700000,
    "weightedAverageShsOutDil": 1430800000,
    "link": "https://www.sec.gov/Archives/edgar/data/885725/000088572521000014/0000885725-21-000014-index.htm",
    "finalLink": "https://www.sec.gov/Archives/edgar/data/885725/000088572521000014/bsx-20210331.htm"
  },
  {
    "date": "2020-12-31",
    "symbol": "BSX",
    "reportedCurrency": "USD",
    "cik": "0000885725",
    "fillingDate": "2021-02-23",
    "acceptedDate": "2021-02-23 16:21:50",
    "calendarYear": "2020",
    "period": "Q4",
    "revenue": 2708000000,
    "costOfRevenue": 1207000000,
    "grossProfit": 1501000000,
    "grossProfitRatio": 0.5542836041,
    "researchAndDevelopmentExpenses": 286000000,
    "generalAndAdministrativeExpenses": 0,
    "sellingAndMarketingExpenses": 0,
    "sellingGeneralAndAdministrativeExpenses": 1027000000,
    "otherExpenses": 14000000,
    "operatingExpenses": 1327000000,
    "costAndExpenses": 2534000000,
    "interestIncome": 0,
    "interestExpense": 96000000,
    "depreciationAndAmortization": 289000000,
    "ebitda": 633000000,
    "ebitdaratio": 0.2337518464,
    "operatingIncome": 174000000,
    "operatingIncomeRatio": 0.064254062,
    "totalOtherIncomeExpensesNet": 74000000,
    "incomeBeforeTax": 248000000,
    "incomeBeforeTaxRatio": 0.0915805022,
    "incomeTaxExpense": 96000000,
    "netIncome": 152000000,
    "netIncomeRatio": 0.0561299852,
    "eps": 0.0967,
    "epsdiluted": 0.0958,
    "weightedAverageShsOut": 1427700000,
    "weightedAverageShsOutDil": 1440600000,
    "link": "https://www.sec.gov/Archives/edgar/data/885725/000088572521000008/0000885725-21-000008-index.htm",
    "finalLink": "https://www.sec.gov/Archives/edgar/data/885725/000088572521000008/bsx-20201231.htm"
  },
  {
    "date": "2020-09-30",
    "symbol": "BSX",
    "reportedCurrency": "USD",
    "cik": "0000885725",
    "fillingDate": "2020-11-05",
    "acceptedDate": "2020-11-05 06:48:15",
    "calendarYear": "2020",
    "period": "Q3",
    "revenue": 2659000000,
    "costOfRevenue": 1086000000,
    "grossProfit": 1573000000,
    "grossProfitRatio": 0.5915757804,
    "researchAndDevelopmentExpenses": 315000000,
    "generalAndAdministrativeExpenses": 0,
    "sellingAndMarketingExpenses": 0,
    "sellingGeneralAndAdministrativeExpenses": 984000000,
    "otherExpenses": 12000000,
    "operatingExpenses": 1311000000,
    "costAndExpenses": 2397000000,
    "interestIncome": 1000000,
    "interestExpense": 91000000,
    "depreciationAndAmortization": 281000000,
    "ebitda": 145000000,
    "ebitdaratio": 0.0545317789,
    "operatingIncome": 262000000,
    "operatingIncomeRatio": 0.0985332832,
    "totalOtherIncomeExpensesNet": -489000000,
    "incomeBeforeTax": -227000000,
    "incomeBeforeTaxRatio": -0.08537044,
    "incomeTaxExpense": -72000000,
    "netIncome": -155000000,
    "netIncomeRatio": -0.0582925912,
    "eps": -0.1181,
    "epsdiluted": -0.1181,
    "weightedAverageShsOut": 1408333333,
    "weightedAverageShsOutDil": 1430900000,
    "link": "https://www.sec.gov/Archives/edgar/data/885725/000088572520000044/0000885725-20-000044-index.htm",
    "finalLink": "https://www.sec.gov/Archives/edgar/data/885725/000088572520000044/bsx-20200930.htm"
  },
  {
    "date": "2020-06-30",
    "symbol": "BSX",
    "reportedCurrency": "USD",
    "cik": "0000885725",
    "fillingDate": "2020-08-05",
    "acceptedDate": "2020-08-05 16:31:40",
    "calendarYear": "2020",
    "period": "Q2",
    "revenue": 2003000000,
    "costOfRevenue": 1016000000,
    "grossProfit": 987000000,
    "grossProfitRatio": 0.4927608587,
    "researchAndDevelopmentExpenses": 242000000,
    "generalAndAdministrativeExpenses": 0,
    "sellingAndMarketingExpenses": 0,
    "sellingGeneralAndAdministrativeExpenses": 798000000,
    "otherExpenses": 8000000,
    "operatingExpenses": 1048000000,
    "costAndExpenses": 2064000000,
    "interestIncome": 0,
    "interestExpense": 96000000,
    "depreciationAndAmortization": 275000000,
    "ebitda": 191000000,
    "ebitdaratio": 0.0953569646,
    "operatingIncome": -61000000,
    "operatingIncomeRatio": -0.0304543185,
    "totalOtherIncomeExpensesNet": -120000000,
    "incomeBeforeTax": -181000000,
    "incomeBeforeTaxRatio": -0.0903644533,
    "incomeTaxExpense": -33000000,
    "netIncome": -147000000,
    "netIncomeRatio": -0.0733899151,
    "eps": -0.1084,
    "epsdiluted": -0.1084,
    "weightedAverageShsOut": 1381818181,
    "weightedAverageShsOutDil": 1410900000,
    "link": "https://www.sec.gov/Archives/edgar/data/885725/000088572520000036/0000885725-20-000036-index.htm",
    "finalLink": "https://www.sec.gov/Archives/edgar/data/885725/000088572520000036/bsx-20200630.htm"
  },
  {
    "date": "2020-03-31",
    "symbol": "BSX",
    "reportedCurrency": "USD",
    "cik": "0000885725",
    "fillingDate": "2020-05-06",
    "acceptedDate": "2020-05-06 17:20:28",
    "calendarYear": "2020",
    "period": "Q1",
    "revenue": 2543000000,
    "costOfRevenue": 1030000000,
    "grossProfit": 1513000000,
    "grossProfitRatio": 0.5949665749,
    "researchAndDevelopmentExpenses": 300000000,
    "generalAndAdministrativeExpenses": 0,
    "sellingAndMarketingExpenses": 0,
    "sellingGeneralAndAdministrativeExpenses": 978000000,
    "otherExpenses": 12000000,
    "operatingExpenses": 1290000000,
    "costAndExpenses": 2320000000,
    "interestIncome": 1000000,
    "interestExpense": 93000000,
    "depreciationAndAmortization": 277000000,
    "ebitda": 392000000,
    "ebitdaratio": 0.1541486433,
    "operatingIncome": 223000000,
    "operatingIncomeRatio": 0.0876917027,
    "totalOtherIncomeExpensesNet": -201000000,
    "incomeBeforeTax": 22000000,
    "incomeBeforeTaxRatio": 0.0086511994,
    "incomeTaxExpense": 12000000,
    "netIncome": 11000000,
    "netIncomeRatio": 0.0043255997,
    "eps": 0.0079,
    "epsdiluted": 0.0078,
    "weightedAverageShsOut": 1397400000,
    "weightedAverageShsOutDil": 1413500000,
    "link": "https://www.sec.gov/Archives/edgar/data/885725/000088572520000022/0000885725-20-000022-index.htm",
    "finalLink": "https://www.sec.gov/Archives/edgar/data/885725/000088572520000022/q12020form10-q.htm"
  },
  {
    "date": "2019-12-31",
    "symbol": "BSX",
    "reportedCurrency": "USD",
    "cik": "0000885725",
    "fillingDate": "2020-02-25",
    "acceptedDate": "2020-02-25 16:58:01",
    "calendarYear": "2019",
    "period": "Q4",
    "revenue": 2905000000,
    "costOfRevenue": 1078000000,
    "grossProfit": 1827000000,
    "grossProfitRatio": 0.6289156627,
    "researchAndDevelopmentExpenses": 309000000,
    "generalAndAdministrativeExpenses": 0,
    "sellingAndMarketingExpenses": 0,
    "sellingGeneralAndAdministrativeExpenses": 1092000000,
    "otherExpenses": -17000000,
    "operatingExpenses": 1418000000,
    "costAndExpenses": 2496000000,
    "interestIncome": 1000000,
    "interestExpense": 189000000,
    "depreciationAndAmortization": 292000000,
    "ebitda": 476000000,
    "ebitdaratio": 0.1638554217,
    "operatingIncome": 409000000,
    "operatingIncomeRatio": 0.1407917384,
    "totalOtherIncomeExpensesNet": -415000000,
    "incomeBeforeTax": -6000000,
    "incomeBeforeTaxRatio": -0.0020654045,
    "incomeTaxExpense": -4002000000,
    "netIncome": 3996000000,
    "netIncomeRatio": 1.3755593804,
    "eps": 2.866,
    "epsdiluted": 2.8278,
    "weightedAverageShsOut": 1394300000,
    "weightedAverageShsOutDil": 1413100000,
    "link": "https://www.sec.gov/Archives/edgar/data/885725/000088572520000012/0000885725-20-000012-index.htm",
    "finalLink": "https://www.sec.gov/Archives/edgar/data/885725/000088572520000012/a2019form10-k.htm"
  },
  {
    "date": "2019-09-30",
    "symbol": "BSX",
    "reportedCurrency": "USD",
    "cik": "0000885725",
    "fillingDate": "2019-11-05",
    "acceptedDate": "2019-11-05 06:33:21",
    "calendarYear": "2019",
    "period": "Q3",
    "revenue": 2707000000,
    "costOfRevenue": 977000000,
    "grossProfit": 1730000000,
    "grossProfitRatio": 0.6390838567,
    "researchAndDevelopmentExpenses": 306000000,
    "generalAndAdministrativeExpenses": 0,
    "sellingAndMarketingExpenses": 0,
    "sellingGeneralAndAdministrativeExpenses": 1012000000,
    "otherExpenses": -15000000,
    "operatingExpenses": 1333000000,
    "costAndExpenses": 2310000000,
    "interestIncome": 8000000,
    "interestExpense": 106000000,
    "depreciationAndAmortization": 257000000,
    "ebitda": 454000000,
    "ebitdaratio": 0.1677133358,
    "operatingIncome": 397000000,
    "operatingIncomeRatio": 0.1466568157,
    "totalOtherIncomeExpensesNet": -306000000,
    "incomeBeforeTax": 91000000,
    "incomeBeforeTaxRatio": 0.0336165497,
    "incomeTaxExpense": -35000000,
    "netIncome": 126000000,
    "netIncomeRatio": 0.0465459919,
    "eps": 0.0904,
    "epsdiluted": 0.0892,
    "weightedAverageShsOut": 1393100000,
    "weightedAverageShsOutDil": 1412200000,
    "link": "https://www.sec.gov/Archives/edgar/data/885725/000088572519000045/0000885725-19-000045-index.htm",
    "finalLink": "https://www.sec.gov/Archives/edgar/data/885725/000088572519000045/q32019form10-q.htm"
  },
  {
    "date": "2019-06-30",
    "symbol": "BSX",
    "reportedCurrency": "USD",
    "cik": "0000885725",
    "fillingDate": "2019-07-30",
    "acceptedDate": "2019-07-30 16:11:18",
    "calendarYear": "2019",
    "period": "Q2",
    "revenue": 2631000000,
    "costOfRevenue": 935000000,
    "grossProfit": 1696000000,
    "grossProfitRatio": 0.6446218168,
    "researchAndDevelopmentExpenses": 280000000,
    "generalAndAdministrativeExpenses": 0,
    "sellingAndMarketingExpenses": 0,
    "sellingGeneralAndAdministrativeExpenses": 968000000,
    "otherExpenses": -17000000,
    "operatingExpenses": 1265000000,
    "costAndExpenses": 2200000000,
    "interestIncome": 14000000,
    "interestExpense": 98000000,
    "depreciationAndAmortization": 234000000,
    "ebitda": 477000000,
    "ebitdaratio": 0.181299886,
    "operatingIncome": 431000000,
    "operatingIncomeRatio": 0.1638160395,
    "totalOtherIncomeExpensesNet": -286000000,
    "incomeBeforeTax": 145000000,
    "incomeBeforeTaxRatio": 0.0551121247,
    "incomeTaxExpense": -9000000,
    "netIncome": 154000000,
    "netIncomeRatio": 0.0585328772,
    "eps": 0.11,
    "epsdiluted": 0.11,
    "weightedAverageShsOut": 1391000000,
    "weightedAverageShsOutDil": 1408600000,
    "link": "https://www.sec.gov/Archives/edgar/data/885725/000088572519000040/0000885725-19-000040-index.htm",
    "finalLink": "https://www.sec.gov/Archives/edgar/data/885725/000088572519000040/q22019form10-q.htm"
  },
  {
    "date": "2019-03-31",
    "symbol": "BSX",
    "reportedCurrency": "USD",
    "cik": "0000885725",
    "fillingDate": "2019-04-29",
    "acceptedDate": "2019-04-29 16:23:10",
    "calendarYear": "2019",
    "period": "Q1",
    "revenue": 2493000000,
    "costOfRevenue": 899000000,
    "grossProfit": 1594000000,
    "grossProfitRatio": 0.6393902928,
    "researchAndDevelopmentExpenses": 280000000,
    "generalAndAdministrativeExpenses": 0,
    "sellingAndMarketingExpenses": 0,
    "sellingGeneralAndAdministrativeExpenses": 869000000,
    "otherExpenses": -16000000,
    "operatingExpenses": 1165000000,
    "costAndExpenses": 2064000000,
    "interestIncome": 7000000,
    "interestExpense": 114000000,
    "depreciationAndAmortization": 229000000,
    "ebitda": 800000000,
    "ebitdaratio": 0.3208985158,
    "operatingIncome": 429000000,
    "operatingIncomeRatio": 0.1720818291,
    "totalOtherIncomeExpensesNet": 28000000,
    "incomeBeforeTax": 457000000,
    "incomeBeforeTaxRatio": 0.1833132772,
    "incomeTaxExpense": 33000000,
    "netIncome": 424000000,
    "netIncomeRatio": 0.1700762134,
    "eps": 0.31,
    "epsdiluted": 0.3,
    "weightedAverageShsOut": 1387700000,
    "weightedAverageShsOutDil": 1408400000,
    "link": "https://www.sec.gov/Archives/edgar/data/885725/000088572519000024/0000885725-19-000024-index.htm",
    "finalLink": "https://www.sec.gov/Archives/edgar/data/885725/000088572519000024/q12019form10-q.htm"
  },
  {
    "date": "2018-12-31",
    "symbol": "BSX",
    "reportedCurrency": "USD",
    "cik": "0000885725",
    "fillingDate": "2019-02-19",
    "acceptedDate": "2019-02-19 17:21:15",
    "calendarYear": "2018",
    "period": "Q4",
    "revenue": 2561000000,
    "costOfRevenue": 885000000,
    "grossProfit": 1676000000,
    "grossProfitRatio": 0.6544318626,
    "researchAndDevelopmentExpenses": 288000000,
    "generalAndAdministrativeExpenses": 0,
    "sellingAndMarketingExpenses": 0,
    "sellingGeneralAndAdministrativeExpenses": 946000000,
    "otherExpenses": -18000000,
    "operatingExpenses": 1252000000,
    "costAndExpenses": 2137000000,
    "interestIncome": 1000000,
    "interestExpense": 74000000,
    "depreciationAndAmortization": 245000000,
    "ebitda": 615000000,
    "ebitdaratio": 0.2401405701,
    "operatingIncome": 424000000,
    "operatingIncomeRatio": 0.165560328,
    "totalOtherIncomeExpensesNet": -128000000,
    "incomeBeforeTax": 296000000,
    "incomeBeforeTaxRatio": 0.1155798516,
    "incomeTaxExpense": -90000000,
    "netIncome": 386000000,
    "netIncomeRatio": 0.1507223741,
    "eps": 0.28,
    "epsdiluted": 0.27,
    "weightedAverageShsOut": 1384200000,
    "weightedAverageShsOutDil": 1406200000,
    "link": "https://www.sec.gov/Archives/edgar/data/885725/000088572519000011/0000885725-19-000011-index.htm",
    "finalLink": "https://www.sec.gov/Archives/edgar/data/885725/000088572519000011/a2018form10-k.htm"
  },
  {
    "date": "2018-09-30",
    "symbol": "BSX",
    "reportedCurrency": "USD",
    "cik": "0000885725",
    "fillingDate": "2018-10-29",
    "acceptedDate": "2018-10-29 16:50:47",
    "calendarYear": "2018",
    "period": "Q3",
    "revenue": 2393000000,
    "costOfRevenue": 808000000,
    "grossProfit": 1585000000,
    "grossProfitRatio": 0.6623485165,
    "researchAndDevelopmentExpenses": 289000000,
    "generalAndAdministrativeExpenses": 0,
    "sellingAndMarketingExpenses": 0,
    "sellingGeneralAndAdministrativeExpenses": 868000000,
    "otherExpenses": -17000000,
    "operatingExpenses": 1174000000,
    "costAndExpenses": 1982000000,
    "interestIncome": 0,
    "interestExpense": 68000000,
    "depreciationAndAmortization": 222000000,
    "ebitda": 747000000,
    "ebitdaratio": 0.312160468,
    "operatingIncome": 411000000,
    "operatingIncomeRatio": 0.1717509402,
    "totalOtherIncomeExpensesNet": 45000000,
    "incomeBeforeTax": 456000000,
    "incomeBeforeTaxRatio": 0.1905557877,
    "incomeTaxExpense": 24000000,
    "netIncome": 432000000,
    "netIncomeRatio": 0.1805265357,
    "eps": 0.31,
    "epsdiluted": 0.31,
    "weightedAverageShsOut": 1382800000,
    "weightedAverageShsOutDil": 1403900000,
    "link": "https://www.sec.gov/Archives/edgar/data/885725/000088572518000045/0000885725-18-000045-index.htm",
    "finalLink": "https://www.sec.gov/Archives/edgar/data/885725/000088572518000045/q32018form10-q.htm"
  },
  {
    "date": "2018-06-30",
    "symbol": "BSX",
    "reportedCurrency": "USD",
    "cik": "0000885725",
    "fillingDate": "2018-07-31",
    "acceptedDate": "2018-07-31 16:18:42",
    "calendarYear": "2018",
    "period": "Q2",
    "revenue": 2490000000,
    "costOfRevenue": 860000000,
    "grossProfit": 1630000000,
    "grossProfitRatio": 0.6546184739,
    "researchAndDevelopmentExpenses": 275000000,
    "generalAndAdministrativeExpenses": 0,
    "sellingAndMarketingExpenses": 0,
    "sellingGeneralAndAdministrativeExpenses": 891000000,
    "otherExpenses": -17000000,
    "operatingExpenses": 1183000000,
    "costAndExpenses": 2043000000,
    "interestIncome": 1000000,
    "interestExpense": 64000000,
    "depreciationAndAmortization": 217000000,
    "ebitda": 627000000,
    "ebitdaratio": 0.2518072289,
    "operatingIncome": 447000000,
    "operatingIncomeRatio": 0.1795180723,
    "totalOtherIncomeExpensesNet": -100000000,
    "incomeBeforeTax": 347000000,
    "incomeBeforeTaxRatio": 0.1393574297,
    "incomeTaxExpense": -209000000,
    "netIncome": 555000000,
    "netIncomeRatio": 0.2228915663,
    "eps": 0.4,
    "epsdiluted": 0.4,
    "weightedAverageShsOut": 1380500000,
    "weightedAverageShsOutDil": 1398900000,
    "link": "https://www.sec.gov/Archives/edgar/data/885725/000088572518000032/0000885725-18-000032-index.htm",
    "finalLink": "https://www.sec.gov/Archives/edgar/data/885725/000088572518000032/q22018form10-q.htm"
  },
  {
    "date": "2018-03-31",
    "symbol": "BSX",
    "reportedCurrency": "USD",
    "cik": "0000885725",
    "fillingDate": "2018-05-01",
    "acceptedDate": "2018-05-01 06:32:14",
    "calendarYear": "2018",
    "period": "Q1",
    "revenue": 2379000000,
    "costOfRevenue": 791000000,
    "grossProfit": 1588000000,
    "grossProfitRatio": 0.667507356,
    "researchAndDevelopmentExpenses": 261000000,
    "generalAndAdministrativeExpenses": 0,
    "sellingAndMarketingExpenses": 0,
    "sellingGeneralAndAdministrativeExpenses": 852000000,
    "otherExpenses": -18000000,
    "operatingExpenses": 1131000000,
    "costAndExpenses": 1922000000,
    "interestIncome": 1000000,
    "interestExpense": 61000000,
    "depreciationAndAmortization": 209000000,
    "ebitda": 594000000,
    "ebitdaratio": 0.2496847415,
    "operatingIncome": 457000000,
    "operatingIncomeRatio": 0.19209752,
    "totalOtherIncomeExpensesNet": -134000000,
    "incomeBeforeTax": 323000000,
    "incomeBeforeTaxRatio": 0.1357713325,
    "incomeTaxExpense": 26000000,
    "netIncome": 298000000,
    "netIncomeRatio": 0.1252627154,
    "eps": 0.22,
    "epsdiluted": 0.21,
    "weightedAverageShsOut": 1376500000,
    "weightedAverageShsOutDil": 1396800000,
    "link": "https://www.sec.gov/Archives/edgar/data/885725/000088572518000021/0000885725-18-000021-index.htm",
    "finalLink": "https://www.sec.gov/Archives/edgar/data/885725/000088572518000021/q12018form10-q.htm"
  },
  {
    "date": "2017-12-31",
    "symbol": "BSX",
    "reportedCurrency": "USD",
    "cik": "0000885725",
    "fillingDate": "2018-02-20",
    "acceptedDate": "2018-02-20 06:20:01",
    "calendarYear": "2017",
    "period": "Q4",
    "revenue": 2408000000,
    "costOfRevenue": 800000000,
    "grossProfit": 1608000000,
    "grossProfitRatio": 0.6677740864,
    "researchAndDevelopmentExpenses": 264000000,
    "generalAndAdministrativeExpenses": 0,
    "sellingAndMarketingExpenses": 0,
    "sellingGeneralAndAdministrativeExpenses": 882000000,
    "otherExpenses": -18000000,
    "operatingExpenses": 1164000000,
    "costAndExpenses": 1964000000,
    "interestIncome": 1000000,
    "interestExpense": 56000000,
    "depreciationAndAmortization": 222000000,
    "ebitda": 506000000,
    "ebitdaratio": 0.2101328904,
    "operatingIncome": 444000000,
    "operatingIncomeRatio": 0.1843853821,
    "totalOtherIncomeExpensesNet": -217000000,
    "incomeBeforeTax": 227000000,
    "incomeBeforeTaxRatio": 0.094269103,
    "incomeTaxExpense": 842000000,
    "netIncome": -615000000,
    "netIncomeRatio": -0.2553986711,
    "eps": -0.45,
    "epsdiluted": -0.45,
    "weightedAverageShsOut": 1373300000,
    "weightedAverageShsOutDil": 1373300000,
    "link": "https://www.sec.gov/Archives/edgar/data/885725/000088572518000010/0000885725-18-000010-index.htm",
    "finalLink": "https://www.sec.gov/Archives/edgar/data/885725/000088572518000010/a2017form10-k.htm"
  },
  {
    "date": "2017-09-30",
    "symbol": "BSX",
    "reportedCurrency": "USD",
    "cik": "0000885725",
    "fillingDate": "2017-11-02",
    "acceptedDate": "2017-11-02 16:50:28",
    "calendarYear": "2017",
    "period": "Q3",
    "revenue": 2222000000,
    "costOfRevenue": 779000000,
    "grossProfit": 1443000000,
    "grossProfitRatio": 0.6494149415,
    "researchAndDevelopmentExpenses": 254000000,
    "generalAndAdministrativeExpenses": 0,
    "sellingAndMarketingExpenses": 0,
    "sellingGeneralAndAdministrativeExpenses": 797000000,
    "otherExpenses": -16000000,
    "operatingExpenses": 1067000000,
    "costAndExpenses": 1846000000,
    "interestIncome": 3000000,
    "interestExpense": 57000000,
    "depreciationAndAmortization": 210000000,
    "ebitda": 576000000,
    "ebitdaratio": 0.2592259226,
    "operatingIncome": 376000000,
    "operatingIncomeRatio": 0.1692169217,
    "totalOtherIncomeExpensesNet": -67000000,
    "incomeBeforeTax": 309000000,
    "incomeBeforeTaxRatio": 0.1390639064,
    "incomeTaxExpense": 26000000,
    "netIncome": 283000000,
    "netIncomeRatio": 0.1273627363,
    "eps": 0.21,
    "epsdiluted": 0.2,
    "weightedAverageShsOut": 1372000000,
    "weightedAverageShsOutDil": 1394100000,
    "link": "https://www.sec.gov/Archives/edgar/data/885725/000088572517000037/0000885725-17-000037-index.htm",
    "finalLink": "https://www.sec.gov/Archives/edgar/data/885725/000088572517000037/q32017form10-q.htm"
  },
  {
    "date": "2017-06-30",
    "symbol": "BSX",
    "reportedCurrency": "USD",
    "cik": "0000885725",
    "fillingDate": "2017-08-03",
    "acceptedDate": "2017-08-03 16:24:02",
    "calendarYear": "2017",
    "period": "Q2",
    "revenue": 2257000000,
    "costOfRevenue": 789000000,
    "grossProfit": 1468000000,
    "grossProfitRatio": 0.6504209127,
    "researchAndDevelopmentExpenses": 244000000,
    "generalAndAdministrativeExpenses": 0,
    "sellingAndMarketingExpenses": 0,
    "sellingGeneralAndAdministrativeExpenses": 812000000,
    "otherExpenses": -17000000,
    "operatingExpenses": 1073000000,
    "costAndExpenses": 1862000000,
    "interestIncome": 0,
    "interestExpense": 58000000,
    "depreciationAndAmortization": 207000000,
    "ebitda": 356000000,
    "ebitdaratio": 0.157731502,
    "operatingIncome": 395000000,
    "operatingIncomeRatio": 0.1750110767,
    "totalOtherIncomeExpensesNet": -304000000,
    "incomeBeforeTax": 91000000,
    "incomeBeforeTaxRatio": 0.0403190075,
    "incomeTaxExpense": -55000000,
    "netIncome": 146000000,
    "netIncomeRatio": 0.0646876385,
    "eps": 0.11,
    "epsdiluted": 0.105,
    "weightedAverageShsOut": 1369800000,
    "weightedAverageShsOutDil": 1391100000,
    "link": "https://www.sec.gov/Archives/edgar/data/885725/000088572517000028/0000885725-17-000028-index.htm",
    "finalLink": "https://www.sec.gov/Archives/edgar/data/885725/000088572517000028/q22017form10-q.htm"
  },
  {
    "date": "2017-03-31",
    "symbol": "BSX",
    "reportedCurrency": "USD",
    "cik": "0000885725",
    "fillingDate": "2017-05-03",
    "acceptedDate": "2017-05-03 16:26:53",
    "calendarYear": "2017",
    "period": "Q1",
    "revenue": 2160000000,
    "costOfRevenue": 803000000,
    "grossProfit": 1357000000,
    "grossProfitRatio": 0.6282407407,
    "researchAndDevelopmentExpenses": 235000000,
    "generalAndAdministrativeExpenses": 0,
    "sellingAndMarketingExpenses": 0,
    "sellingGeneralAndAdministrativeExpenses": 791000000,
    "otherExpenses": -23000000,
    "operatingExpenses": 1049000000,
    "costAndExpenses": 1852000000,
    "interestIncome": 1000000,
    "interestExpense": 57000000,
    "depreciationAndAmortization": 206000000,
    "ebitda": 568000000,
    "ebitdaratio": 0.262962963,
    "operatingIncome": 308000000,
    "operatingIncomeRatio": 0.1425925926,
    "totalOtherIncomeExpensesNet": -3000000,
    "incomeBeforeTax": 305000000,
    "incomeBeforeTaxRatio": 0.1412037037,
    "incomeTaxExpense": 15000000,
    "netIncome": 290000000,
    "netIncomeRatio": 0.1342592593,
    "eps": 0.21,
    "epsdiluted": 0.21,
    "weightedAverageShsOut": 1365400000,
    "weightedAverageShsOutDil": 1390200000,
    "link": "https://www.sec.gov/Archives/edgar/data/885725/000088572517000019/0000885725-17-000019-index.htm",
    "finalLink": "https://www.sec.gov/Archives/edgar/data/885725/000088572517000019/q12017form10-q.htm"
  },
  {
    "date": "2016-12-31",
    "symbol": "BSX",
    "reportedCurrency": "USD",
    "cik": "0000885725",
    "fillingDate": "2017-02-23",
    "acceptedDate": "2017-02-23 16:07:23",
    "calendarYear": "2016",
    "period": "Q4",
    "revenue": 2191000000,
    "costOfRevenue": 760000000,
    "grossProfit": 1431000000,
    "grossProfitRatio": 0.6531264263,
    "researchAndDevelopmentExpenses": 256000000,
    "generalAndAdministrativeExpenses": 0,
    "sellingAndMarketingExpenses": 0,
    "sellingGeneralAndAdministrativeExpenses": 828000000,
    "otherExpenses": -29000000,
    "operatingExpenses": 1113000000,
    "costAndExpenses": 1873000000,
    "interestIncome": 0,
    "interestExpense": 58000000,
    "depreciationAndAmortization": 214000000,
    "ebitda": 361000000,
    "ebitdaratio": 0.1647649475,
    "operatingIncome": 318000000,
    "operatingIncomeRatio": 0.1451392058,
    "totalOtherIncomeExpensesNet": -229000000,
    "incomeBeforeTax": 89000000,
    "incomeBeforeTaxRatio": 0.0406207211,
    "incomeTaxExpense": -35000000,
    "netIncome": 124000000,
    "netIncomeRatio": 0.056595162,
    "eps": 0.09,
    "epsdiluted": 0.09,
    "weightedAverageShsOut": 1361900000,
    "weightedAverageShsOutDil": 1381200000,
    "link": "https://www.sec.gov/Archives/edgar/data/885725/000088572517000006/0000885725-17-000006-index.htm",
    "finalLink": "https://www.sec.gov/Archives/edgar/data/885725/000088572517000006/a2016form10-k.htm"
  },
  {
    "date": "2016-09-30",
    "symbol": "BSX",
    "reportedCurrency": "USD",
    "cik": "0000885725",
    "fillingDate": "2016-11-03",
    "acceptedDate": "2016-11-03 16:10:46",
    "calendarYear": "2016",
    "period": "Q3",
    "revenue": 2105000000,
    "costOfRevenue": 743000000,
    "grossProfit": 1362000000,
    "grossProfitRatio": 0.6470308789,
    "researchAndDevelopmentExpenses": 232000000,
    "generalAndAdministrativeExpenses": 0,
    "sellingAndMarketingExpenses": 0,
    "sellingGeneralAndAdministrativeExpenses": 768000000,
    "otherExpenses": -26000000,
    "operatingExpenses": 1026000000,
    "costAndExpenses": 1769000000,
    "interestIncome": 0,
    "interestExpense": 58000000,
    "depreciationAndAmortization": 203000000,
    "ebitda": 518000000,
    "ebitdaratio": 0.2460807601,
    "operatingIncome": 336000000,
    "operatingIncomeRatio": 0.1596199525,
    "totalOtherIncomeExpensesNet": -79000000,
    "incomeBeforeTax": 257000000,
    "incomeBeforeTaxRatio": 0.1220902613,
    "incomeTaxExpense": 29000000,
    "netIncome": 228000000,
    "netIncomeRatio": 0.1083135392,
    "eps": 0.17,
    "epsdiluted": 0.17,
    "weightedAverageShsOut": 1360600000,
    "weightedAverageShsOutDil": 1379700000,
    "link": "https://www.sec.gov/Archives/edgar/data/885725/000088572516000053/0000885725-16-000053-index.htm",
    "finalLink": "https://www.sec.gov/Archives/edgar/data/885725/000088572516000053/q32016form10-q.htm"
  },
  {
    "date": "2016-06-30",
    "symbol": "BSX",
    "reportedCurrency": "USD",
    "cik": "0000885725",
    "fillingDate": "2016-08-03",
    "acceptedDate": "2016-08-03 16:12:18",
    "calendarYear": "2016",
    "period": "Q2",
    "revenue": 2126000000,
    "costOfRevenue": 659000000,
    "grossProfit": 1467000000,
    "grossProfitRatio": 0.690028222,
    "researchAndDevelopmentExpenses": 222000000,
    "generalAndAdministrativeExpenses": 779000000,
    "sellingAndMarketingExpenses": 0,
    "sellingGeneralAndAdministrativeExpenses": 779000000,
    "otherExpenses": -4000000,
    "operatingExpenses": 1136000000,
    "costAndExpenses": 1795000000,
    "interestIncome": 1000000,
    "interestExpense": 59000000,
    "depreciationAndAmortization": 135000000,
    "ebitda": -334000000,
    "ebitdaratio": -0.15710254,
    "operatingIncome": -334000000,
    "operatingIncomeRatio": -0.15710254,
    "totalOtherIncomeExpensesNet": -63000000,
    "incomeBeforeTax": -397000000,
    "incomeBeforeTaxRatio": -0.1867356538,
    "incomeTaxExpense": -190000000,
    "netIncome": -207000000,
    "netIncomeRatio": -0.0973659454,
    "eps": -0.15,
    "epsdiluted": -0.15,
    "weightedAverageShsOut": 1357400000,
    "weightedAverageShsOutDil": 1357400000,
    "link": "https://www.sec.gov/Archives/edgar/data/885725/000088572516000045/0000885725-16-000045-index.htm",
    "finalLink": "https://www.sec.gov/Archives/edgar/data/885725/000088572516000045/q22016form10-q.htm"
  },
  {
    "date": "2016-03-31",
    "symbol": "BSX",
    "reportedCurrency": "USD",
    "cik": "0000885725",
    "fillingDate": "2016-05-04",
    "acceptedDate": "2016-05-04 16:08:58",
    "calendarYear": "2016",
    "period": "Q1",
    "revenue": 1964000000,
    "costOfRevenue": 592000000,
    "grossProfit": 1372000000,
    "grossProfitRatio": 0.6985743381,
    "researchAndDevelopmentExpenses": 210000000,
    "generalAndAdministrativeExpenses": 716000000,
    "sellingAndMarketingExpenses": 0,
    "sellingGeneralAndAdministrativeExpenses": 716000000,
    "otherExpenses": -6000000,
    "operatingExpenses": 1062000000,
    "costAndExpenses": 1654000000,
    "interestIncome": 3000000,
    "interestExpense": 59000000,
    "depreciationAndAmortization": 136000000,
    "ebitda": 423000000,
    "ebitdaratio": 0.2153767821,
    "operatingIncome": 293000000,
    "operatingIncomeRatio": 0.149185336,
    "totalOtherIncomeExpensesNet": -65000000,
    "incomeBeforeTax": 228000000,
    "incomeBeforeTaxRatio": 0.116089613,
    "incomeTaxExpense": 26000000,
    "netIncome": 202000000,
    "netIncomeRatio": 0.1028513238,
    "eps": 0.15,
    "epsdiluted": 0.15,
    "weightedAverageShsOut": 1350400000,
    "weightedAverageShsOutDil": 1369900000,
    "link": "https://www.sec.gov/Archives/edgar/data/885725/000088572516000035/0000885725-16-000035-index.htm",
    "finalLink": "https://www.sec.gov/Archives/edgar/data/885725/000088572516000035/q12016form10-q.htm"
  },
  {
    "date": "2015-12-31",
    "symbol": "BSX",
    "reportedCurrency": "USD",
    "cik": "0000885725",
    "fillingDate": "2016-02-24",
    "acceptedDate": "2016-02-24 16:10:02",
    "calendarYear": "2015",
    "period": "Q4",
    "revenue": 1978000000,
    "costOfRevenue": 590000000,
    "grossProfit": 1388000000,
    "grossProfitRatio": 0.701718908,
    "researchAndDevelopmentExpenses": 244000000,
    "generalAndAdministrativeExpenses": 778000000,
    "sellingAndMarketingExpenses": -1000000,
    "sellingGeneralAndAdministrativeExpenses": 777000000,
    "otherExpenses": -8000000,
    "operatingExpenses": 1156000000,
    "costAndExpenses": 1746000000,
    "interestIncome": 3000000,
    "interestExpense": 59000000,
    "depreciationAndAmortization": 135000000,
    "ebitda": -271000000,
    "ebitdaratio": -0.1370070779,
    "operatingIncome": -271000000,
    "operatingIncomeRatio": -0.1370070779,
    "totalOtherIncomeExpensesNet": -67000000,
    "incomeBeforeTax": -338000000,
    "incomeBeforeTaxRatio": -0.1708796764,
    "incomeTaxExpense": -196000000,
    "netIncome": -142000000,
    "netIncomeRatio": -0.0717896866,
    "eps": -0.11,
    "epsdiluted": -0.11,
    "weightedAverageShsOut": 1294521984,
    "weightedAverageShsOutDil": 1345900000,
    "link": "https://www.sec.gov/Archives/edgar/data/885725/000088572516000028/0000885725-16-000028-index.htm",
    "finalLink": "https://www.sec.gov/Archives/edgar/data/885725/000088572516000028/a2015form10-k.htm"
  },
  {
    "date": "2015-09-30",
    "symbol": "BSX",
    "reportedCurrency": "USD",
    "cik": "0000885725",
    "fillingDate": "2015-11-04",
    "acceptedDate": "2015-11-04 16:25:22",
    "calendarYear": "2015",
    "period": "Q3",
    "revenue": 1888000000,
    "costOfRevenue": 556000000,
    "grossProfit": 1332000000,
    "grossProfitRatio": 0.7055084746,
    "researchAndDevelopmentExpenses": 221000000,
    "generalAndAdministrativeExpenses": 729000000,
    "sellingAndMarketingExpenses": 0,
    "sellingGeneralAndAdministrativeExpenses": 729000000,
    "otherExpenses": -10000000,
    "operatingExpenses": 1081000000,
    "costAndExpenses": 1637000000,
    "interestIncome": 1000000,
    "interestExpense": 58000000,
    "depreciationAndAmortization": 131000000,
    "ebitda": -299000000,
    "ebitdaratio": -0.1583686441,
    "operatingIncome": -299000000,
    "operatingIncomeRatio": -0.1583686441,
    "totalOtherIncomeExpensesNet": -68000000,
    "incomeBeforeTax": -367000000,
    "incomeBeforeTaxRatio": -0.1943855932,
    "incomeTaxExpense": -169000000,
    "netIncome": -198000000,
    "netIncomeRatio": -0.1048728814,
    "eps": -0.15,
    "epsdiluted": -0.15,
    "weightedAverageShsOut": 1320000000,
    "weightedAverageShsOutDil": 1344000000,
    "link": "https://www.sec.gov/Archives/edgar/data/885725/000088572515000024/0000885725-15-000024-index.htm",
    "finalLink": "https://www.sec.gov/Archives/edgar/data/885725/000088572515000024/q32015form10-q.htm"
  },
  {
    "date": "2015-06-30",
    "symbol": "BSX",
    "reportedCurrency": "USD",
    "cik": "0000885725",
    "fillingDate": "2015-08-06",
    "acceptedDate": "2015-08-06 16:05:12",
    "calendarYear": "2015",
    "period": "Q2",
    "revenue": 1843000000,
    "costOfRevenue": 558000000,
    "grossProfit": 1285000000,
    "grossProfitRatio": 0.6972327727,
    "researchAndDevelopmentExpenses": 220000000,
    "generalAndAdministrativeExpenses": 700000000,
    "sellingAndMarketingExpenses": 0,
    "sellingGeneralAndAdministrativeExpenses": 700000000,
    "otherExpenses": -8000000,
    "operatingExpenses": 1036000000,
    "costAndExpenses": 1594000000,
    "interestIncome": 0,
    "interestExpense": 106000000,
    "depreciationAndAmortization": 116000000,
    "ebitda": 327000000,
    "ebitdaratio": 0.1774281063,
    "operatingIncome": 219000000,
    "operatingIncomeRatio": 0.1188279978,
    "totalOtherIncomeExpensesNet": -114000000,
    "incomeBeforeTax": 105000000,
    "incomeBeforeTaxRatio": 0.0569723277,
    "incomeTaxExpense": 3000000,
    "netIncome": 102000000,
    "netIncomeRatio": 0.0553445469,
    "eps": 0.076,
    "epsdiluted": 0.0749,
    "weightedAverageShsOut": 1341300000,
    "weightedAverageShsOutDil": 1361800000,
    "link": "https://www.sec.gov/Archives/edgar/data/885725/000088572515000020/0000885725-15-000020-index.htm",
    "finalLink": "https://www.sec.gov/Archives/edgar/data/885725/000088572515000020/q22015form10-q.htm"
  },
  {
    "date": "2015-03-31",
    "symbol": "BSX",
    "reportedCurrency": "USD",
    "cik": "0000885725",
    "fillingDate": "2015-05-06",
    "acceptedDate": "2015-05-06 16:41:48",
    "calendarYear": "2015",
    "period": "Q1",
    "revenue": 1768000000,
    "costOfRevenue": 537000000,
    "grossProfit": 1231000000,
    "grossProfitRatio": 0.6962669683,
    "researchAndDevelopmentExpenses": 192000000,
    "generalAndAdministrativeExpenses": 668000000,
    "sellingAndMarketingExpenses": 0,
    "sellingGeneralAndAdministrativeExpenses": 668000000,
    "otherExpenses": -15000000,
    "operatingExpenses": 973000000,
    "costAndExpenses": 1510000000,
    "interestIncome": 0,
    "interestExpense": 60000000,
    "depreciationAndAmortization": 113000000,
    "ebitda": 122000000,
    "ebitdaratio": 0.0690045249,
    "operatingIncome": 24000000,
    "operatingIncomeRatio": 0.0135746606,
    "totalOtherIncomeExpensesNet": -75000000,
    "incomeBeforeTax": -51000000,
    "incomeBeforeTaxRatio": -0.0288461538,
    "incomeTaxExpense": -50000000,
    "netIncome": -1000000,
    "netIncomeRatio": -0.0005656109,
    "eps": -0.0007,
    "epsdiluted": -0.0007,
    "weightedAverageShsOut": 1333700000,
    "weightedAverageShsOutDil": 1333700000,
    "link": "https://www.sec.gov/Archives/edgar/data/885725/000088572515000012/0000885725-15-000012-index.htm",
    "finalLink": "https://www.sec.gov/Archives/edgar/data/885725/000088572515000012/q12015form10-q.htm"
  },
  {
    "date": "2014-12-31",
    "symbol": "BSX",
    "reportedCurrency": "USD",
    "cik": "0000885725",
    "fillingDate": "2015-02-25",
    "acceptedDate": "2015-02-25 16:11:03",
    "calendarYear": "2014",
    "period": "Q4",
    "revenue": 1887000000,
    "costOfRevenue": 584000000,
    "grossProfit": 1303000000,
    "grossProfitRatio": 0.6905140435,
    "researchAndDevelopmentExpenses": 208000000,
    "generalAndAdministrativeExpenses": 752000000,
    "sellingAndMarketingExpenses": 1000000,
    "sellingGeneralAndAdministrativeExpenses": 753000000,
    "otherExpenses": -7000000,
    "operatingExpenses": 1072000000,
    "costAndExpenses": 1656000000,
    "interestIncome": 2000000,
    "interestExpense": 54000000,
    "depreciationAndAmortization": 111000000,
    "ebitda": -493000000,
    "ebitdaratio": -0.2612612613,
    "operatingIncome": 107000000,
    "operatingIncomeRatio": 0.0567037626,
    "totalOtherIncomeExpensesNet": -661000000,
    "incomeBeforeTax": 46000000,
    "incomeBeforeTaxRatio": 0.0243773185,
    "incomeTaxExpense": -41000000,
    "netIncome": 87000000,
    "netIncomeRatio": 0.0461049285,
    "eps": 0.0656,
    "epsdiluted": 0.0644,
    "weightedAverageShsOut": 1326800000,
    "weightedAverageShsOutDil": 1350100000,
    "link": "https://www.sec.gov/Archives/edgar/data/885725/000088572515000006/0000885725-15-000006-index.htm",
    "finalLink": "https://www.sec.gov/Archives/edgar/data/885725/000088572515000006/a2014form10-k.htm"
  },
  {
    "date": "2014-09-30",
    "symbol": "BSX",
    "reportedCurrency": "USD",
    "cik": "0000885725",
    "fillingDate": "2014-11-05",
    "acceptedDate": "2014-11-05 16:11:13",
    "calendarYear": "2014",
    "period": "Q3",
    "revenue": 1846000000,
    "costOfRevenue": 571000000,
    "grossProfit": 1275000000,
    "grossProfitRatio": 0.6906825569,
    "researchAndDevelopmentExpenses": 212000000,
    "generalAndAdministrativeExpenses": 741000000,
    "sellingAndMarketingExpenses": 0,
    "sellingGeneralAndAdministrativeExpenses": 741000000,
    "otherExpenses": -7000000,
    "operatingExpenses": 1062000000,
    "costAndExpenses": 1633000000,
    "interestIncome": 1000000,
    "interestExpense": 54000000,
    "depreciationAndAmortization": 109000000,
    "ebitda": 166000000,
    "ebitdaratio": 0.0899241603,
    "operatingIncome": 64000000,
    "operatingIncomeRatio": 0.0346695558,
    "totalOtherIncomeExpensesNet": -61000000,
    "incomeBeforeTax": 3000000,
    "incomeBeforeTaxRatio": 0.0016251354,
    "incomeTaxExpense": -40000000,
    "netIncome": 43000000,
    "netIncomeRatio": 0.0232936078,
    "eps": 0.0324,
    "epsdiluted": 0.0319,
    "weightedAverageShsOut": 1325500000,
    "weightedAverageShsOutDil": 1347600000,
    "link": "https://www.sec.gov/Archives/edgar/data/885725/000088572514000030/0000885725-14-000030-index.htm",
    "finalLink": "https://www.sec.gov/Archives/edgar/data/885725/000088572514000030/q32014form10q.htm"
  },
  {
    "date": "2014-06-30",
    "symbol": "BSX",
    "reportedCurrency": "USD",
    "cik": "0000885725",
    "fillingDate": "2014-08-06",
    "acceptedDate": "2014-08-06 17:01:22",
    "calendarYear": "2014",
    "period": "Q2",
    "revenue": 1873000000,
    "costOfRevenue": 588000000,
    "grossProfit": 1285000000,
    "grossProfitRatio": 0.6860651361,
    "researchAndDevelopmentExpenses": 206000000,
    "generalAndAdministrativeExpenses": 743000000,
    "sellingAndMarketingExpenses": 0,
    "sellingGeneralAndAdministrativeExpenses": 743000000,
    "otherExpenses": 18000000,
    "operatingExpenses": 1058000000,
    "costAndExpenses": 1646000000,
    "interestIncome": 1000000,
    "interestExpense": 53000000,
    "depreciationAndAmortization": 109000000,
    "ebitda": 58000000,
    "ebitdaratio": 0.0309663641,
    "operatingIncome": -69000000,
    "operatingIncomeRatio": -0.0368392952,
    "totalOtherIncomeExpensesNet": -35000000,
    "incomeBeforeTax": -104000000,
    "incomeBeforeTaxRatio": -0.0555258943,
    "incomeTaxExpense": -108000000,
    "netIncome": 4000000,
    "netIncomeRatio": 0.0021356113,
    "eps": 0.003,
    "epsdiluted": 0.003,
    "weightedAverageShsOut": 1323200000,
    "weightedAverageShsOutDil": 1345000000,
    "link": "https://www.sec.gov/Archives/edgar/data/885725/000088572514000022/0000885725-14-000022-index.htm",
    "finalLink": "https://www.sec.gov/Archives/edgar/data/885725/000088572514000022/q22014form10q.htm"
  },
  {
    "date": "2014-03-31",
    "symbol": "BSX",
    "reportedCurrency": "USD",
    "cik": "0000885725",
    "fillingDate": "2014-05-08",
    "acceptedDate": "2014-05-08 16:22:46",
    "calendarYear": "2014",
    "period": "Q1",
    "revenue": 1774000000,
    "costOfRevenue": 577000000,
    "grossProfit": 1197000000,
    "grossProfitRatio": 0.674746336,
    "researchAndDevelopmentExpenses": 191000000,
    "generalAndAdministrativeExpenses": 666000000,
    "sellingAndMarketingExpenses": 0,
    "sellingGeneralAndAdministrativeExpenses": 666000000,
    "otherExpenses": 3000000,
    "operatingExpenses": 966000000,
    "costAndExpenses": 1543000000,
    "interestIncome": 1000000,
    "interestExpense": 54000000,
    "depreciationAndAmortization": 109000000,
    "ebitda": 309000000,
    "ebitdaratio": 0.1741826381,
    "operatingIncome": 197000000,
    "operatingIncomeRatio": 0.111048478,
    "totalOtherIncomeExpensesNet": -51000000,
    "incomeBeforeTax": 146000000,
    "incomeBeforeTaxRatio": 0.0822998873,
    "incomeTaxExpense": 13000000,
    "netIncome": 133000000,
    "netIncomeRatio": 0.0749718151,
    "eps": 0.1,
    "epsdiluted": 0.0986,
    "weightedAverageShsOut": 1321700000,
    "weightedAverageShsOutDil": 1349200000,
    "link": "https://www.sec.gov/Archives/edgar/data/885725/000088572514000010/0000885725-14-000010-index.htm",
    "finalLink": "https://www.sec.gov/Archives/edgar/data/885725/000088572514000010/q12014form10q.htm"
  },
  {
    "date": "2013-12-31",
    "symbol": "BSX",
    "reportedCurrency": "USD",
    "cik": "0000885725",
    "fillingDate": "2014-02-26",
    "acceptedDate": "2014-02-26 16:47:07",
    "calendarYear": "2013",
    "period": "Q4",
    "revenue": 1838000000,
    "costOfRevenue": 579000000,
    "grossProfit": 1259000000,
    "grossProfitRatio": 0.6849836779,
    "researchAndDevelopmentExpenses": 216000000,
    "generalAndAdministrativeExpenses": 724000000,
    "sellingAndMarketingExpenses": 0,
    "sellingGeneralAndAdministrativeExpenses": 724000000,
    "otherExpenses": -10000000,
    "operatingExpenses": 1046000000,
    "costAndExpenses": 1625000000,
    "interestIncome": 1000000,
    "interestExpense": 58000000,
    "depreciationAndAmortization": 106000000,
    "ebitda": 222000000,
    "ebitdaratio": 0.1207834603,
    "operatingIncome": 127000000,
    "operatingIncomeRatio": 0.0690968444,
    "totalOtherIncomeExpensesNet": -68000000,
    "incomeBeforeTax": 59000000,
    "incomeBeforeTaxRatio": 0.0321001088,
    "incomeTaxExpense": -49000000,
    "netIncome": 108000000,
    "netIncomeRatio": 0.0587595212,
    "eps": 0.0813,
    "epsdiluted": 0.0797,
    "weightedAverageShsOut": 1329200000,
    "weightedAverageShsOutDil": 1355600000,
    "link": "https://www.sec.gov/Archives/edgar/data/885725/000088572514000005/0000885725-14-000005-index.htm",
    "finalLink": "https://www.sec.gov/Archives/edgar/data/885725/000088572514000005/a2013form10-k.htm"
  },
  {
    "date": "2013-09-30",
    "symbol": "BSX",
    "reportedCurrency": "USD",
    "cik": "0000885725",
    "fillingDate": "2013-11-05",
    "acceptedDate": "2013-11-05 16:40:08",
    "calendarYear": "2013",
    "period": "Q3",
    "revenue": 1735000000,
    "costOfRevenue": 538000000,
    "grossProfit": 1197000000,
    "grossProfitRatio": 0.6899135447,
    "researchAndDevelopmentExpenses": 217000000,
    "generalAndAdministrativeExpenses": 658000000,
    "sellingAndMarketingExpenses": 0,
    "sellingGeneralAndAdministrativeExpenses": 658000000,
    "otherExpenses": -6000000,
    "operatingExpenses": 976000000,
    "costAndExpenses": 1514000000,
    "interestIncome": 1000000,
    "interestExpense": 137000000,
    "depreciationAndAmortization": 101000000,
    "ebitda": 198000000,
    "ebitdaratio": 0.1141210375,
    "operatingIncome": 103000000,
    "operatingIncomeRatio": 0.0593659942,
    "totalOtherIncomeExpensesNet": -143000000,
    "incomeBeforeTax": -40000000,
    "incomeBeforeTaxRatio": -0.023054755,
    "incomeTaxExpense": -35000000,
    "netIncome": -5000000,
    "netIncomeRatio": -0.0028818444,
    "eps": -0.0037,
    "epsdiluted": -0.0037,
    "weightedAverageShsOut": 1340300000,
    "weightedAverageShsOutDil": 1340300000,
    "link": "https://www.sec.gov/Archives/edgar/data/885725/000088572513000045/0000885725-13-000045-index.htm",
    "finalLink": "https://www.sec.gov/Archives/edgar/data/885725/000088572513000045/q32013form10q.htm"
  },
  {
    "date": "2013-06-30",
    "symbol": "BSX",
    "reportedCurrency": "USD",
    "cik": "0000885725",
    "fillingDate": "2013-08-07",
    "acceptedDate": "2013-08-07 08:22:55",
    "calendarYear": "2013",
    "period": "Q2",
    "revenue": 1809000000,
    "costOfRevenue": 577000000,
    "grossProfit": 1232000000,
    "grossProfitRatio": 0.6810392482,
    "researchAndDevelopmentExpenses": 223000000,
    "generalAndAdministrativeExpenses": 661000000,
    "sellingAndMarketingExpenses": 0,
    "sellingGeneralAndAdministrativeExpenses": 661000000,
    "otherExpenses": -3000000,
    "operatingExpenses": 985000000,
    "costAndExpenses": 1562000000,
    "interestIncome": 3000000,
    "interestExpense": 65000000,
    "depreciationAndAmortization": 101000000,
    "ebitda": 318000000,
    "ebitdaratio": 0.175787728,
    "operatingIncome": 220000000,
    "operatingIncomeRatio": 0.1216141515,
    "totalOtherIncomeExpensesNet": -68000000,
    "incomeBeforeTax": 152000000,
    "incomeBeforeTaxRatio": 0.0840243228,
    "incomeTaxExpense": 22000000,
    "netIncome": 130000000,
    "netIncomeRatio": 0.0718629077,
    "eps": 0.0968,
    "epsdiluted": 0.0957,
    "weightedAverageShsOut": 1343500000,
    "weightedAverageShsOutDil": 1358600000,
    "link": "https://www.sec.gov/Archives/edgar/data/885725/000088572513000037/0000885725-13-000037-index.htm",
    "finalLink": "https://www.sec.gov/Archives/edgar/data/885725/000088572513000037/q22013form10q.htm"
  },
  {
    "date": "2013-03-31",
    "symbol": "BSX",
    "reportedCurrency": "USD",
    "cik": "0000885725",
    "fillingDate": "2013-05-07",
    "acceptedDate": "2013-05-07 08:39:45",
    "calendarYear": "2013",
    "period": "Q1",
    "revenue": 1761000000,
    "costOfRevenue": 619000000,
    "grossProfit": 1142000000,
    "grossProfitRatio": 0.6484951732,
    "researchAndDevelopmentExpenses": 204000000,
    "generalAndAdministrativeExpenses": 631000000,
    "sellingAndMarketingExpenses": 0,
    "sellingGeneralAndAdministrativeExpenses": 631000000,
    "otherExpenses": 1000000,
    "operatingExpenses": 938000000,
    "costAndExpenses": 1557000000,
    "interestIncome": 2000000,
    "interestExpense": 65000000,
    "depreciationAndAmortization": 103000000,
    "ebitda": -330000000,
    "ebitdaratio": -0.1873935264,
    "operatingIncome": -330000000,
    "operatingIncomeRatio": -0.1873935264,
    "totalOtherIncomeExpensesNet": -64000000,
    "incomeBeforeTax": -394000000,
    "incomeBeforeTaxRatio": -0.2237365133,
    "incomeTaxExpense": -40000000,
    "netIncome": -354000000,
    "netIncomeRatio": -0.2010221465,
    "eps": -0.26,
    "epsdiluted": -0.26,
    "weightedAverageShsOut": 1351900000,
    "weightedAverageShsOutDil": 1351900000,
    "link": "https://www.sec.gov/Archives/edgar/data/885725/000088572513000013/0000885725-13-000013-index.htm",
    "finalLink": "https://www.sec.gov/Archives/edgar/data/885725/000088572513000013/q12013form10q.htm"
  },
  {
    "date": "2012-12-31",
    "symbol": "BSX",
    "reportedCurrency": "USD",
    "cik": "0000885725",
    "fillingDate": "2013-02-22",
    "acceptedDate": "2013-02-22 16:02:54",
    "calendarYear": "2012",
    "period": "Q4",
    "revenue": 1821000000,
    "costOfRevenue": 611000000,
    "grossProfit": 1210000000,
    "grossProfitRatio": 0.6644700714,
    "researchAndDevelopmentExpenses": 239000000,
    "generalAndAdministrativeExpenses": 515000000,
    "sellingAndMarketingExpenses": 124000000,
    "sellingGeneralAndAdministrativeExpenses": 639000000,
    "otherExpenses": -1000000,
    "operatingExpenses": 979000000,
    "costAndExpenses": 1590000000,
    "interestIncome": 5000000,
    "interestExpense": 64000000,
    "depreciationAndAmortization": 101000000,
    "ebitda": 217000000,
    "ebitdaratio": 0.1191652938,
    "operatingIncome": 115000000,
    "operatingIncomeRatio": 0.0631521142,
    "totalOtherIncomeExpensesNet": -65000000,
    "incomeBeforeTax": 50000000,
    "incomeBeforeTaxRatio": 0.027457441,
    "incomeTaxExpense": -10000000,
    "netIncome": 61000000,
    "netIncomeRatio": 0.033498078,
    "eps": 0.0439,
    "epsdiluted": 0.0436,
    "weightedAverageShsOut": 1365900000,
    "weightedAverageShsOutDil": 1375000000,
    "link": "https://www.sec.gov/Archives/edgar/data/885725/000088572513000007/0000885725-13-000007-index.htm",
    "finalLink": "https://www.sec.gov/Archives/edgar/data/885725/000088572513000007/a2012form10k.htm"
  },
  {
    "date": "2012-09-30",
    "symbol": "BSX",
    "reportedCurrency": "USD",
    "cik": "0000885725",
    "fillingDate": "2012-11-06",
    "acceptedDate": "2012-11-06 17:09:01",
    "calendarYear": "2012",
    "period": "Q3",
    "revenue": 1735000000,
    "costOfRevenue": 558000000,
    "grossProfit": 1177000000,
    "grossProfitRatio": 0.6783861671,
    "researchAndDevelopmentExpenses": 220000000,
    "generalAndAdministrativeExpenses": 618000000,
    "sellingAndMarketingExpenses": 0,
    "sellingGeneralAndAdministrativeExpenses": 618000000,
    "otherExpenses": 88000000,
    "operatingExpenses": 906000000,
    "costAndExpenses": 1464000000,
    "interestIncome": 1000000,
    "interestExpense": 65000000,
    "depreciationAndAmortization": 99000000,
    "ebitda": -594000000,
    "ebitdaratio": -0.3423631124,
    "operatingIncome": -655000000,
    "operatingIncomeRatio": -0.3775216138,
    "totalOtherIncomeExpensesNet": -69000000,
    "incomeBeforeTax": -724000000,
    "incomeBeforeTaxRatio": -0.4172910663,
    "incomeTaxExpense": 1000000,
    "netIncome": -725000000,
    "netIncomeRatio": -0.4178674352,
    "eps": -0.52,
    "epsdiluted": -0.52,
    "weightedAverageShsOut": 1383333333,
    "weightedAverageShsOutDil": 1392500000,
    "link": "https://www.sec.gov/Archives/edgar/data/885725/000088572512000043/0000885725-12-000043-index.htm",
    "finalLink": "https://www.sec.gov/Archives/edgar/data/885725/000088572512000043/q32012form10q.htm"
  },
  {
    "date": "2012-06-30",
    "symbol": "BSX",
    "reportedCurrency": "USD",
    "cik": "0000885725",
    "fillingDate": "2012-08-07",
    "acceptedDate": "2012-08-07 17:31:10",
    "calendarYear": "2012",
    "period": "Q2",
    "revenue": 1828000000,
    "costOfRevenue": 578000000,
    "grossProfit": 1250000000,
    "grossProfitRatio": 0.6838074398,
    "researchAndDevelopmentExpenses": 213000000,
    "generalAndAdministrativeExpenses": 696000000,
    "sellingAndMarketingExpenses": 1000000,
    "sellingGeneralAndAdministrativeExpenses": 697000000,
    "otherExpenses": 99000000,
    "operatingExpenses": 1009000000,
    "costAndExpenses": 1587000000,
    "interestIncome": 1000000,
    "interestExpense": 64000000,
    "depreciationAndAmortization": 99000000,
    "ebitda": -3455000000,
    "ebitdaratio": -1.8900437637,
    "operatingIncome": -3412000000,
    "operatingIncomeRatio": -1.8665207877,
    "totalOtherIncomeExpensesNet": -31000000,
    "incomeBeforeTax": -3443000000,
    "incomeBeforeTaxRatio": -1.8834792123,
    "incomeTaxExpense": -39000000,
    "netIncome": -3404000000,
    "netIncomeRatio": -1.8621444201,
    "eps": -2.39,
    "epsdiluted": -2.39,
    "weightedAverageShsOut": 1423200000,
    "weightedAverageShsOutDil": 1423200000,
    "link": "https://www.sec.gov/Archives/edgar/data/885725/000088572512000029/0000885725-12-000029-index.htm",
    "finalLink": "https://www.sec.gov/Archives/edgar/data/885725/000088572512000029/q22012form10q.htm"
  },
  {
    "date": "2012-03-31",
    "symbol": "BSX",
    "reportedCurrency": "USD",
    "cik": "0000885725",
    "fillingDate": "2012-05-03",
    "acceptedDate": "2012-05-03 17:22:11",
    "calendarYear": "2012",
    "period": "Q1",
    "revenue": 1866000000,
    "costOfRevenue": 631000000,
    "grossProfit": 1235000000,
    "grossProfitRatio": 0.6618435155,
    "researchAndDevelopmentExpenses": 215000000,
    "generalAndAdministrativeExpenses": 707000000,
    "sellingAndMarketingExpenses": 0,
    "sellingGeneralAndAdministrativeExpenses": 707000000,
    "otherExpenses": 97000000,
    "operatingExpenses": 1019000000,
    "costAndExpenses": 1650000000,
    "interestIncome": 1000000,
    "interestExpense": 69000000,
    "depreciationAndAmortization": 97000000,
    "ebitda": 289000000,
    "ebitdaratio": 0.1548767417,
    "operatingIncome": 196000000,
    "operatingIncomeRatio": 0.1050375134,
    "totalOtherIncomeExpensesNet": -73000000,
    "incomeBeforeTax": 123000000,
    "incomeBeforeTaxRatio": 0.0659163987,
    "incomeTaxExpense": 10000000,
    "netIncome": 113000000,
    "netIncomeRatio": 0.0605573419,
    "eps": 0.0782,
    "epsdiluted": 0.0777,
    "weightedAverageShsOut": 1445200000,
    "weightedAverageShsOutDil": 1454100000,
    "link": "https://www.sec.gov/Archives/edgar/data/885725/000088572512000017/0000885725-12-000017-index.htm",
    "finalLink": "https://www.sec.gov/Archives/edgar/data/885725/000088572512000017/q12012form10q.htm"
  },
  {
    "date": "2011-12-31",
    "symbol": "BSX",
    "reportedCurrency": "USD",
    "cik": "0000885725",
    "fillingDate": "2012-02-17",
    "acceptedDate": "2012-02-17 16:40:03",
    "calendarYear": "2011",
    "period": "Q4",
    "revenue": 1848000000,
    "costOfRevenue": 660000000,
    "grossProfit": 1188000000,
    "grossProfitRatio": 0.6428571429,
    "researchAndDevelopmentExpenses": 230000000,
    "generalAndAdministrativeExpenses": 653000000,
    "sellingAndMarketingExpenses": 0,
    "sellingGeneralAndAdministrativeExpenses": 653000000,
    "otherExpenses": 134000000,
    "operatingExpenses": 1017000000,
    "costAndExpenses": 1677000000,
    "interestIncome": 0,
    "interestExpense": 71000000,
    "depreciationAndAmortization": 96000000,
    "ebitda": 171000000,
    "ebitdaratio": 0.0925324675,
    "operatingIncome": 170000000,
    "operatingIncomeRatio": 0.091991342,
    "totalOtherIncomeExpensesNet": -70000000,
    "incomeBeforeTax": 100000000,
    "incomeBeforeTaxRatio": 0.0541125541,
    "incomeTaxExpense": -7000000,
    "netIncome": 107000000,
    "netIncomeRatio": 0.0579004329,
    "eps": 0.074,
    "epsdiluted": 0.0736,
    "weightedAverageShsOut": 1445200000,
    "weightedAverageShsOutDil": 1454100000,
    "link": "https://www.sec.gov/Archives/edgar/data/885725/000088572512000006/0000885725-12-000006-index.htm",
    "finalLink": "https://www.sec.gov/Archives/edgar/data/885725/000088572512000006/a2011form10k.htm"
  },
  {
    "date": "2011-09-30",
    "symbol": "BSX",
    "reportedCurrency": "USD",
    "cik": "0000885725",
    "fillingDate": "2011-11-08",
    "acceptedDate": "2011-11-08 16:50:25",
    "calendarYear": "2011",
    "period": "Q3",
    "revenue": 1874000000,
    "costOfRevenue": 680000000,
    "grossProfit": 1194000000,
    "grossProfitRatio": 0.6371398079,
    "researchAndDevelopmentExpenses": 229000000,
    "generalAndAdministrativeExpenses": 665000000,
    "sellingAndMarketingExpenses": 0,
    "sellingGeneralAndAdministrativeExpenses": 665000000,
    "otherExpenses": 89000000,
    "operatingExpenses": 983000000,
    "costAndExpenses": 1663000000,
    "interestIncome": 0,
    "interestExpense": 62000000,
    "depreciationAndAmortization": 97000000,
    "ebitda": 270000000,
    "ebitdaratio": 0.144076841,
    "operatingIncome": 174000000,
    "operatingIncomeRatio": 0.0928495197,
    "totalOtherIncomeExpensesNet": -63000000,
    "incomeBeforeTax": 111000000,
    "incomeBeforeTaxRatio": 0.0592315902,
    "incomeTaxExpense": -31000000,
    "netIncome": 142000000,
    "netIncomeRatio": 0.075773746,
    "eps": 0.0938,
    "epsdiluted": 0.0932,
    "weightedAverageShsOut": 1514400000,
    "weightedAverageShsOutDil": 1524000000,
    "link": "https://www.sec.gov/Archives/edgar/data/885725/000088572511000055/0000885725-11-000055-index.htm",
    "finalLink": "https://www.sec.gov/Archives/edgar/data/885725/000088572511000055/q32011form10q.htm"
  },
  {
    "date": "2011-06-30",
    "symbol": "BSX",
    "reportedCurrency": "USD",
    "cik": "0000885725",
    "fillingDate": "2011-08-05",
    "acceptedDate": "2011-08-05 13:29:12",
    "calendarYear": "2011",
    "period": "Q2",
    "revenue": 1975000000,
    "costOfRevenue": 688000000,
    "grossProfit": 1287000000,
    "grossProfitRatio": 0.6516455696,
    "researchAndDevelopmentExpenses": 223000000,
    "generalAndAdministrativeExpenses": 694000000,
    "sellingAndMarketingExpenses": 0,
    "sellingGeneralAndAdministrativeExpenses": 694000000,
    "otherExpenses": 96000000,
    "operatingExpenses": 1013000000,
    "costAndExpenses": 1701000000,
    "interestIncome": 0,
    "interestExpense": 73000000,
    "depreciationAndAmortization": 96000000,
    "ebitda": 327000000,
    "ebitdaratio": 0.1655696203,
    "operatingIncome": 237000000,
    "operatingIncomeRatio": 0.12,
    "totalOtherIncomeExpensesNet": -79000000,
    "incomeBeforeTax": 158000000,
    "incomeBeforeTaxRatio": 0.08,
    "incomeTaxExpense": 12000000,
    "netIncome": 146000000,
    "netIncomeRatio": 0.0739240506,
    "eps": 0.0955,
    "epsdiluted": 0.0951,
    "weightedAverageShsOut": 1528600000,
    "weightedAverageShsOutDil": 1535800000,
    "link": "https://www.sec.gov/Archives/edgar/data/885725/000088572511000042/0000885725-11-000042-index.htm",
    "finalLink": "https://www.sec.gov/Archives/edgar/data/885725/000088572511000042/q22011form10q.htm"
  },
  {
    "date": "2011-03-31",
    "symbol": "BSX",
    "reportedCurrency": "USD",
    "cik": "0000885725",
    "fillingDate": "2011-05-05",
    "acceptedDate": "2011-05-05 16:11:54",
    "calendarYear": "2011",
    "period": "Q1",
    "revenue": 1925000000,
    "costOfRevenue": 631000000,
    "grossProfit": 1294000000,
    "grossProfitRatio": 0.6722077922,
    "researchAndDevelopmentExpenses": 212000000,
    "generalAndAdministrativeExpenses": 647000000,
    "sellingAndMarketingExpenses": 0,
    "sellingGeneralAndAdministrativeExpenses": 647000000,
    "otherExpenses": -628000000,
    "operatingExpenses": 231000000,
    "costAndExpenses": 862000000,
    "interestIncome": 0,
    "interestExpense": 75000000,
    "depreciationAndAmortization": 132000000,
    "ebitda": 480000000,
    "ebitdaratio": 0.2493506494,
    "operatingIncome": 296000000,
    "operatingIncomeRatio": 0.1537662338,
    "totalOtherIncomeExpensesNet": -49000000,
    "incomeBeforeTax": 247000000,
    "incomeBeforeTaxRatio": 0.1283116883,
    "incomeTaxExpense": 227000000,
    "netIncome": 20000000,
    "netIncomeRatio": 0.0103896104,
    "eps": 0.0131,
    "epsdiluted": 0.013,
    "weightedAverageShsOut": 1526500000,
    "weightedAverageShsOutDil": 1536300000,
    "link": "https://www.sec.gov/Archives/edgar/data/885725/000095012311045648/0000950123-11-045648-index.htm",
    "finalLink": "https://www.sec.gov/Archives/edgar/data/885725/000095012311045648/b85473e10vq.htm"
  },
  {
    "date": "2010-12-31",
    "symbol": "BSX",
    "reportedCurrency": "USD",
    "cik": "0000885725",
    "fillingDate": "2011-02-17",
    "acceptedDate": "2011-02-17 14:39:34",
    "calendarYear": "2010",
    "period": "Q4",
    "revenue": 2002000000,
    "costOfRevenue": 660000000,
    "grossProfit": 1342000000,
    "grossProfitRatio": 0.6703296703,
    "researchAndDevelopmentExpenses": 225000000,
    "generalAndAdministrativeExpenses": 721000000,
    "sellingAndMarketingExpenses": 0,
    "sellingGeneralAndAdministrativeExpenses": 721000000,
    "otherExpenses": -116000000,
    "operatingExpenses": 830000000,
    "costAndExpenses": 1490000000,
    "interestIncome": -12000000,
    "interestExpense": 107000000,
    "depreciationAndAmortization": 132000000,
    "ebitda": 468000000,
    "ebitdaratio": 0.2337662338,
    "operatingIncome": 348000000,
    "operatingIncomeRatio": 0.1738261738,
    "totalOtherIncomeExpensesNet": -2463000000,
    "incomeBeforeTax": 229000000,
    "incomeBeforeTaxRatio": 0.1143856144,
    "incomeTaxExpense": -7000000,
    "netIncome": 236000000,
    "netIncomeRatio": 0.1178821179,
    "eps": 0.15,
    "epsdiluted": 0.15,
    "weightedAverageShsOut": 1526500000,
    "weightedAverageShsOutDil": 1536300000,
    "link": "https://www.sec.gov/Archives/edgar/data/885725/000095012311015112/0000950123-11-015112-index.htm",
    "finalLink": "https://www.sec.gov/Archives/edgar/data/885725/000095012311015112/b83548e10vk.htm"
  },
  {
    "date": "2010-09-30",
    "symbol": "BSX",
    "reportedCurrency": "USD",
    "cik": "0000885725",
    "fillingDate": "2010-11-05",
    "acceptedDate": "2010-11-05 14:14:49",
    "calendarYear": "2010",
    "period": "Q3",
    "revenue": 1916000000,
    "costOfRevenue": 623000000,
    "grossProfit": 1293000000,
    "grossProfitRatio": 0.6748434238,
    "researchAndDevelopmentExpenses": 230000000,
    "generalAndAdministrativeExpenses": 673000000,
    "sellingAndMarketingExpenses": 0,
    "sellingGeneralAndAdministrativeExpenses": 673000000,
    "otherExpenses": 129000000,
    "operatingExpenses": 1032000000,
    "costAndExpenses": 1655000000,
    "interestIncome": 0,
    "interestExpense": 91000000,
    "depreciationAndAmortization": 129000000,
    "ebitda": 383000000,
    "ebitdaratio": 0.1998956159,
    "operatingIncome": 251000000,
    "operatingIncomeRatio": 0.1310020877,
    "totalOtherIncomeExpensesNet": -88000000,
    "incomeBeforeTax": 163000000,
    "incomeBeforeTaxRatio": 0.0850730689,
    "incomeTaxExpense": -27000000,
    "netIncome": 190000000,
    "netIncomeRatio": 0.0991649269,
    "eps": 0.13,
    "epsdiluted": 0.12,
    "weightedAverageShsOut": 1519800000,
    "weightedAverageShsOutDil": 1529300000,
    "link": "https://www.sec.gov/Archives/edgar/data/885725/000095012310101570/0000950123-10-101570-index.htm",
    "finalLink": "https://www.sec.gov/Archives/edgar/data/885725/000095012310101570/b82677e10vq.htm"
  },
  {
    "date": "2010-06-30",
    "symbol": "BSX",
    "reportedCurrency": "USD",
    "cik": "0000885725",
    "fillingDate": "2010-08-05",
    "acceptedDate": "2010-08-05 14:54:36",
    "calendarYear": "2010",
    "period": "Q2",
    "revenue": 1928000000,
    "costOfRevenue": 654000000,
    "grossProfit": 1274000000,
    "grossProfitRatio": 0.6607883817,
    "researchAndDevelopmentExpenses": 232000000,
    "generalAndAdministrativeExpenses": 691000000,
    "sellingAndMarketingExpenses": 0,
    "sellingGeneralAndAdministrativeExpenses": 691000000,
    "otherExpenses": 124000000,
    "operatingExpenses": 1047000000,
    "costAndExpenses": 1701000000,
    "interestIncome": 1000000,
    "interestExpense": 103000000,
    "depreciationAndAmortization": 124000000,
    "ebitda": 346000000,
    "ebitdaratio": 0.1794605809,
    "operatingIncome": 231000000,
    "operatingIncomeRatio": 0.119813278,
    "totalOtherIncomeExpensesNet": -112000000,
    "incomeBeforeTax": 119000000,
    "incomeBeforeTaxRatio": 0.0617219917,
    "incomeTaxExpense": 21000000,
    "netIncome": 98000000,
    "netIncomeRatio": 0.0508298755,
    "eps": 0.0646,
    "epsdiluted": 0.0642,
    "weightedAverageShsOut": 1516600000,
    "weightedAverageShsOutDil": 1525300000,
    "link": "https://www.sec.gov/Archives/edgar/data/885725/000095012310073251/0000950123-10-073251-index.htm",
    "finalLink": "https://www.sec.gov/Archives/edgar/data/885725/000095012310073251/b80982e10vq.htm"
  },
  {
    "date": "2010-03-31",
    "symbol": "BSX",
    "reportedCurrency": "USD",
    "cik": "0000885725",
    "fillingDate": "2010-05-06",
    "acceptedDate": "2010-05-06 16:49:45",
    "calendarYear": "2010",
    "period": "Q1",
    "revenue": 1960000000,
    "costOfRevenue": 663000000,
    "grossProfit": 1297000000,
    "grossProfitRatio": 0.6617346939,
    "researchAndDevelopmentExpenses": 253000000,
    "generalAndAdministrativeExpenses": 679000000,
    "sellingAndMarketingExpenses": 0,
    "sellingGeneralAndAdministrativeExpenses": 679000000,
    "otherExpenses": 128000000,
    "operatingExpenses": 1060000000,
    "costAndExpenses": 1723000000,
    "interestIncome": 0,
    "interestExpense": 93000000,
    "depreciationAndAmortization": 128000000,
    "ebitda": -1354000000,
    "ebitdaratio": -0.6908163265,
    "operatingIncome": -1486000000,
    "operatingIncomeRatio": -0.7581632653,
    "totalOtherIncomeExpensesNet": -89000000,
    "incomeBeforeTax": -1575000000,
    "incomeBeforeTaxRatio": -0.8035714286,
    "incomeTaxExpense": 14000000,
    "netIncome": -1589000000,
    "netIncomeRatio": -0.8107142857,
    "eps": -1.05,
    "epsdiluted": -1.05,
    "weightedAverageShsOut": 1514500000,
    "weightedAverageShsOutDil": 1514500000,
    "link": "https://www.sec.gov/Archives/edgar/data/885725/000095012310045592/0000950123-10-045592-index.htm",
    "finalLink": "https://www.sec.gov/Archives/edgar/data/885725/000095012310045592/b80107e10vq.htm"
  },
  {
    "date": "2009-12-31",
    "symbol": "BSX",
    "reportedCurrency": "USD",
    "cik": "0000885725",
    "fillingDate": "2010-02-26",
    "acceptedDate": "2010-02-25 19:40:11",
    "calendarYear": "2009",
    "period": "Q4",
    "revenue": 2079000000,
    "costOfRevenue": 709000000,
    "grossProfit": 1370000000,
    "grossProfitRatio": 0.658970659,
    "researchAndDevelopmentExpenses": 241000000,
    "generalAndAdministrativeExpenses": 2189000000,
    "sellingAndMarketingExpenses": 0,
    "sellingGeneralAndAdministrativeExpenses": 2189000000,
    "otherExpenses": 146000000,
    "operatingExpenses": 2576000000,
    "costAndExpenses": 3285000000,
    "interestIncome": -6000000,
    "interestExpense": 122000000,
    "depreciationAndAmortization": 130000000,
    "ebitda": -1095000000,
    "ebitdaratio": -0.5266955267,
    "operatingIncome": -1231000000,
    "operatingIncomeRatio": -0.5921115921,
    "totalOtherIncomeExpensesNet": -116000000,
    "incomeBeforeTax": -1347000000,
    "incomeBeforeTaxRatio": -0.6479076479,
    "incomeTaxExpense": -271000000,
    "netIncome": -1076000000,
    "netIncomeRatio": -0.5175565176,
    "eps": -0.71,
    "epsdiluted": -0.71,
    "weightedAverageShsOut": 1510600000,
    "weightedAverageShsOutDil": 1514500000,
    "link": "https://www.sec.gov/Archives/edgar/data/885725/000095012310017254/0000950123-10-017254-index.htm",
    "finalLink": "https://www.sec.gov/Archives/edgar/data/885725/000095012310017254/b78158e10vk.htm"
  },
  {
    "date": "2009-09-30",
    "symbol": "BSX",
    "reportedCurrency": "USD",
    "cik": "0000885725",
    "fillingDate": "2009-11-06",
    "acceptedDate": "2009-11-06 08:52:41",
    "calendarYear": "2009",
    "period": "Q3",
    "revenue": 2025000000,
    "costOfRevenue": 629000000,
    "grossProfit": 1396000000,
    "grossProfitRatio": 0.689382716,
    "researchAndDevelopmentExpenses": 258000000,
    "generalAndAdministrativeExpenses": 952000000,
    "sellingAndMarketingExpenses": -236000000,
    "sellingGeneralAndAdministrativeExpenses": 716000000,
    "otherExpenses": 126000000,
    "operatingExpenses": 1042000000,
    "costAndExpenses": 1671000000,
    "interestIncome": 1000000,
    "interestExpense": 91000000,
    "depreciationAndAmortization": 126000000,
    "ebitda": 173000000,
    "ebitdaratio": 0.0854320988,
    "operatingIncome": 345000000,
    "operatingIncomeRatio": 0.1703703704,
    "totalOtherIncomeExpensesNet": -95000000,
    "incomeBeforeTax": 250000000,
    "incomeBeforeTaxRatio": 0.1234567901,
    "incomeTaxExpense": 50000000,
    "netIncome": 200000000,
    "netIncomeRatio": 0.0987654321,
    "eps": 0.13,
    "epsdiluted": 0.13,
    "weightedAverageShsOut": 1509300000,
    "weightedAverageShsOutDil": 1520200000,
    "link": "https://www.sec.gov/Archives/edgar/data/885725/000095012309058892/0000950123-09-058892-index.htm",
    "finalLink": "https://www.sec.gov/Archives/edgar/data/885725/000095012309058892/b76762e10vq.htm"
  },
  {
    "date": "2009-06-30",
    "symbol": "BSX",
    "reportedCurrency": "USD",
    "cik": "0000885725",
    "fillingDate": "2009-08-06",
    "acceptedDate": "2009-08-06 16:55:58",
    "calendarYear": "2009",
    "period": "Q2",
    "revenue": 2074000000,
    "costOfRevenue": 630000000,
    "grossProfit": 1444000000,
    "grossProfitRatio": 0.6962391514,
    "researchAndDevelopmentExpenses": 263000000,
    "generalAndAdministrativeExpenses": 724000000,
    "sellingAndMarketingExpenses": 0,
    "sellingGeneralAndAdministrativeExpenses": 724000000,
    "otherExpenses": 142000000,
    "operatingExpenses": 1129000000,
    "costAndExpenses": 1759000000,
    "interestIncome": 2000000,
    "interestExpense": 92000000,
    "depreciationAndAmortization": 126000000,
    "ebitda": 398000000,
    "ebitdaratio": 0.1918997107,
    "operatingIncome": 275000000,
    "operatingIncomeRatio": 0.1325940212,
    "totalOtherIncomeExpensesNet": -95000000,
    "incomeBeforeTax": 180000000,
    "incomeBeforeTaxRatio": 0.0867888139,
    "incomeTaxExpense": 22000000,
    "netIncome": 158000000,
    "netIncomeRatio": 0.0761812922,
    "eps": 0.1,
    "epsdiluted": 0.1,
    "weightedAverageShsOut": 1506800000,
    "weightedAverageShsOutDil": 1514500000,
    "link": "https://www.sec.gov/Archives/edgar/data/885725/000095012309031281/0000950123-09-031281-index.htm",
    "finalLink": "https://www.sec.gov/Archives/edgar/data/885725/000095012309031281/b72814e10vq.htm"
  },
  {
    "date": "2009-03-31",
    "symbol": "BSX",
    "reportedCurrency": "USD",
    "cik": "0000885725",
    "fillingDate": "2009-05-07",
    "acceptedDate": "2009-05-07 17:03:50",
    "calendarYear": "2009",
    "period": "Q1",
    "revenue": 2010000000,
    "costOfRevenue": 607000000,
    "grossProfit": 1403000000,
    "grossProfitRatio": 0.6980099502,
    "researchAndDevelopmentExpenses": 257000000,
    "generalAndAdministrativeExpenses": 984000000,
    "sellingAndMarketingExpenses": 0,
    "sellingGeneralAndAdministrativeExpenses": 984000000,
    "otherExpenses": 128000000,
    "operatingExpenses": 1369000000,
    "costAndExpenses": 1976000000,
    "interestIncome": 0,
    "interestExpense": 102000000,
    "depreciationAndAmortization": 128000000,
    "ebitda": 133000000,
    "ebitdaratio": 0.0661691542,
    "operatingIncome": 11000000,
    "operatingIncomeRatio": 0.0054726368,
    "totalOtherIncomeExpensesNet": -108000000,
    "incomeBeforeTax": -97000000,
    "incomeBeforeTaxRatio": -0.0482587065,
    "incomeTaxExpense": -84000000,
    "netIncome": -13000000,
    "netIncomeRatio": -0.0064676617,
    "eps": -0.0086,
    "epsdiluted": -0.0086,
    "weightedAverageShsOut": 1504800000,
    "weightedAverageShsOutDil": 1504800000,
    "link": "https://www.sec.gov/Archives/edgar/data/885725/000107261309000846/0001072613-09-000846-index.htm",
    "finalLink": "https://www.sec.gov/Archives/edgar/data/885725/000107261309000846/form10-q_16432.htm"
  },
  {
    "date": "2008-12-31",
    "symbol": "BSX",
    "reportedCurrency": "USD",
    "cik": "0000885725",
    "fillingDate": "2009-02-27",
    "acceptedDate": "2009-02-27 16:05:41",
    "calendarYear": "2008",
    "period": "Q4",
    "revenue": 2002000000,
    "costOfRevenue": 630000000,
    "grossProfit": 1372000000,
    "grossProfitRatio": 0.6853146853,
    "researchAndDevelopmentExpenses": 257000000,
    "generalAndAdministrativeExpenses": 723000000,
    "sellingAndMarketingExpenses": 0,
    "sellingGeneralAndAdministrativeExpenses": 723000000,
    "otherExpenses": -356000000,
    "operatingExpenses": 624000000,
    "costAndExpenses": 1254000000,
    "interestIncome": 0,
    "interestExpense": 0,
    "depreciationAndAmortization": 133000000,
    "ebitda": -2172000000,
    "ebitdaratio": -1.0849150849,
    "operatingIncome": -2417000000,
    "operatingIncomeRatio": -1.2072927073,
    "totalOtherIncomeExpensesNet": -3600000000,
    "incomeBeforeTax": -2525000000,
    "incomeBeforeTaxRatio": -1.2612387612,
    "incomeTaxExpense": -131000000,
    "netIncome": -2394000000,
    "netIncomeRatio": -1.1958041958,
    "eps": -1.59,
    "epsdiluted": -1.59,
    "weightedAverageShsOut": 1501500000,
    "weightedAverageShsOutDil": 1504800000,
    "link": "https://www.sec.gov/Archives/edgar/data/885725/000107261309000419/0001072613-09-000419-index.htm",
    "finalLink": "https://www.sec.gov/Archives/edgar/data/885725/000107261309000419/form10-k_16329.htm"
  },
  {
    "date": "2008-09-30",
    "symbol": "BSX",
    "reportedCurrency": "USD",
    "cik": "0000885725",
    "fillingDate": "2008-11-07",
    "acceptedDate": "2008-11-07 17:29:08",
    "calendarYear": "2008",
    "period": "Q3",
    "revenue": 1978000000,
    "costOfRevenue": 655000000,
    "grossProfit": 1323000000,
    "grossProfitRatio": 0.6688574317,
    "researchAndDevelopmentExpenses": 252000000,
    "generalAndAdministrativeExpenses": 995000000,
    "sellingAndMarketingExpenses": 0,
    "sellingGeneralAndAdministrativeExpenses": 995000000,
    "otherExpenses": 286000000,
    "operatingExpenses": 1533000000,
    "costAndExpenses": 2188000000,
    "interestIncome": 11000000,
    "interestExpense": 112000000,
    "depreciationAndAmortization": 131000000,
    "ebitda": 175000000,
    "ebitdaratio": 0.0884732053,
    "operatingIncome": 28000000,
    "operatingIncomeRatio": 0.0141557128,
    "totalOtherIncomeExpensesNet": -96000000,
    "incomeBeforeTax": -68000000,
    "incomeBeforeTaxRatio": -0.0343781598,
    "incomeTaxExpense": -6000000,
    "netIncome": -62000000,
    "netIncomeRatio": -0.0313447927,
    "eps": -0.0413,
    "epsdiluted": -0.0413,
    "weightedAverageShsOut": 1500900000,
    "weightedAverageShsOutDil": 1500900000,
    "link": "https://www.sec.gov/Archives/edgar/data/885725/000107261308001994/0001072613-08-001994-index.htm",
    "finalLink": "https://www.sec.gov/Archives/edgar/data/885725/000107261308001994/form10-q_16161.htm"
  },
  {
    "date": "2008-06-30",
    "symbol": "BSX",
    "reportedCurrency": "USD",
    "cik": "0000885725",
    "fillingDate": "2008-08-08",
    "acceptedDate": "2008-08-08 16:39:47",
    "calendarYear": "2008",
    "period": "Q2",
    "revenue": 2024000000,
    "costOfRevenue": 604000000,
    "grossProfit": 1420000000,
    "grossProfitRatio": 0.7015810277,
    "researchAndDevelopmentExpenses": 253000000,
    "generalAndAdministrativeExpenses": 655000000,
    "sellingAndMarketingExpenses": 0,
    "sellingGeneralAndAdministrativeExpenses": 655000000,
    "otherExpenses": 183000000,
    "operatingExpenses": 1091000000,
    "costAndExpenses": 1695000000,
    "interestIncome": 0,
    "interestExpense": 0,
    "depreciationAndAmortization": 135000000,
    "ebitda": 464000000,
    "ebitdaratio": 0.2292490119,
    "operatingIncome": 303000000,
    "operatingIncomeRatio": 0.1497035573,
    "totalOtherIncomeExpensesNet": -203000000,
    "incomeBeforeTax": 100000000,
    "incomeBeforeTaxRatio": 0.0494071146,
    "incomeTaxExpense": 2000000,
    "netIncome": 98000000,
    "netIncomeRatio": 0.0484189723,
    "eps": 0.0654,
    "epsdiluted": 0.0651,
    "weightedAverageShsOut": 1497600000,
    "weightedAverageShsOutDil": 1505200000,
    "link": "https://www.sec.gov/Archives/edgar/data/885725/000107261308001558/0001072613-08-001558-index.htm",
    "finalLink": "https://www.sec.gov/Archives/edgar/data/885725/000107261308001558/form10-q_16013.htm"
  },
  {
    "date": "2008-03-31",
    "symbol": "BSX",
    "reportedCurrency": "USD",
    "cik": "0000885725",
    "fillingDate": "2008-05-09",
    "acceptedDate": "2008-05-08 17:37:09",
    "calendarYear": "2008",
    "period": "Q1",
    "revenue": 2046000000,
    "costOfRevenue": 580000000,
    "grossProfit": 1466000000,
    "grossProfitRatio": 0.7165200391,
    "researchAndDevelopmentExpenses": 244000000,
    "generalAndAdministrativeExpenses": 661000000,
    "sellingAndMarketingExpenses": 0,
    "sellingGeneralAndAdministrativeExpenses": 661000000,
    "otherExpenses": 189000000,
    "operatingExpenses": 1094000000,
    "costAndExpenses": 1674000000,
    "interestIncome": 0,
    "interestExpense": 0,
    "depreciationAndAmortization": 143000000,
    "ebitda": 515000000,
    "ebitdaratio": 0.2517106549,
    "operatingIncome": 580000000,
    "operatingIncomeRatio": 0.2834799609,
    "totalOtherIncomeExpensesNet": -118000000,
    "incomeBeforeTax": 462000000,
    "incomeBeforeTaxRatio": 0.2258064516,
    "incomeTaxExpense": 140000000,
    "netIncome": 322000000,
    "netIncomeRatio": 0.1573802542,
    "eps": 0.22,
    "epsdiluted": 0.21,
    "weightedAverageShsOut": 1494100000,
    "weightedAverageShsOutDil": 1500100000,
    "link": "https://www.sec.gov/Archives/edgar/data/885725/000107261308001138/0001072613-08-001138-index.htm",
    "finalLink": "https://www.sec.gov/Archives/edgar/data/885725/000107261308001138/form10-q_15891.htm"
  },
  {
    "date": "2007-12-31",
    "symbol": "BSX",
    "reportedCurrency": "USD",
    "cik": "0000885725",
    "fillingDate": "2008-02-28",
    "acceptedDate": "2008-02-27 20:47:35",
    "calendarYear": "2007",
    "period": "Q4",
    "revenue": 2153000000,
    "costOfRevenue": 636000000,
    "grossProfit": 1517000000,
    "grossProfitRatio": 0.704598235,
    "researchAndDevelopmentExpenses": 256000000,
    "generalAndAdministrativeExpenses": 704000000,
    "sellingAndMarketingExpenses": 0,
    "sellingGeneralAndAdministrativeExpenses": 704000000,
    "otherExpenses": 798000000,
    "operatingExpenses": 1758000000,
    "costAndExpenses": 2394000000,
    "interestIncome": 0,
    "interestExpense": 0,
    "depreciationAndAmortization": 174000000,
    "ebitda": -67000000,
    "ebitdaratio": -0.0311193683,
    "operatingIncome": -430000000,
    "operatingIncomeRatio": -0.1997213191,
    "totalOtherIncomeExpensesNet": -166000000,
    "incomeBeforeTax": -596000000,
    "incomeBeforeTaxRatio": -0.2768230376,
    "incomeTaxExpense": -138000000,
    "netIncome": -458000000,
    "netIncomeRatio": -0.2127264282,
    "eps": -0.31,
    "epsdiluted": -0.31,
    "weightedAverageShsOut": 1494100000,
    "weightedAverageShsOutDil": 1500100000,
    "link": "https://www.sec.gov/Archives/edgar/data/885725/000107261308000584/0001072613-08-000584-index.htm",
    "finalLink": "https://www.sec.gov/Archives/edgar/data/885725/000107261308000584/form10-k_15759.htm"
  },
  {
    "date": "2007-09-30",
    "symbol": "BSX",
    "reportedCurrency": "USD",
    "cik": "0000885725",
    "fillingDate": "2007-11-07",
    "acceptedDate": "2007-11-07 14:47:15",
    "calendarYear": "2007",
    "period": "Q3",
    "revenue": 2048000000,
    "costOfRevenue": 575000000,
    "grossProfit": 1473000000,
    "grossProfitRatio": 0.7192382813,
    "researchAndDevelopmentExpenses": 271000000,
    "generalAndAdministrativeExpenses": 719000000,
    "sellingAndMarketingExpenses": 0,
    "sellingGeneralAndAdministrativeExpenses": 719000000,
    "otherExpenses": 555000000,
    "operatingExpenses": 1545000000,
    "costAndExpenses": 2120000000,
    "interestIncome": 0,
    "interestExpense": 0,
    "depreciationAndAmortization": 155000000,
    "ebitda": 83000000,
    "ebitdaratio": 0.0405273438,
    "operatingIncome": -147000000,
    "operatingIncomeRatio": -0.0717773437,
    "totalOtherIncomeExpensesNet": -112000000,
    "incomeBeforeTax": -259000000,
    "incomeBeforeTaxRatio": -0.1264648437,
    "incomeTaxExpense": 13000000,
    "netIncome": -272000000,
    "netIncomeRatio": -0.1328125,
    "eps": -0.18,
    "epsdiluted": -0.18,
    "weightedAverageShsOut": 1489800000,
    "weightedAverageShsOutDil": 1489800000,
    "link": "https://www.sec.gov/Archives/edgar/data/885725/000107261307002610/0001072613-07-002610-index.htm",
    "finalLink": "https://www.sec.gov/Archives/edgar/data/885725/000107261307002610/form10-q_15530.htm"
  },
  {
    "date": "2007-06-30",
    "symbol": "BSX",
    "reportedCurrency": "USD",
    "cik": "0000885725",
    "fillingDate": "2007-08-08",
    "acceptedDate": "2007-08-08 16:29:14",
    "calendarYear": "2007",
    "period": "Q2",
    "revenue": 2071000000,
    "costOfRevenue": 563000000,
    "grossProfit": 1508000000,
    "grossProfitRatio": 0.7281506519,
    "researchAndDevelopmentExpenses": 275000000,
    "generalAndAdministrativeExpenses": 803000000,
    "sellingAndMarketingExpenses": 0,
    "sellingGeneralAndAdministrativeExpenses": 803000000,
    "otherExpenses": 158000000,
    "operatingExpenses": 1236000000,
    "costAndExpenses": 1799000000,
    "interestIncome": 0,
    "interestExpense": 0,
    "depreciationAndAmortization": 158000000,
    "ebitda": 430000000,
    "ebitdaratio": 0.2076291647,
    "operatingIncome": 280000000,
    "operatingIncomeRatio": 0.1352003863,
    "totalOtherIncomeExpensesNet": -154000000,
    "incomeBeforeTax": 126000000,
    "incomeBeforeTaxRatio": 0.0608401738,
    "incomeTaxExpense": 11000000,
    "netIncome": 115000000,
    "netIncomeRatio": 0.0555287301,
    "eps": 0.0774,
    "epsdiluted": 0.0767,
    "weightedAverageShsOut": 1485400000,
    "weightedAverageShsOutDil": 1499900000,
    "link": "https://www.sec.gov/Archives/edgar/data/885725/000107261307001800/0001072613-07-001800-index.htm",
    "finalLink": "https://www.sec.gov/Archives/edgar/data/885725/000107261307001800/form10-q_15303.htm"
  },
  {
    "date": "2007-03-31",
    "symbol": "BSX",
    "reportedCurrency": "USD",
    "cik": "0000885725",
    "fillingDate": "2007-05-09",
    "acceptedDate": "2007-05-09 10:31:59",
    "calendarYear": "2007",
    "period": "Q1",
    "revenue": 2086000000,
    "costOfRevenue": 568000000,
    "grossProfit": 1518000000,
    "grossProfitRatio": 0.7277085331,
    "researchAndDevelopmentExpenses": 294000000,
    "generalAndAdministrativeExpenses": 787000000,
    "sellingAndMarketingExpenses": 0,
    "sellingGeneralAndAdministrativeExpenses": 787000000,
    "otherExpenses": 155000000,
    "operatingExpenses": 1236000000,
    "costAndExpenses": 1804000000,
    "interestIncome": 0,
    "interestExpense": 0,
    "depreciationAndAmortization": 155000000,
    "ebitda": 282000000,
    "ebitdaratio": 0.1351869607,
    "operatingIncome": 282000000,
    "operatingIncomeRatio": 0.1351869607,
    "totalOtherIncomeExpensesNet": -123000000,
    "incomeBeforeTax": 159000000,
    "incomeBeforeTaxRatio": 0.0762224353,
    "incomeTaxExpense": 39000000,
    "netIncome": 120000000,
    "netIncomeRatio": 0.0575263663,
    "eps": 0.08,
    "epsdiluted": 0.08,
    "weightedAverageShsOut": 1500000000,
    "weightedAverageShsOutDil": 1500000000,
    "link": "https://www.sec.gov/Archives/edgar/data/885725/000107261307001076/0001072613-07-001076-index.htm",
    "finalLink": "https://www.sec.gov/Archives/edgar/data/885725/000107261307001076/form10-q_15113.htm"
  },
  {
    "date": "2006-12-31",
    "symbol": "BSX",
    "reportedCurrency": "USD",
    "cik": "0000885725",
    "fillingDate": "2007-03-01",
    "acceptedDate": "2007-03-01 17:03:47",
    "calendarYear": "2006",
    "period": "Q4",
    "revenue": 2065000000,
    "costOfRevenue": 526000000,
    "grossProfit": 1539000000,
    "grossProfitRatio": 0.7452784504,
    "researchAndDevelopmentExpenses": 267000000,
    "generalAndAdministrativeExpenses": 758000000,
    "sellingAndMarketingExpenses": 0,
    "sellingGeneralAndAdministrativeExpenses": 758000000,
    "otherExpenses": 228000000,
    "operatingExpenses": 1253000000,
    "costAndExpenses": 1779000000,
    "interestIncome": 0,
    "interestExpense": 0,
    "depreciationAndAmortization": 174000000,
    "ebitda": 460000000,
    "ebitdaratio": 0.2227602906,
    "operatingIncome": 284000000,
    "operatingIncomeRatio": 0.1375302663,
    "totalOtherIncomeExpensesNet": -115000000,
    "incomeBeforeTax": 169000000,
    "incomeBeforeTaxRatio": 0.0818401937,
    "incomeTaxExpense": -108000000,
    "netIncome": 277000000,
    "netIncomeRatio": 0.1341404358,
    "eps": 0.18,
    "epsdiluted": 0.18,
    "weightedAverageShsOut": 1470348589,
    "weightedAverageShsOutDil": 1500000000,
    "link": "https://www.sec.gov/Archives/edgar/data/885725/000107261307000570/0001072613-07-000570-index.htm",
    "finalLink": "https://www.sec.gov/Archives/edgar/data/885725/000107261307000570/form10-k_14949.htm"
  },
  {
    "date": "2006-09-30",
    "symbol": "BSX",
    "reportedCurrency": "USD",
    "cik": "0000885725",
    "fillingDate": "2006-11-09",
    "acceptedDate": "2006-11-09 16:13:55",
    "calendarYear": "2006",
    "period": "Q3",
    "revenue": 2026000000,
    "costOfRevenue": 630000000,
    "grossProfit": 1396000000,
    "grossProfitRatio": 0.6890424482,
    "researchAndDevelopmentExpenses": 272000000,
    "generalAndAdministrativeExpenses": 719000000,
    "sellingAndMarketingExpenses": 0,
    "sellingGeneralAndAdministrativeExpenses": 719000000,
    "otherExpenses": 210000000,
    "operatingExpenses": 1201000000,
    "costAndExpenses": 1831000000,
    "interestIncome": 0,
    "interestExpense": 0,
    "depreciationAndAmortization": 153000000,
    "ebitda": 195000000,
    "ebitdaratio": 0.096248766,
    "operatingIncome": 195000000,
    "operatingIncomeRatio": 0.096248766,
    "totalOtherIncomeExpensesNet": -144000000,
    "incomeBeforeTax": 51000000,
    "incomeBeforeTaxRatio": 0.0251727542,
    "incomeTaxExpense": -25000000,
    "netIncome": 76000000,
    "netIncomeRatio": 0.0375123396,
    "eps": 0.05,
    "epsdiluted": 0.05,
    "weightedAverageShsOut": 1520000000,
    "weightedAverageShsOutDil": 1520000000,
    "link": "https://www.sec.gov/Archives/edgar/data/885725/000107261306002251/0001072613-06-002251-index.htm",
    "finalLink": "https://www.sec.gov/Archives/edgar/data/885725/000107261306002251/form10-q_14688.htm"
  },
  {
    "date": "2006-06-30",
    "symbol": "BSX",
    "reportedCurrency": "USD",
    "cik": "0000885725",
    "fillingDate": "2006-08-09",
    "acceptedDate": "2006-08-09 16:08:08",
    "calendarYear": "2006",
    "period": "Q2",
    "revenue": 2110000000,
    "costOfRevenue": 677000000,
    "grossProfit": 1433000000,
    "grossProfitRatio": 0.6791469194,
    "researchAndDevelopmentExpenses": 283000000,
    "generalAndAdministrativeExpenses": 728000000,
    "sellingAndMarketingExpenses": 0,
    "sellingGeneralAndAdministrativeExpenses": 728000000,
    "otherExpenses": 230000000,
    "operatingExpenses": 1241000000,
    "costAndExpenses": 1918000000,
    "interestIncome": 0,
    "interestExpense": 0,
    "depreciationAndAmortization": 165000000,
    "ebitda": 357000000,
    "ebitdaratio": 0.1691943128,
    "operatingIncome": -3925000000,
    "operatingIncomeRatio": -1.8601895735,
    "totalOtherIncomeExpensesNet": -261000000,
    "incomeBeforeTax": -4186000000,
    "incomeBeforeTaxRatio": -1.9838862559,
    "incomeTaxExpense": 76000000,
    "netIncome": -4262000000,
    "netIncomeRatio": -2.0199052133,
    "eps": -3.21,
    "epsdiluted": -3.21,
    "weightedAverageShsOut": 1327725857,
    "weightedAverageShsOutDil": 1327725857,
    "link": "https://www.sec.gov/Archives/edgar/data/885725/000107261306001717/0001072613-06-001717-index.htm",
    "finalLink": "https://www.sec.gov/Archives/edgar/data/885725/000107261306001717/form10-q_14526.htm"
  },
  {
    "date": "2006-03-31",
    "symbol": "BSX",
    "reportedCurrency": "USD",
    "cik": "0000885725",
    "fillingDate": "2006-05-10",
    "acceptedDate": "2006-05-10 16:11:44",
    "calendarYear": "2006",
    "period": "Q1",
    "revenue": 1620000000,
    "costOfRevenue": 374000000,
    "grossProfit": 1246000000,
    "grossProfitRatio": 0.7691358025,
    "researchAndDevelopmentExpenses": 186000000,
    "generalAndAdministrativeExpenses": 525000000,
    "sellingAndMarketingExpenses": 0,
    "sellingGeneralAndAdministrativeExpenses": 525000000,
    "otherExpenses": 38000000,
    "operatingExpenses": 749000000,
    "costAndExpenses": 1123000000,
    "interestIncome": 0,
    "interestExpense": 0,
    "depreciationAndAmortization": 38000000,
    "ebitda": 497000000,
    "ebitdaratio": 0.3067901235,
    "operatingIncome": 497000000,
    "operatingIncomeRatio": 0.3067901235,
    "totalOtherIncomeExpensesNet": -66000000,
    "incomeBeforeTax": 431000000,
    "incomeBeforeTaxRatio": 0.2660493827,
    "incomeTaxExpense": 99000000,
    "netIncome": 332000000,
    "netIncomeRatio": 0.2049382716,
    "eps": 0.4,
    "epsdiluted": 0.4,
    "weightedAverageShsOut": 830000000,
    "weightedAverageShsOutDil": 830000000,
    "link": "https://www.sec.gov/Archives/edgar/data/885725/000107261306001076/0001072613-06-001076-index.htm",
    "finalLink": "https://www.sec.gov/Archives/edgar/data/885725/000107261306001076/form10-q_14346.htm"
  },
  {
    "date": "2005-12-31",
    "symbol": "BSX",
    "reportedCurrency": "USD",
    "cik": "0000885725",
    "fillingDate": "2006-03-01",
    "acceptedDate": "2006-03-01 15:32:35",
    "calendarYear": "2005",
    "period": "Q4",
    "revenue": 1540000000,
    "costOfRevenue": 342000000,
    "grossProfit": 1198000000,
    "grossProfitRatio": 0.7779220779,
    "researchAndDevelopmentExpenses": 174000000,
    "generalAndAdministrativeExpenses": 468000000,
    "sellingAndMarketingExpenses": 0,
    "sellingGeneralAndAdministrativeExpenses": 468000000,
    "otherExpenses": 91000000,
    "operatingExpenses": 733000000,
    "costAndExpenses": 1075000000,
    "interestIncome": 0,
    "interestExpense": 0,
    "depreciationAndAmortization": 38000000,
    "ebitda": 503000000,
    "ebitdaratio": 0.3266233766,
    "operatingIncome": 465000000,
    "operatingIncomeRatio": 0.3019480519,
    "totalOtherIncomeExpensesNet": -27000000,
    "incomeBeforeTax": 438000000,
    "incomeBeforeTaxRatio": 0.2844155844,
    "incomeTaxExpense": 104000000,
    "netIncome": 334000000,
    "netIncomeRatio": 0.2168831169,
    "eps": 0.4,
    "epsdiluted": 0.4,
    "weightedAverageShsOut": 830000000,
    "weightedAverageShsOutDil": 830000000,
    "link": "https://www.sec.gov/Archives/edgar/data/885725/000104746906002665/0001047469-06-002665-index.htm",
    "finalLink": "https://www.sec.gov/Archives/edgar/data/885725/000104746906002665/a2167817z10-k.htm"
  },
  {
    "date": "2005-09-30",
    "symbol": "BSX",
    "reportedCurrency": "USD",
    "cik": "0000885725",
    "fillingDate": "2005-11-08",
    "acceptedDate": "2005-11-08 17:29:00",
    "calendarYear": "2005",
    "period": "Q3",
    "revenue": 1511000000,
    "costOfRevenue": 343000000,
    "grossProfit": 1168000000,
    "grossProfitRatio": 0.7729980146,
    "researchAndDevelopmentExpenses": 181000000,
    "generalAndAdministrativeExpenses": 444000000,
    "sellingAndMarketingExpenses": 0,
    "sellingGeneralAndAdministrativeExpenses": 444000000,
    "otherExpenses": 879000000,
    "operatingExpenses": 1504000000,
    "costAndExpenses": 1847000000,
    "interestIncome": 0,
    "interestExpense": 0,
    "depreciationAndAmortization": 47000000,
    "ebitda": -289000000,
    "ebitdaratio": -0.1912640635,
    "operatingIncome": -336000000,
    "operatingIncomeRatio": -0.2223692919,
    "totalOtherIncomeExpensesNet": -16000000,
    "incomeBeforeTax": -352000000,
    "incomeBeforeTaxRatio": -0.2329583058,
    "incomeTaxExpense": -83000000,
    "netIncome": -269000000,
    "netIncomeRatio": -0.1780277962,
    "eps": -0.33,
    "epsdiluted": -0.33,
    "weightedAverageShsOut": 815151515,
    "weightedAverageShsOutDil": 815151515,
    "link": "https://www.sec.gov/Archives/edgar/data/885725/000107261305002530/0001072613-05-002530-index.htm",
    "finalLink": "https://www.sec.gov/Archives/edgar/data/885725/000107261305002530/form10-q_13917.htm"
  },
  {
    "date": "2005-06-30",
    "symbol": "BSX",
    "reportedCurrency": "USD",
    "cik": "0000885725",
    "fillingDate": "2005-08-09",
    "acceptedDate": "2005-08-09 14:23:22",
    "calendarYear": "2005",
    "period": "Q2",
    "revenue": 1617000000,
    "costOfRevenue": 357000000,
    "grossProfit": 1260000000,
    "grossProfitRatio": 0.7792207792,
    "researchAndDevelopmentExpenses": 166000000,
    "generalAndAdministrativeExpenses": 471000000,
    "sellingAndMarketingExpenses": 0,
    "sellingGeneralAndAdministrativeExpenses": 471000000,
    "otherExpenses": 94000000,
    "operatingExpenses": 731000000,
    "costAndExpenses": 1088000000,
    "interestIncome": 0,
    "interestExpense": 0,
    "depreciationAndAmortization": 36000000,
    "ebitda": 565000000,
    "ebitdaratio": 0.3494124923,
    "operatingIncome": 326000000,
    "operatingIncomeRatio": 0.2016079159,
    "totalOtherIncomeExpensesNet": -15000000,
    "incomeBeforeTax": 311000000,
    "incomeBeforeTaxRatio": 0.192331478,
    "incomeTaxExpense": 106000000,
    "netIncome": 205000000,
    "netIncomeRatio": 0.1267779839,
    "eps": 0.25,
    "epsdiluted": 0.24,
    "weightedAverageShsOut": 820000000,
    "weightedAverageShsOutDil": 854166667,
    "link": "https://www.sec.gov/Archives/edgar/data/885725/000107261305001940/0001072613-05-001940-index.htm",
    "finalLink": "https://www.sec.gov/Archives/edgar/data/885725/000107261305001940/form10-q_13730.htm"
  },
  {
    "date": "2005-03-31",
    "symbol": "BSX",
    "reportedCurrency": "USD",
    "cik": "0000885725",
    "fillingDate": "2005-05-09",
    "acceptedDate": "2005-05-09 10:16:14",
    "calendarYear": "2005",
    "period": "Q1",
    "revenue": 1615000000,
    "costOfRevenue": 344000000,
    "grossProfit": 1271000000,
    "grossProfitRatio": 0.786996904,
    "researchAndDevelopmentExpenses": 159000000,
    "generalAndAdministrativeExpenses": 431000000,
    "sellingAndMarketingExpenses": 0,
    "sellingGeneralAndAdministrativeExpenses": 431000000,
    "otherExpenses": 95000000,
    "operatingExpenses": 685000000,
    "costAndExpenses": 1029000000,
    "interestIncome": 0,
    "interestExpense": 0,
    "depreciationAndAmortization": 31000000,
    "ebitda": 617000000,
    "ebitdaratio": 0.3820433437,
    "operatingIncome": 513000000,
    "operatingIncomeRatio": 0.3176470588,
    "totalOtherIncomeExpensesNet": -19000000,
    "incomeBeforeTax": 494000000,
    "incomeBeforeTaxRatio": 0.3058823529,
    "incomeTaxExpense": 136000000,
    "netIncome": 358000000,
    "netIncomeRatio": 0.2216718266,
    "eps": 0.43,
    "epsdiluted": 0.42,
    "weightedAverageShsOut": 832558140,
    "weightedAverageShsOutDil": 852380952,
    "link": "https://www.sec.gov/Archives/edgar/data/885725/000107261305001101/0001072613-05-001101-index.htm",
    "finalLink": "https://www.sec.gov/Archives/edgar/data/885725/000107261305001101/form10-q_13470.htm"
  },
  {
    "date": "2004-12-31",
    "symbol": "BSX",
    "reportedCurrency": "USD",
    "cik": "0000885725",
    "fillingDate": "2005-03-16",
    "acceptedDate": "2005-03-16 15:34:03",
    "calendarYear": "2004",
    "period": "Q4",
    "revenue": 1600000000,
    "costOfRevenue": 328000000,
    "grossProfit": 1272000000,
    "grossProfitRatio": 0.795,
    "researchAndDevelopmentExpenses": 158000000,
    "generalAndAdministrativeExpenses": 515000000,
    "sellingAndMarketingExpenses": 0,
    "sellingGeneralAndAdministrativeExpenses": 515000000,
    "otherExpenses": 94000000,
    "operatingExpenses": 767000000,
    "costAndExpenses": 1095000000,
    "interestIncome": 0,
    "interestExpense": 0,
    "depreciationAndAmortization": 30000000,
    "ebitda": 535000000,
    "ebitdaratio": 0.334375,
    "operatingIncome": 504000000,
    "operatingIncomeRatio": 0.315,
    "totalOtherIncomeExpensesNet": -45000000,
    "incomeBeforeTax": 459000000,
    "incomeBeforeTaxRatio": 0.286875,
    "incomeTaxExpense": 162000000,
    "netIncome": 297000000,
    "netIncomeRatio": 0.185625,
    "eps": 0.36,
    "epsdiluted": 0.35,
    "weightedAverageShsOut": 832558140,
    "weightedAverageShsOutDil": 852380952,
    "link": "https://www.sec.gov/Archives/edgar/data/885725/000095013505001479/0000950135-05-001479-index.htm",
    "finalLink": "https://www.sec.gov/Archives/edgar/data/885725/000095013505001479/b53222bse10vk.htm"
  },
  {
    "date": "2004-09-30",
    "symbol": "BSX",
    "reportedCurrency": "USD",
    "cik": "0000885725",
    "fillingDate": "2004-11-09",
    "acceptedDate": "2004-11-09 16:58:13",
    "calendarYear": "2004",
    "period": "Q3",
    "revenue": 1482000000,
    "costOfRevenue": 309000000,
    "grossProfit": 1173000000,
    "grossProfitRatio": 0.7914979757,
    "researchAndDevelopmentExpenses": 145000000,
    "generalAndAdministrativeExpenses": 504000000,
    "sellingAndMarketingExpenses": 0,
    "sellingGeneralAndAdministrativeExpenses": 504000000,
    "otherExpenses": 166000000,
    "operatingExpenses": 815000000,
    "costAndExpenses": 1124000000,
    "interestIncome": 0,
    "interestExpense": 0,
    "depreciationAndAmortization": 34000000,
    "ebitda": 392000000,
    "ebitdaratio": 0.2645074224,
    "operatingIncome": 358000000,
    "operatingIncomeRatio": 0.2415654521,
    "totalOtherIncomeExpensesNet": -10000000,
    "incomeBeforeTax": 348000000,
    "incomeBeforeTaxRatio": 0.2348178138,
    "incomeTaxExpense": 90000000,
    "netIncome": 258000000,
    "netIncomeRatio": 0.1740890688,
    "eps": 0.31,
    "epsdiluted": 0.3,
    "weightedAverageShsOut": 832258065,
    "weightedAverageShsOutDil": 860000000,
    "link": "https://www.sec.gov/Archives/edgar/data/885725/000107261304002064/0001072613-04-002064-index.htm",
    "finalLink": "https://www.sec.gov/Archives/edgar/data/885725/000107261304002064/form10q_13048.txt"
  },
  {
    "date": "2004-06-30",
    "symbol": "BSX",
    "reportedCurrency": "USD",
    "cik": "0000885725",
    "fillingDate": "2004-08-09",
    "acceptedDate": "2004-08-09 16:19:21",
    "calendarYear": "2004",
    "period": "Q2",
    "revenue": 1460000000,
    "costOfRevenue": 363000000,
    "grossProfit": 1097000000,
    "grossProfitRatio": 0.751369863,
    "researchAndDevelopmentExpenses": 132000000,
    "generalAndAdministrativeExpenses": 375000000,
    "sellingAndMarketingExpenses": 0,
    "sellingGeneralAndAdministrativeExpenses": 375000000,
    "otherExpenses": 78000000,
    "operatingExpenses": 585000000,
    "costAndExpenses": 948000000,
    "interestIncome": 0,
    "interestExpense": 0,
    "depreciationAndAmortization": 26000000,
    "ebitda": 538000000,
    "ebitdaratio": 0.3684931507,
    "operatingIncome": 448000000,
    "operatingIncomeRatio": 0.3068493151,
    "totalOtherIncomeExpensesNet": -16000000,
    "incomeBeforeTax": 432000000,
    "incomeBeforeTaxRatio": 0.295890411,
    "incomeTaxExpense": 119000000,
    "netIncome": 313000000,
    "netIncomeRatio": 0.2143835616,
    "eps": 0.37,
    "epsdiluted": 0.36,
    "weightedAverageShsOut": 845945946,
    "weightedAverageShsOutDil": 869444444,
    "link": "https://www.sec.gov/Archives/edgar/data/885725/000107261304001472/0001072613-04-001472-index.htm",
    "finalLink": "https://www.sec.gov/Archives/edgar/data/885725/000107261304001472/form10-q_12848.txt"
  },
  {
    "date": "2004-03-31",
    "symbol": "BSX",
    "reportedCurrency": "USD",
    "cik": "0000885725",
    "fillingDate": "2004-05-07",
    "acceptedDate": "2004-05-07 16:49:22",
    "calendarYear": "2004",
    "period": "Q1",
    "revenue": 1082000000,
    "costOfRevenue": 292000000,
    "grossProfit": 790000000,
    "grossProfitRatio": 0.73012939,
    "researchAndDevelopmentExpenses": 134000000,
    "generalAndAdministrativeExpenses": 348000000,
    "sellingAndMarketingExpenses": 0,
    "sellingGeneralAndAdministrativeExpenses": 348000000,
    "otherExpenses": 44000000,
    "operatingExpenses": 526000000,
    "costAndExpenses": 818000000,
    "interestIncome": 0,
    "interestExpense": 0,
    "depreciationAndAmortization": 22000000,
    "ebitda": 286000000,
    "ebitdaratio": 0.2643253235,
    "operatingIncome": 264000000,
    "operatingIncomeRatio": 0.2439926063,
    "totalOtherIncomeExpensesNet": -9000000,
    "incomeBeforeTax": 255000000,
    "incomeBeforeTaxRatio": 0.2356746765,
    "incomeTaxExpense": 61000000,
    "netIncome": 194000000,
    "netIncomeRatio": 0.179297597,
    "eps": 0.23,
    "epsdiluted": 0.23,
    "weightedAverageShsOut": 843478261,
    "weightedAverageShsOutDil": 843478261,
    "link": "https://www.sec.gov/Archives/edgar/data/885725/000107261304000973/0001072613-04-000973-index.htm",
    "finalLink": "https://www.sec.gov/Archives/edgar/data/885725/000107261304000973/form10q_12653.txt"
  },
  {
    "date": "2003-12-31",
    "symbol": "BSX",
    "reportedCurrency": "USD",
    "cik": "0000885725",
    "fillingDate": "2004-03-15",
    "acceptedDate": "2004-03-15 15:39:08",
    "calendarYear": "2003",
    "period": "Q4",
    "revenue": 939000000,
    "costOfRevenue": 257000000,
    "grossProfit": 682000000,
    "grossProfitRatio": 0.7263045793,
    "researchAndDevelopmentExpenses": 128000000,
    "generalAndAdministrativeExpenses": 313000000,
    "sellingAndMarketingExpenses": 0,
    "sellingGeneralAndAdministrativeExpenses": 313000000,
    "otherExpenses": 41000000,
    "operatingExpenses": 482000000,
    "costAndExpenses": 739000000,
    "interestIncome": 0,
    "interestExpense": 0,
    "depreciationAndAmortization": 27000000,
    "ebitda": 227000000,
    "ebitdaratio": 0.2417465389,
    "operatingIncome": 196000000,
    "operatingIncomeRatio": 0.2087326944,
    "totalOtherIncomeExpensesNet": -12000000,
    "incomeBeforeTax": 184000000,
    "incomeBeforeTaxRatio": 0.1959531416,
    "incomeTaxExpense": 47000000,
    "netIncome": 137000000,
    "netIncomeRatio": 0.1458998935,
    "eps": 0.16,
    "epsdiluted": 0.16,
    "weightedAverageShsOut": 843478261,
    "weightedAverageShsOutDil": 843478261,
    "link": "https://www.sec.gov/Archives/edgar/data/885725/000095013504001301/0000950135-04-001301-index.htm",
    "finalLink": "https://www.sec.gov/Archives/edgar/data/885725/000095013504001301/b48996bse10vk.txt"
  },
  {
    "date": "2003-09-30",
    "symbol": "BSX",
    "reportedCurrency": "USD",
    "cik": "0000885725",
    "fillingDate": "2003-11-13",
    "acceptedDate": "2003-11-13 12:02:04",
    "calendarYear": "2003",
    "period": "Q3",
    "revenue": 876000000,
    "costOfRevenue": 243000000,
    "grossProfit": 633000000,
    "grossProfitRatio": 0.7226027397,
    "researchAndDevelopmentExpenses": 113000000,
    "generalAndAdministrativeExpenses": 295000000,
    "sellingAndMarketingExpenses": 0,
    "sellingGeneralAndAdministrativeExpenses": 295000000,
    "otherExpenses": 44000000,
    "operatingExpenses": 452000000,
    "costAndExpenses": 695000000,
    "interestIncome": 0,
    "interestExpense": 0,
    "depreciationAndAmortization": 21000000,
    "ebitda": 202000000,
    "ebitdaratio": 0.2305936073,
    "operatingIncome": 173000000,
    "operatingIncomeRatio": 0.1974885845,
    "totalOtherIncomeExpensesNet": -15000000,
    "incomeBeforeTax": 158000000,
    "incomeBeforeTaxRatio": 0.1803652968,
    "incomeTaxExpense": 34000000,
    "netIncome": 124000000,
    "netIncomeRatio": 0.1415525114,
    "eps": 0.15,
    "epsdiluted": 0.15,
    "weightedAverageShsOut": 826666667,
    "weightedAverageShsOutDil": 826666667,
    "link": "https://www.sec.gov/Archives/edgar/data/885725/000107261303001789/0001072613-03-001789-index.htm",
    "finalLink": "https://www.sec.gov/Archives/edgar/data/885725/000107261303001789/form10-q_12286.txt"
  },
  {
    "date": "2003-06-30",
    "symbol": "BSX",
    "reportedCurrency": "USD",
    "cik": "0000885725",
    "fillingDate": "2003-08-14",
    "acceptedDate": "2003-08-14 15:05:07",
    "calendarYear": "2003",
    "period": "Q2",
    "revenue": 854000000,
    "costOfRevenue": 235000000,
    "grossProfit": 619000000,
    "grossProfitRatio": 0.724824356,
    "researchAndDevelopmentExpenses": 108000000,
    "generalAndAdministrativeExpenses": 292000000,
    "sellingAndMarketingExpenses": 0,
    "sellingGeneralAndAdministrativeExpenses": 292000000,
    "otherExpenses": 34000000,
    "operatingExpenses": 434000000,
    "costAndExpenses": 669000000,
    "interestIncome": 0,
    "interestExpense": 0,
    "depreciationAndAmortization": 21000000,
    "ebitda": 206000000,
    "ebitdaratio": 0.2412177986,
    "operatingIncome": 173000000,
    "operatingIncomeRatio": 0.2025761124,
    "totalOtherIncomeExpensesNet": -12000000,
    "incomeBeforeTax": 161000000,
    "incomeBeforeTaxRatio": 0.1885245902,
    "incomeTaxExpense": 47000000,
    "netIncome": 114000000,
    "netIncomeRatio": 0.1334894614,
    "eps": 0.14,
    "epsdiluted": 0.14,
    "weightedAverageShsOut": 814285714,
    "weightedAverageShsOutDil": 844444444,
    "link": "https://www.sec.gov/Archives/edgar/data/885725/000107261303001402/0001072613-03-001402-index.htm",
    "finalLink": "https://www.sec.gov/Archives/edgar/data/885725/000107261303001402/form10-q_12108.txt"
  },
  {
    "date": "2003-03-31",
    "symbol": "BSX",
    "reportedCurrency": "USD",
    "cik": "0000885725",
    "fillingDate": "2003-05-15",
    "acceptedDate": "2003-05-15 13:28:44",
    "calendarYear": "2003",
    "period": "Q1",
    "revenue": 807000000,
    "costOfRevenue": 226000000,
    "grossProfit": 581000000,
    "grossProfitRatio": 0.7199504337,
    "researchAndDevelopmentExpenses": 103000000,
    "generalAndAdministrativeExpenses": 271000000,
    "sellingAndMarketingExpenses": 0,
    "sellingGeneralAndAdministrativeExpenses": 271000000,
    "otherExpenses": 39000000,
    "operatingExpenses": 413000000,
    "costAndExpenses": 639000000,
    "interestIncome": 0,
    "interestExpense": 0,
    "depreciationAndAmortization": 20000000,
    "ebitda": 188000000,
    "ebitdaratio": 0.2329615861,
    "operatingIncome": 155000000,
    "operatingIncomeRatio": 0.1920693928,
    "totalOtherIncomeExpensesNet": -15000000,
    "incomeBeforeTax": 140000000,
    "incomeBeforeTaxRatio": 0.1734820322,
    "incomeTaxExpense": 43000000,
    "netIncome": 97000000,
    "netIncomeRatio": 0.1201982652,
    "eps": 0.12,
    "epsdiluted": 0.11,
    "weightedAverageShsOut": 808333333,
    "weightedAverageShsOutDil": 843478261,
    "link": "https://www.sec.gov/Archives/edgar/data/885725/000107261303000829/0001072613-03-000829-index.htm",
    "finalLink": "https://www.sec.gov/Archives/edgar/data/885725/000107261303000829/form10-q_11930.txt"
  },
  {
    "date": "2002-12-31",
    "symbol": "BSX",
    "reportedCurrency": "USD",
    "cik": "0000885725",
    "fillingDate": "2003-03-31",
    "acceptedDate": "2003-03-31 12:00:45",
    "calendarYear": "2002",
    "period": "Q4",
    "revenue": 814000000,
    "costOfRevenue": 227000000,
    "grossProfit": 587000000,
    "grossProfitRatio": 0.7211302211,
    "researchAndDevelopmentExpenses": 95000000,
    "generalAndAdministrativeExpenses": 266000000,
    "sellingAndMarketingExpenses": 0,
    "sellingGeneralAndAdministrativeExpenses": 266000000,
    "otherExpenses": 29000000,
    "operatingExpenses": 390000000,
    "costAndExpenses": 617000000,
    "interestIncome": 0,
    "interestExpense": 0,
    "depreciationAndAmortization": 19000000,
    "ebitda": 216000000,
    "ebitdaratio": 0.2653562654,
    "operatingIncome": 157000000,
    "operatingIncomeRatio": 0.1928746929,
    "totalOtherIncomeExpensesNet": -14000000,
    "incomeBeforeTax": 143000000,
    "incomeBeforeTaxRatio": 0.1756756757,
    "incomeTaxExpense": 38000000,
    "netIncome": 105000000,
    "netIncomeRatio": 0.128992629,
    "eps": 0.13,
    "epsdiluted": 0.12,
    "weightedAverageShsOut": 808333333,
    "weightedAverageShsOutDil": 843478261,
    "link": "https://www.sec.gov/Archives/edgar/data/885725/000095013503002096/0000950135-03-002096-index.htm",
    "finalLink": "https://www.sec.gov/Archives/edgar/data/885725/000095013503002096/b45658bse10vk.txt"
  },
  {
    "date": "2002-09-30",
    "symbol": "BSX",
    "reportedCurrency": "USD",
    "cik": "0000885725",
    "fillingDate": "2002-11-14",
    "acceptedDate": "2002-11-14 18:43:56",
    "calendarYear": "2002",
    "period": "Q3",
    "revenue": 722000000,
    "costOfRevenue": 211000000,
    "grossProfit": 511000000,
    "grossProfitRatio": 0.7077562327,
    "researchAndDevelopmentExpenses": 87000000,
    "generalAndAdministrativeExpenses": 249000000,
    "sellingAndMarketingExpenses": 0,
    "sellingGeneralAndAdministrativeExpenses": 249000000,
    "otherExpenses": -71000000,
    "operatingExpenses": 265000000,
    "costAndExpenses": 476000000,
    "interestIncome": 0,
    "interestExpense": 0,
    "depreciationAndAmortization": 19000000,
    "ebitda": 265000000,
    "ebitdaratio": 0.3670360111,
    "operatingIncome": 246000000,
    "operatingIncomeRatio": 0.3407202216,
    "totalOtherIncomeExpensesNet": -11000000,
    "incomeBeforeTax": 235000000,
    "incomeBeforeTaxRatio": 0.3254847645,
    "incomeTaxExpense": 74000000,
    "netIncome": 161000000,
    "netIncomeRatio": 0.2229916898,
    "eps": 0.2,
    "epsdiluted": 0.19,
    "weightedAverageShsOut": 805000000,
    "weightedAverageShsOutDil": 825641026,
    "link": "https://www.sec.gov/Archives/edgar/data/885725/000107261302001753/0001072613-02-001753-index.htm",
    "finalLink": "https://www.sec.gov/Archives/edgar/data/885725/000107261302001753/form10-q_11581.txt"
  },
  {
    "date": "2002-06-30",
    "symbol": "BSX",
    "reportedCurrency": "USD",
    "cik": "0000885725",
    "fillingDate": "2002-08-09",
    "acceptedDate": "2002-08-09 16:57:41",
    "calendarYear": "2002",
    "period": "Q2",
    "revenue": 708000000,
    "costOfRevenue": 225000000,
    "grossProfit": 483000000,
    "grossProfitRatio": 0.6822033898,
    "researchAndDevelopmentExpenses": 85000000,
    "generalAndAdministrativeExpenses": 246000000,
    "sellingAndMarketingExpenses": 0,
    "sellingGeneralAndAdministrativeExpenses": 246000000,
    "otherExpenses": 25000000,
    "operatingExpenses": 356000000,
    "costAndExpenses": 581000000,
    "interestIncome": 0,
    "interestExpense": 0,
    "depreciationAndAmortization": 17000000,
    "ebitda": 144000000,
    "ebitdaratio": 0.2033898305,
    "operatingIncome": 82000000,
    "operatingIncomeRatio": 0.115819209,
    "totalOtherIncomeExpensesNet": -28000000,
    "incomeBeforeTax": 54000000,
    "incomeBeforeTaxRatio": 0.0762711864,
    "incomeTaxExpense": 29000000,
    "netIncome": 25000000,
    "netIncomeRatio": 0.0353107345,
    "eps": 0.03,
    "epsdiluted": 0.03,
    "weightedAverageShsOut": 833333333,
    "weightedAverageShsOutDil": 833333333,
    "link": "https://www.sec.gov/Archives/edgar/data/885725/000107261302001227/0001072613-02-001227-index.htm",
    "finalLink": "https://www.sec.gov/Archives/edgar/data/885725/000107261302001227/form10-q_11386.txt"
  },
  {
    "date": "2002-03-31",
    "symbol": "BSX",
    "reportedCurrency": "USD",
    "cik": "0000885725",
    "fillingDate": "2002-05-15",
    "acceptedDate": "2002-05-15 16:13:11",
    "calendarYear": "2002",
    "period": "Q1",
    "revenue": 675000000,
    "costOfRevenue": 207000000,
    "grossProfit": 468000000,
    "grossProfitRatio": 0.6933333333,
    "researchAndDevelopmentExpenses": 76000000,
    "generalAndAdministrativeExpenses": 241000000,
    "sellingAndMarketingExpenses": 0,
    "sellingGeneralAndAdministrativeExpenses": 241000000,
    "otherExpenses": 26000000,
    "operatingExpenses": 343000000,
    "costAndExpenses": 550000000,
    "interestIncome": 0,
    "interestExpense": 0,
    "depreciationAndAmortization": 17000000,
    "ebitda": 142000000,
    "ebitdaratio": 0.2103703704,
    "operatingIncome": 125000000,
    "operatingIncomeRatio": 0.1851851852,
    "totalOtherIncomeExpensesNet": -8000000,
    "incomeBeforeTax": 117000000,
    "incomeBeforeTaxRatio": 0.1733333333,
    "incomeTaxExpense": 35000000,
    "netIncome": 82000000,
    "netIncomeRatio": 0.1214814815,
    "eps": 0.1,
    "epsdiluted": 0.1,
    "weightedAverageShsOut": 820000000,
    "weightedAverageShsOutDil": 820000000,
    "link": "https://www.sec.gov/Archives/edgar/data/885725/000107261302000841/0001072613-02-000841-index.htm",
    "finalLink": "https://www.sec.gov/Archives/edgar/data/885725/000107261302000841/form10-q_11241.txt"
  },
  {
    "date": "2001-12-31",
    "symbol": "BSX",
    "reportedCurrency": "USD",
    "cik": "0000885725",
    "fillingDate": "2002-03-27",
    "acceptedDate": "2002-03-27 00:00:00",
    "calendarYear": "2001",
    "period": "Q4",
    "revenue": 677000000,
    "costOfRevenue": 215000000,
    "grossProfit": 462000000,
    "grossProfitRatio": 0.682422452,
    "researchAndDevelopmentExpenses": -201000000,
    "generalAndAdministrativeExpenses": 274000000,
    "sellingAndMarketingExpenses": 0,
    "sellingGeneralAndAdministrativeExpenses": 274000000,
    "otherExpenses": 3000000,
    "operatingExpenses": 76000000,
    "costAndExpenses": 291000000,
    "interestIncome": 0,
    "interestExpense": 0,
    "depreciationAndAmortization": 31000000,
    "ebitda": 417000000,
    "ebitdaratio": 0.6159527326,
    "operatingIncome": 108000000,
    "operatingIncomeRatio": 0.1595273264,
    "totalOtherIncomeExpensesNet": -12000000,
    "incomeBeforeTax": 96000000,
    "incomeBeforeTaxRatio": 0.1418020679,
    "incomeTaxExpense": 31000000,
    "netIncome": 65000000,
    "netIncomeRatio": 0.0960118168,
    "eps": 0.0793,
    "epsdiluted": 0.0793,
    "weightedAverageShsOut": 820000000,
    "weightedAverageShsOutDil": 820000000,
    "link": "https://www.sec.gov/Archives/edgar/data/885725/000091205702011989/0000912057-02-011989-index.htm",
    "finalLink": "https://www.sec.gov/Archives/edgar/data/885725/000091205702011989/a2074671z10-k.txt"
  },
  {
    "date": "2001-09-30",
    "symbol": "BSX",
    "reportedCurrency": "USD",
    "cik": "0000885725",
    "fillingDate": "2001-11-14",
    "acceptedDate": "2001-11-14 00:00:00",
    "calendarYear": "2001",
    "period": "Q3",
    "revenue": 670000000,
    "costOfRevenue": 214000000,
    "grossProfit": 456000000,
    "grossProfitRatio": 0.6805970149,
    "researchAndDevelopmentExpenses": 82000000,
    "generalAndAdministrativeExpenses": 232000000,
    "sellingAndMarketingExpenses": 0,
    "sellingGeneralAndAdministrativeExpenses": 232000000,
    "otherExpenses": 40000000,
    "operatingExpenses": 354000000,
    "costAndExpenses": 568000000,
    "interestIncome": 0,
    "interestExpense": 0,
    "depreciationAndAmortization": 30000000,
    "ebitda": 132000000,
    "ebitdaratio": 0.1970149254,
    "operatingIncome": 102000000,
    "operatingIncomeRatio": 0.152238806,
    "totalOtherIncomeExpensesNet": -15000000,
    "incomeBeforeTax": 87000000,
    "incomeBeforeTaxRatio": 0.1298507463,
    "incomeTaxExpense": 29000000,
    "netIncome": 58000000,
    "netIncomeRatio": 0.0865671642,
    "eps": 0.07,
    "epsdiluted": 0.07,
    "weightedAverageShsOut": 828571429,
    "weightedAverageShsOutDil": 828571429,
    "link": "https://www.sec.gov/Archives/edgar/data/885725/000107261301501130/0001072613-01-501130-index.htm",
    "finalLink": "https://www.sec.gov/Archives/edgar/data/885725/000107261301501130/form10q_10877.txt"
  },
  {
    "date": "2001-06-30",
    "symbol": "BSX",
    "reportedCurrency": "USD",
    "cik": "0000885725",
    "fillingDate": "2001-08-14",
    "acceptedDate": "2001-08-14 00:00:00",
    "calendarYear": "2001",
    "period": "Q2",
    "revenue": 672000000,
    "costOfRevenue": 268000000,
    "grossProfit": 404000000,
    "grossProfitRatio": 0.6011904762,
    "researchAndDevelopmentExpenses": 71000000,
    "generalAndAdministrativeExpenses": 230000000,
    "sellingAndMarketingExpenses": 0,
    "sellingGeneralAndAdministrativeExpenses": 230000000,
    "otherExpenses": 61000000,
    "operatingExpenses": 362000000,
    "costAndExpenses": 630000000,
    "interestIncome": 0,
    "interestExpense": 0,
    "depreciationAndAmortization": 52000000,
    "ebitda": 94000000,
    "ebitdaratio": 0.1398809524,
    "operatingIncome": -150000000,
    "operatingIncomeRatio": -0.2232142857,
    "totalOtherIncomeExpensesNet": -16000000,
    "incomeBeforeTax": -166000000,
    "incomeBeforeTaxRatio": -0.2470238095,
    "incomeTaxExpense": 6000000,
    "netIncome": -172000000,
    "netIncomeRatio": -0.255952381,
    "eps": -0.21,
    "epsdiluted": -0.21,
    "weightedAverageShsOut": 800000000,
    "weightedAverageShsOutDil": 800000000,
    "link": "https://www.sec.gov/Archives/edgar/data/885725/000107261301500831/0001072613-01-500831-index.htm",
    "finalLink": "https://www.sec.gov/Archives/edgar/data/885725/000107261301500831/form10q_10793.txt"
  },
  {
    "date": "2001-03-31",
    "symbol": "BSX",
    "reportedCurrency": "USD",
    "cik": "0000885725",
    "fillingDate": "2001-05-15",
    "acceptedDate": "2001-05-15 00:00:00",
    "calendarYear": "2001",
    "period": "Q1",
    "revenue": 654000000,
    "costOfRevenue": 222000000,
    "grossProfit": 432000000,
    "grossProfitRatio": 0.6605504587,
    "researchAndDevelopmentExpenses": 56000000,
    "generalAndAdministrativeExpenses": 225000000,
    "sellingAndMarketingExpenses": 0,
    "sellingGeneralAndAdministrativeExpenses": 225000000,
    "otherExpenses": 32000000,
    "operatingExpenses": 313000000,
    "costAndExpenses": 535000000,
    "interestIncome": 0,
    "interestExpense": 0,
    "depreciationAndAmortization": 23000000,
    "ebitda": 142000000,
    "ebitdaratio": 0.2171253823,
    "operatingIncome": 40000000,
    "operatingIncomeRatio": 0.0611620795,
    "totalOtherIncomeExpensesNet": -13000000,
    "incomeBeforeTax": 27000000,
    "incomeBeforeTaxRatio": 0.0412844037,
    "incomeTaxExpense": 32000000,
    "netIncome": -5000000,
    "netIncomeRatio": -0.0076452599,
    "eps": -0.005,
    "epsdiluted": -0.005,
    "weightedAverageShsOut": 1000000000,
    "weightedAverageShsOutDil": 1000000000,
    "link": "https://www.sec.gov/Archives/edgar/data/885725/000107261301500558/0001072613-01-500558-index.htm",
    "finalLink": "https://www.sec.gov/Archives/edgar/data/885725/000107261301500558/form10q_10683.txt"
  },
  {
    "date": "2000-12-31",
    "symbol": "BSX",
    "reportedCurrency": "USD",
    "cik": "0000885725",
    "fillingDate": "2001-04-02",
    "acceptedDate": "2001-04-02 00:00:00",
    "calendarYear": "2000",
    "period": "Q4",
    "revenue": 638000000,
    "costOfRevenue": 112000000,
    "grossProfit": 526000000,
    "grossProfitRatio": 0.8244514107,
    "researchAndDevelopmentExpenses": 53000000,
    "generalAndAdministrativeExpenses": 223000000,
    "sellingAndMarketingExpenses": 0,
    "sellingGeneralAndAdministrativeExpenses": 223000000,
    "otherExpenses": 112000000,
    "operatingExpenses": 388000000,
    "costAndExpenses": 500000000,
    "interestIncome": 0,
    "interestExpense": 0,
    "depreciationAndAmortization": 112000000,
    "ebitda": 250000000,
    "ebitdaratio": 0.3918495298,
    "operatingIncome": 138000000,
    "operatingIncomeRatio": 0.2163009404,
    "totalOtherIncomeExpensesNet": -56000000,
    "incomeBeforeTax": 82000000,
    "incomeBeforeTaxRatio": 0.1285266458,
    "incomeTaxExpense": 22000000,
    "netIncome": 60000000,
    "netIncomeRatio": 0.0940438871,
    "eps": 0.06,
    "epsdiluted": 0.06,
    "weightedAverageShsOut": 1000000000,
    "weightedAverageShsOutDil": 1000000000,
    "link": "https://www.sec.gov/Archives/edgar/data/885725/000095013501001146/0000950135-01-001146-index.htm",
    "finalLink": "https://www.sec.gov/Archives/edgar/data/885725/000095013501001146/b38188sse10-k.txt"
  },
  {
    "date": "2000-09-30",
    "symbol": "BSX",
    "reportedCurrency": "USD",
    "cik": "0000885725",
    "fillingDate": "2000-11-13",
    "acceptedDate": "2000-11-13 00:00:00",
    "calendarYear": "2000",
    "period": "Q3",
    "revenue": 652000000,
    "costOfRevenue": 200000000,
    "grossProfit": 452000000,
    "grossProfitRatio": 0.6932515337,
    "researchAndDevelopmentExpenses": 48000000,
    "generalAndAdministrativeExpenses": 216000000,
    "sellingAndMarketingExpenses": 0,
    "sellingGeneralAndAdministrativeExpenses": 216000000,
    "otherExpenses": 23000000,
    "operatingExpenses": 287000000,
    "costAndExpenses": 487000000,
    "interestIncome": 0,
    "interestExpense": 0,
    "depreciationAndAmortization": 23000000,
    "ebitda": 188000000,
    "ebitdaratio": 0.2883435583,
    "operatingIncome": 165000000,
    "operatingIncomeRatio": 0.2530674847,
    "totalOtherIncomeExpensesNet": -46000000,
    "incomeBeforeTax": 119000000,
    "incomeBeforeTaxRatio": 0.1825153374,
    "incomeTaxExpense": 34000000,
    "netIncome": 85000000,
    "netIncomeRatio": 0.1303680982,
    "eps": 0.1,
    "epsdiluted": 0.1,
    "weightedAverageShsOut": 809523810,
    "weightedAverageShsOutDil": 809523810,
    "link": "https://www.sec.gov/Archives/edgar/data/885725/000107261300000971/0001072613-00-000971-index.htm",
    "finalLink": "https://www.sec.gov/Archives/edgar/data/885725/000107261300000971/0001072613-00-000971-0001.txt"
  },
  {
    "date": "2000-06-30",
    "symbol": "BSX",
    "reportedCurrency": "USD",
    "cik": "0000885725",
    "fillingDate": "2000-08-14",
    "acceptedDate": "2000-08-14 00:00:00",
    "calendarYear": "2000",
    "period": "Q2",
    "revenue": 695000000,
    "costOfRevenue": 217000000,
    "grossProfit": 478000000,
    "grossProfitRatio": 0.6877697842,
    "researchAndDevelopmentExpenses": 49000000,
    "generalAndAdministrativeExpenses": 214000000,
    "sellingAndMarketingExpenses": 0,
    "sellingGeneralAndAdministrativeExpenses": 214000000,
    "otherExpenses": 23000000,
    "operatingExpenses": 286000000,
    "costAndExpenses": 503000000,
    "interestIncome": 0,
    "interestExpense": 0,
    "depreciationAndAmortization": 23000000,
    "ebitda": 215000000,
    "ebitdaratio": 0.309352518,
    "operatingIncome": 192000000,
    "operatingIncomeRatio": 0.2762589928,
    "totalOtherIncomeExpensesNet": -22000000,
    "incomeBeforeTax": 170000000,
    "incomeBeforeTaxRatio": 0.2446043165,
    "incomeTaxExpense": 48000000,
    "netIncome": 122000000,
    "netIncomeRatio": 0.1755395683,
    "eps": 0.15,
    "epsdiluted": 0.15,
    "weightedAverageShsOut": 813333333,
    "weightedAverageShsOutDil": 813333333,
    "link": "https://www.sec.gov/Archives/edgar/data/885725/000107261300000833/0001072613-00-000833-index.htm",
    "finalLink": "https://www.sec.gov/Archives/edgar/data/885725/000107261300000833/0001072613-00-000833-0001.txt"
  },
  {
    "date": "2000-03-31",
    "symbol": "BSX",
    "reportedCurrency": "USD",
    "cik": "0000885725",
    "fillingDate": "2000-05-15",
    "acceptedDate": "2000-05-15 00:00:00",
    "calendarYear": "2000",
    "period": "Q1",
    "revenue": 679000000,
    "costOfRevenue": 213000000,
    "grossProfit": 466000000,
    "grossProfitRatio": 0.6863033873,
    "researchAndDevelopmentExpenses": 49000000,
    "generalAndAdministrativeExpenses": 214000000,
    "sellingAndMarketingExpenses": 0,
    "sellingGeneralAndAdministrativeExpenses": 214000000,
    "otherExpenses": 23000000,
    "operatingExpenses": 286000000,
    "costAndExpenses": 499000000,
    "interestIncome": 0,
    "interestExpense": 0,
    "depreciationAndAmortization": 23000000,
    "ebitda": 203000000,
    "ebitdaratio": 0.2989690722,
    "operatingIncome": 180000000,
    "operatingIncomeRatio": 0.265095729,
    "totalOtherIncomeExpensesNet": -24000000,
    "incomeBeforeTax": 156000000,
    "incomeBeforeTaxRatio": 0.2297496318,
    "incomeTaxExpense": 50000000,
    "netIncome": 106000000,
    "netIncomeRatio": 0.1561119293,
    "eps": 0.13,
    "epsdiluted": 0.13,
    "weightedAverageShsOut": 815384615,
    "weightedAverageShsOutDil": 815384615,
    "link": "https://www.sec.gov/Archives/edgar/data/885725/000095013500002870/0000950135-00-002870-index.html",
    "finalLink": "https://www.sec.gov/Archives/edgar/data/885725/000095013500002870/"
  },
  {
    "date": "1999-12-31",
    "symbol": "BSX",
    "reportedCurrency": "USD",
    "cik": "0000885725",
    "fillingDate": "2000-03-30",
    "acceptedDate": "2000-03-30 00:00:00",
    "calendarYear": "1999",
    "period": "Q4",
    "revenue": 717000000,
    "costOfRevenue": 152000000,
    "grossProfit": 565000000,
    "grossProfitRatio": 0.7880055788,
    "researchAndDevelopmentExpenses": 51000000,
    "generalAndAdministrativeExpenses": 211000000,
    "sellingAndMarketingExpenses": 0,
    "sellingGeneralAndAdministrativeExpenses": 211000000,
    "otherExpenses": 109000000,
    "operatingExpenses": 371000000,
    "costAndExpenses": 523000000,
    "interestIncome": 0,
    "interestExpense": 0,
    "depreciationAndAmortization": 109000000,
    "ebitda": 303000000,
    "ebitdaratio": 0.4225941423,
    "operatingIncome": 194000000,
    "operatingIncomeRatio": 0.2705718271,
    "totalOtherIncomeExpensesNet": -32000000,
    "incomeBeforeTax": 162000000,
    "incomeBeforeTaxRatio": 0.2259414226,
    "incomeTaxExpense": 55000000,
    "netIncome": 107000000,
    "netIncomeRatio": 0.1492329149,
    "eps": 0.13,
    "epsdiluted": 0.13,
    "weightedAverageShsOut": 815384615,
    "weightedAverageShsOutDil": 815384615,
    "link": "https://www.sec.gov/Archives/edgar/data/885725/000095013500001894/0000950135-00-001894-index.html",
    "finalLink": "https://www.sec.gov/Archives/edgar/data/885725/000095013500001894/"
  },
  {
    "date": "1999-09-30",
    "symbol": "BSX",
    "reportedCurrency": "USD",
    "cik": "0000885725",
    "fillingDate": "1999-11-15",
    "acceptedDate": "1999-11-15 00:00:00",
    "calendarYear": "1999",
    "period": "Q3",
    "revenue": 691000000,
    "costOfRevenue": 283000000,
    "grossProfit": 408000000,
    "grossProfitRatio": 0.5904486252,
    "researchAndDevelopmentExpenses": 48000000,
    "generalAndAdministrativeExpenses": 220000000,
    "sellingAndMarketingExpenses": 0,
    "sellingGeneralAndAdministrativeExpenses": 220000000,
    "otherExpenses": 23000000,
    "operatingExpenses": 291000000,
    "costAndExpenses": 574000000,
    "interestIncome": 0,
    "interestExpense": 0,
    "depreciationAndAmortization": 23000000,
    "ebitda": 148000000,
    "ebitdaratio": 0.2141823444,
    "operatingIncome": 117000000,
    "operatingIncomeRatio": 0.1693198263,
    "totalOtherIncomeExpensesNet": -33000000,
    "incomeBeforeTax": 84000000,
    "incomeBeforeTaxRatio": 0.1215629522,
    "incomeTaxExpense": 29000000,
    "netIncome": 55000000,
    "netIncomeRatio": 0.0795947902,
    "eps": 0.065,
    "epsdiluted": 0.065,
    "weightedAverageShsOut": 846153846,
    "weightedAverageShsOutDil": 846153846,
    "link": "https://www.sec.gov/Archives/edgar/data/885725/000095013599005273/0000950135-99-005273-index.html",
    "finalLink": "https://www.sec.gov/Archives/edgar/data/885725/000095013599005273/"
  },
  {
    "date": "1999-06-30",
    "symbol": "BSX",
    "reportedCurrency": "USD",
    "cik": "0000885725",
    "fillingDate": "1999-08-16",
    "acceptedDate": "1999-08-16 00:00:00",
    "calendarYear": "1999",
    "period": "Q2",
    "revenue": 726000000,
    "costOfRevenue": 235000000,
    "grossProfit": 491000000,
    "grossProfitRatio": 0.6763085399,
    "researchAndDevelopmentExpenses": 49000000,
    "generalAndAdministrativeExpenses": 204000000,
    "sellingAndMarketingExpenses": 0,
    "sellingGeneralAndAdministrativeExpenses": 204000000,
    "otherExpenses": 23000000,
    "operatingExpenses": 276000000,
    "costAndExpenses": 511000000,
    "interestIncome": 0,
    "interestExpense": 0,
    "depreciationAndAmortization": 23000000,
    "ebitda": 238000000,
    "ebitdaratio": 0.3278236915,
    "operatingIncome": 215000000,
    "operatingIncomeRatio": 0.2961432507,
    "totalOtherIncomeExpensesNet": -50000000,
    "incomeBeforeTax": 165000000,
    "incomeBeforeTaxRatio": 0.2272727273,
    "incomeTaxExpense": 56000000,
    "netIncome": 109000000,
    "netIncomeRatio": 0.150137741,
    "eps": 0.14,
    "epsdiluted": 0.13,
    "weightedAverageShsOut": 795368000,
    "weightedAverageShsOutDil": 813490000,
    "link": "https://www.sec.gov/Archives/edgar/data/885725/000095013599004100/0000950135-99-004100-index.html",
    "finalLink": "https://www.sec.gov/Archives/edgar/data/885725/000095013599004100/"
  },
  {
    "date": "1999-03-31",
    "symbol": "BSX",
    "reportedCurrency": "USD",
    "cik": "0000885725",
    "fillingDate": "1999-05-17",
    "acceptedDate": "1999-05-17 00:00:00",
    "calendarYear": "1999",
    "period": "Q1",
    "revenue": 708000000,
    "costOfRevenue": 230000000,
    "grossProfit": 478000000,
    "grossProfitRatio": 0.6751412429,
    "researchAndDevelopmentExpenses": 49000000,
    "generalAndAdministrativeExpenses": 207000000,
    "sellingAndMarketingExpenses": 0,
    "sellingGeneralAndAdministrativeExpenses": 207000000,
    "otherExpenses": 23000000,
    "operatingExpenses": 279000000,
    "costAndExpenses": 509000000,
    "interestIncome": 0,
    "interestExpense": 0,
    "depreciationAndAmortization": 23000000,
    "ebitda": 222000000,
    "ebitdaratio": 0.313559322,
    "operatingIncome": 199000000,
    "operatingIncomeRatio": 0.2810734463,
    "totalOtherIncomeExpensesNet": -48000000,
    "incomeBeforeTax": 151000000,
    "incomeBeforeTaxRatio": 0.2132768362,
    "incomeTaxExpense": 51000000,
    "netIncome": 100000000,
    "netIncomeRatio": 0.1412429379,
    "eps": 0.13,
    "epsdiluted": 0.13,
    "weightedAverageShsOut": 800000000,
    "weightedAverageShsOutDil": 800000000,
    "link": "https://www.sec.gov/Archives/edgar/data/885725/000095013599002736/0000950135-99-002736-index.html",
    "finalLink": "https://www.sec.gov/Archives/edgar/data/885725/"
  },
  {
    "date": "1998-12-31",
    "symbol": "BSX",
    "reportedCurrency": "USD",
    "cik": "0000885725",
    "fillingDate": "1999-03-31",
    "acceptedDate": "1999-03-31 00:00:00",
    "calendarYear": "1998",
    "period": "Q4",
    "revenue": 682500000,
    "costOfRevenue": 167300000,
    "grossProfit": 515200000,
    "grossProfitRatio": 0.7548717949,
    "researchAndDevelopmentExpenses": 739200000,
    "generalAndAdministrativeExpenses": 262400000,
    "sellingAndMarketingExpenses": 0,
    "sellingGeneralAndAdministrativeExpenses": 262400000,
    "otherExpenses": 101800000,
    "operatingExpenses": 1103400000,
    "costAndExpenses": 1270700000,
    "interestIncome": 0,
    "interestExpense": 0,
    "depreciationAndAmortization": 101800000,
    "ebitda": -486400000,
    "ebitdaratio": -0.7126739927,
    "operatingIncome": -588200000,
    "operatingIncomeRatio": -0.8618315018,
    "totalOtherIncomeExpensesNet": 737000000,
    "incomeBeforeTax": 148800000,
    "incomeBeforeTaxRatio": 0.218021978,
    "incomeTaxExpense": 49400000,
    "netIncome": 99400000,
    "netIncomeRatio": 0.1456410256,
    "eps": 0.13,
    "epsdiluted": 0.12,
    "weightedAverageShsOut": 789544000,
    "weightedAverageShsOutDil": 803604000,
    "link": "https://www.sec.gov/Archives/edgar/data/885725/000095013599001755/0000950135-99-001755-index.html",
    "finalLink": "https://www.sec.gov/Archives/edgar/data/885725/"
  },
  {
    "date": "1998-09-30",
    "symbol": "BSX",
    "reportedCurrency": "USD",
    "cik": "0000885725",
    "fillingDate": "1998-11-16",
    "acceptedDate": "1998-11-16 00:00:00",
    "calendarYear": "1998",
    "period": "Q3",
    "revenue": 575400000,
    "costOfRevenue": 200500000,
    "grossProfit": 374900000,
    "grossProfitRatio": 0.6515467501,
    "researchAndDevelopmentExpenses": 49700000,
    "generalAndAdministrativeExpenses": 186300000,
    "sellingAndMarketingExpenses": 0,
    "sellingGeneralAndAdministrativeExpenses": 186300000,
    "otherExpenses": 11000000,
    "operatingExpenses": 247000000,
    "costAndExpenses": 447500000,
    "interestIncome": 0,
    "interestExpense": 0,
    "depreciationAndAmortization": 11000000,
    "ebitda": 130000000,
    "ebitdaratio": 0.225929788,
    "operatingIncome": 127900000,
    "operatingIncomeRatio": 0.2222801529,
    "totalOtherIncomeExpensesNet": -694000000,
    "incomeBeforeTax": -646200000,
    "incomeBeforeTaxRatio": -1.1230448384,
    "incomeTaxExpense": -136800000,
    "netIncome": -509400000,
    "netIncomeRatio": -0.8852971846,
    "eps": -0.65,
    "epsdiluted": -0.65,
    "weightedAverageShsOut": 783050847,
    "weightedAverageShsOutDil": 783050847,
    "link": "https://www.sec.gov/Archives/edgar/data/885725/000092701698004074/0000927016-98-004074-index.html",
    "finalLink": "https://www.sec.gov/Archives/edgar/data/885725/"
  },
  {
    "date": "1998-06-30",
    "symbol": "BSX",
    "reportedCurrency": "USD",
    "cik": "0000885725",
    "fillingDate": "1998-08-14",
    "acceptedDate": "1998-08-14 00:00:00",
    "calendarYear": "1998",
    "period": "Q2",
    "revenue": 505700000,
    "costOfRevenue": 151200000,
    "grossProfit": 354500000,
    "grossProfitRatio": 0.7010085031,
    "researchAndDevelopmentExpenses": 48600000,
    "generalAndAdministrativeExpenses": 188300000,
    "sellingAndMarketingExpenses": 0,
    "sellingGeneralAndAdministrativeExpenses": 188300000,
    "otherExpenses": 0,
    "operatingExpenses": 236900000,
    "costAndExpenses": 388100000,
    "interestIncome": 0,
    "interestExpense": 0,
    "depreciationAndAmortization": -14300000,
    "ebitda": 103300000,
    "ebitdaratio": 0.2042713071,
    "operatingIncome": 117600000,
    "operatingIncomeRatio": 0.2325489421,
    "totalOtherIncomeExpensesNet": 6200000,
    "incomeBeforeTax": 123800000,
    "incomeBeforeTaxRatio": 0.2448091754,
    "incomeTaxExpense": 45100000,
    "netIncome": 67000000,
    "netIncomeRatio": 0.1324896184,
    "eps": 0.12,
    "epsdiluted": 0.12,
    "weightedAverageShsOut": 670000000,
    "weightedAverageShsOutDil": 670000000,
    "link": "https://www.sec.gov/Archives/edgar/data/885725/000092701698003142/0000927016-98-003142-index.html",
    "finalLink": "https://www.sec.gov/Archives/edgar/data/885725/"
  },
  {
    "date": "1998-03-31",
    "symbol": "BSX",
    "reportedCurrency": "USD",
    "cik": "0000885725",
    "fillingDate": "1998-05-15",
    "acceptedDate": "1998-05-15 00:00:00",
    "calendarYear": "1998",
    "period": "Q1",
    "revenue": 470000000,
    "costOfRevenue": 140000000,
    "grossProfit": 330000000,
    "grossProfitRatio": 0.7021276596,
    "researchAndDevelopmentExpenses": 44600000,
    "generalAndAdministrativeExpenses": 178600000,
    "sellingAndMarketingExpenses": 0,
    "sellingGeneralAndAdministrativeExpenses": 178600000,
    "otherExpenses": 0,
    "operatingExpenses": 223200000,
    "costAndExpenses": 363200000,
    "interestIncome": 0,
    "interestExpense": 0,
    "depreciationAndAmortization": 2400000,
    "ebitda": 109200000,
    "ebitdaratio": 0.2323404255,
    "operatingIncome": 106800000,
    "operatingIncomeRatio": 0.2272340426,
    "totalOtherIncomeExpensesNet": -4600000,
    "incomeBeforeTax": 98400000,
    "incomeBeforeTaxRatio": 0.2093617021,
    "incomeTaxExpense": 31500000,
    "netIncome": 60000000,
    "netIncomeRatio": 0.1276595745,
    "eps": 0.0836,
    "epsdiluted": 0.0836,
    "weightedAverageShsOut": 800000000,
    "weightedAverageShsOutDil": 800000000,
    "link": "https://www.sec.gov/Archives/edgar/data/885725/000091064798000170/0000910647-98-000170-index.html",
    "finalLink": "https://www.sec.gov/Archives/edgar/data/885725/"
  },
  {
    "date": "1997-12-31",
    "symbol": "BSX",
    "reportedCurrency": "USD",
    "cik": "0000885725",
    "fillingDate": "1998-03-31",
    "acceptedDate": "1998-03-31 00:00:00",
    "calendarYear": "1997",
    "period": "Q4",
    "revenue": 493200000,
    "costOfRevenue": 75300000,
    "grossProfit": 417900000,
    "grossProfitRatio": 0.847323601,
    "researchAndDevelopmentExpenses": 73600000,
    "generalAndAdministrativeExpenses": 219000000,
    "sellingAndMarketingExpenses": 0,
    "sellingGeneralAndAdministrativeExpenses": 219000000,
    "otherExpenses": 86700000,
    "operatingExpenses": 379300000,
    "costAndExpenses": 454600000,
    "interestIncome": 0,
    "interestExpense": 0,
    "depreciationAndAmortization": -8900000,
    "ebitda": 29700000,
    "ebitdaratio": 0.0602189781,
    "operatingIncome": 38600000,
    "operatingIncomeRatio": 0.0782643958,
    "totalOtherIncomeExpensesNet": 4400000,
    "incomeBeforeTax": 43000000,
    "incomeBeforeTaxRatio": 0.0871857259,
    "incomeTaxExpense": 19500000,
    "netIncome": 2400000,
    "netIncomeRatio": 0.00486618,
    "eps": 0.003,
    "epsdiluted": 0.003,
    "weightedAverageShsOut": 787058824,
    "weightedAverageShsOutDil": 787058824,
    "link": "https://www.sec.gov/Archives/edgar/data/885725/000095013598002085/0000950135-98-002085-index.html",
    "finalLink": "https://www.sec.gov/Archives/edgar/data/885725/"
  },
  {
    "date": "1997-09-30",
    "symbol": "BSX",
    "reportedCurrency": "USD",
    "cik": "0000885725",
    "fillingDate": "1997-11-14",
    "acceptedDate": "1997-11-14 00:00:00",
    "calendarYear": "1997",
    "period": "Q3",
    "revenue": 474800000,
    "costOfRevenue": 135900000,
    "grossProfit": 338900000,
    "grossProfitRatio": 0.7137742207,
    "researchAndDevelopmentExpenses": 43300000,
    "generalAndAdministrativeExpenses": 171100000,
    "sellingAndMarketingExpenses": 0,
    "sellingGeneralAndAdministrativeExpenses": 171100000,
    "otherExpenses": 0,
    "operatingExpenses": 214400000,
    "costAndExpenses": 350300000,
    "interestIncome": 0,
    "interestExpense": 0,
    "depreciationAndAmortization": -4800000,
    "ebitda": 119700000,
    "ebitdaratio": 0.25210615,
    "operatingIncome": 124500000,
    "operatingIncomeRatio": 0.2622156698,
    "totalOtherIncomeExpensesNet": 1700000,
    "incomeBeforeTax": 126200000,
    "incomeBeforeTaxRatio": 0.2657961247,
    "incomeTaxExpense": 37800000,
    "netIncome": 88400000,
    "netIncomeRatio": 0.1861836563,
    "eps": 0.11,
    "epsdiluted": 0.11,
    "weightedAverageShsOut": 803636364,
    "weightedAverageShsOutDil": 803636364,
    "link": "https://www.sec.gov/Archives/edgar/data/885725/000091064797000259/0000910647-97-000259-index.html",
    "finalLink": "https://www.sec.gov/Archives/edgar/data/885725/"
  },
  {
    "date": "1997-06-30",
    "symbol": "BSX",
    "reportedCurrency": "USD",
    "cik": "0000885725",
    "fillingDate": "1997-08-14",
    "acceptedDate": "1997-08-14 00:00:00",
    "calendarYear": "1997",
    "period": "Q2",
    "revenue": 473700000,
    "costOfRevenue": 131500000,
    "grossProfit": 342200000,
    "grossProfitRatio": 0.7223981423,
    "researchAndDevelopmentExpenses": 41000000,
    "generalAndAdministrativeExpenses": 162400000,
    "sellingAndMarketingExpenses": 0,
    "sellingGeneralAndAdministrativeExpenses": 162400000,
    "otherExpenses": 0,
    "operatingExpenses": 203400000,
    "costAndExpenses": 334900000,
    "interestIncome": 0,
    "interestExpense": 0,
    "depreciationAndAmortization": 158500000,
    "ebitda": 138800000,
    "ebitdaratio": 0.2930124551,
    "operatingIncome": 138800000,
    "operatingIncomeRatio": 0.2930124551,
    "totalOtherIncomeExpensesNet": -161900000,
    "incomeBeforeTax": -23100000,
    "incomeBeforeTaxRatio": -0.0487650412,
    "incomeTaxExpense": 3800000,
    "netIncome": -26900000,
    "netIncomeRatio": -0.056786996,
    "eps": -0.035,
    "epsdiluted": -0.035,
    "weightedAverageShsOut": 768571429,
    "weightedAverageShsOutDil": 768571429,
    "link": "https://www.sec.gov/Archives/edgar/data/885725/000091064797000195/0000910647-97-000195-index.html",
    "finalLink": "https://www.sec.gov/Archives/edgar/data/885725/"
  },
  {
    "date": "1997-03-31",
    "symbol": "BSX",
    "reportedCurrency": "USD",
    "cik": "0000885725",
    "fillingDate": "1997-05-15",
    "acceptedDate": "1997-05-15 00:00:00",
    "calendarYear": "1997",
    "period": "Q1",
    "revenue": 399200000,
    "costOfRevenue": 113200000,
    "grossProfit": 286000000,
    "grossProfitRatio": 0.7164328657,
    "researchAndDevelopmentExpenses": 33700000,
    "generalAndAdministrativeExpenses": 144400000,
    "sellingAndMarketingExpenses": 0,
    "sellingGeneralAndAdministrativeExpenses": 144400000,
    "otherExpenses": 0,
    "operatingExpenses": 178100000,
    "costAndExpenses": 291300000,
    "interestIncome": 0,
    "interestExpense": 0,
    "depreciationAndAmortization": -3800000,
    "ebitda": 112800000,
    "ebitdaratio": 0.2825651303,
    "operatingIncome": 107900000,
    "operatingIncomeRatio": 0.2702905812,
    "totalOtherIncomeExpensesNet": -200000,
    "incomeBeforeTax": 108400000,
    "incomeBeforeTaxRatio": 0.2715430862,
    "incomeTaxExpense": 35800000,
    "netIncome": 75400000,
    "netIncomeRatio": 0.1888777555,
    "eps": 0.0963,
    "epsdiluted": 0.0915,
    "weightedAverageShsOut": 754000000,
    "weightedAverageShsOutDil": 793684211,
    "link": "https://www.sec.gov/Archives/edgar/data/885725/000091064797000139/0000910647-97-000139-index.html",
    "finalLink": "https://www.sec.gov/Archives/edgar/data/885725/"
  },
  {
    "date": "1996-12-31",
    "symbol": "BSX",
    "reportedCurrency": "USD",
    "cik": "0000885725",
    "fillingDate": "1997-03-31",
    "acceptedDate": "1997-03-31 00:00:00",
    "calendarYear": "1996",
    "period": "Q4",
    "revenue": 408700000,
    "costOfRevenue": 54600000,
    "grossProfit": 354100000,
    "grossProfitRatio": 0.8664056765,
    "researchAndDevelopmentExpenses": 0,
    "generalAndAdministrativeExpenses": 355100000,
    "sellingAndMarketingExpenses": 0,
    "sellingGeneralAndAdministrativeExpenses": 355100000,
    "otherExpenses": -23400000,
    "operatingExpenses": 331700000,
    "costAndExpenses": 386300000,
    "interestIncome": 0,
    "interestExpense": 0,
    "depreciationAndAmortization": -94700000,
    "ebitda": -72300000,
    "ebitdaratio": -0.1769023734,
    "operatingIncome": 22400000,
    "operatingIncomeRatio": 0.0548079276,
    "totalOtherIncomeExpensesNet": 91400000,
    "incomeBeforeTax": 113800000,
    "incomeBeforeTaxRatio": 0.2784438463,
    "incomeTaxExpense": 37100000,
    "netIncome": 76700000,
    "netIncomeRatio": 0.1876682163,
    "eps": 0.1,
    "epsdiluted": 0.1,
    "weightedAverageShsOut": 749746300,
    "weightedAverageShsOutDil": 764210526,
    "link": "https://www.sec.gov/Archives/edgar/data/885725/000095013597001518/0000950135-97-001518-index.html",
    "finalLink": "https://www.sec.gov/Archives/edgar/data/885725/"
  },
  {
    "date": "1996-09-30",
    "symbol": "BSX",
    "reportedCurrency": "USD",
    "cik": "0000885725",
    "fillingDate": "1996-11-14",
    "acceptedDate": "1996-11-14 00:00:00",
    "calendarYear": "1996",
    "period": "Q3",
    "revenue": 373700000,
    "costOfRevenue": 104500000,
    "grossProfit": 269200000,
    "grossProfitRatio": 0.7203639283,
    "researchAndDevelopmentExpenses": 30300000,
    "generalAndAdministrativeExpenses": 133800000,
    "sellingAndMarketingExpenses": 0,
    "sellingGeneralAndAdministrativeExpenses": 133800000,
    "otherExpenses": 0,
    "operatingExpenses": 164100000,
    "costAndExpenses": 268600000,
    "interestIncome": 0,
    "interestExpense": 0,
    "depreciationAndAmortization": -800000,
    "ebitda": 109100000,
    "ebitdaratio": 0.2919454108,
    "operatingIncome": 105100000,
    "operatingIncomeRatio": 0.2812416377,
    "totalOtherIncomeExpensesNet": -1700000,
    "incomeBeforeTax": 102500000,
    "incomeBeforeTaxRatio": 0.2742841852,
    "incomeTaxExpense": 34700000,
    "netIncome": 71200000,
    "netIncomeRatio": 0.1905271608,
    "eps": 0.0857,
    "epsdiluted": 0.0857,
    "weightedAverageShsOut": 791111111,
    "weightedAverageShsOutDil": 791111111,
    "link": "https://www.sec.gov/Archives/edgar/data/885725/000091064796000194/0000910647-96-000194-index.html",
    "finalLink": "https://www.sec.gov/Archives/edgar/data/885725/"
  },
  {
    "date": "1996-06-30",
    "symbol": "BSX",
    "reportedCurrency": "USD",
    "cik": "0000885725",
    "fillingDate": "1996-08-14",
    "acceptedDate": "1996-08-14 00:00:00",
    "calendarYear": "1996",
    "period": "Q2",
    "revenue": 357200000,
    "costOfRevenue": 94900000,
    "grossProfit": 262300000,
    "grossProfitRatio": 0.7343225084,
    "researchAndDevelopmentExpenses": 28700000,
    "generalAndAdministrativeExpenses": 122300000,
    "sellingAndMarketingExpenses": 0,
    "sellingGeneralAndAdministrativeExpenses": 122300000,
    "otherExpenses": 0,
    "operatingExpenses": 151000000,
    "costAndExpenses": 245900000,
    "interestIncome": 0,
    "interestExpense": 0,
    "depreciationAndAmortization": 60200000,
    "ebitda": 171500000,
    "ebitdaratio": 0.4801231803,
    "operatingIncome": 111300000,
    "operatingIncomeRatio": 0.3115901456,
    "totalOtherIncomeExpensesNet": -76500000,
    "incomeBeforeTax": 47800000,
    "incomeBeforeTaxRatio": 0.133818589,
    "incomeTaxExpense": 24300000,
    "netIncome": 23500000,
    "netIncomeRatio": 0.0657894737,
    "eps": 0.0332,
    "epsdiluted": 0.0332,
    "weightedAverageShsOut": 708792000,
    "weightedAverageShsOutDil": 708792000,
    "link": "https://www.sec.gov/Archives/edgar/data/885725/000091064796000142/0000910647-96-000142-index.html",
    "finalLink": "https://www.sec.gov/Archives/edgar/data/885725/"
  },
  {
    "date": "1996-03-31",
    "symbol": "BSX",
    "reportedCurrency": "USD",
    "cik": "0000885725",
    "fillingDate": "1996-05-15",
    "acceptedDate": "1996-05-15 00:00:00",
    "calendarYear": "1996",
    "period": "Q1",
    "revenue": 322400000,
    "costOfRevenue": 85600000,
    "grossProfit": 236800000,
    "grossProfitRatio": 0.7344913151,
    "researchAndDevelopmentExpenses": 25800000,
    "generalAndAdministrativeExpenses": 107900000,
    "sellingAndMarketingExpenses": 0,
    "sellingGeneralAndAdministrativeExpenses": 107900000,
    "otherExpenses": 0,
    "operatingExpenses": 133700000,
    "costAndExpenses": 219300000,
    "interestIncome": 0,
    "interestExpense": 0,
    "depreciationAndAmortization": 69000000,
    "ebitda": 172100000,
    "ebitdaratio": 0.533808933,
    "operatingIncome": 103100000,
    "operatingIncomeRatio": 0.3197890819,
    "totalOtherIncomeExpensesNet": -31600000,
    "incomeBeforeTax": 32800000,
    "incomeBeforeTaxRatio": 0.1017369727,
    "incomeTaxExpense": 33800000,
    "netIncome": -1000000,
    "netIncomeRatio": -0.003101737,
    "eps": -0.0014,
    "epsdiluted": -0.0014,
    "weightedAverageShsOut": 710600000,
    "weightedAverageShsOutDil": 710600000,
    "link": "https://www.sec.gov/Archives/edgar/data/885725/000095013596002164/0000950135-96-002164-index.html",
    "finalLink": "https://www.sec.gov/Archives/edgar/data/885725/"
  },
  {
    "date": "1995-12-31",
    "symbol": "BSX",
    "reportedCurrency": "USD",
    "cik": "0000885725",
    "fillingDate": "1995-12-31",
    "acceptedDate": "1995-12-31 00:00:00",
    "calendarYear": "1995",
    "period": "Q4",
    "revenue": 431200000,
    "costOfRevenue": 80800000,
    "grossProfit": 350400000,
    "grossProfitRatio": 0.8126159555,
    "researchAndDevelopmentExpenses": 0,
    "generalAndAdministrativeExpenses": 303200000,
    "sellingAndMarketingExpenses": 0,
    "sellingGeneralAndAdministrativeExpenses": 303200000,
    "otherExpenses": -9800000,
    "operatingExpenses": 293400000,
    "costAndExpenses": 374200000,
    "interestIncome": 0,
    "interestExpense": 0,
    "depreciationAndAmortization": 62000000,
    "ebitda": 57000000,
    "ebitdaratio": 0.1321892393,
    "operatingIncome": 57000000,
    "operatingIncomeRatio": 0.1321892393,
    "totalOtherIncomeExpensesNet": -64800000,
    "incomeBeforeTax": -7800000,
    "incomeBeforeTaxRatio": -0.0180890538,
    "incomeTaxExpense": 8500000,
    "netIncome": -16300000,
    "netIncomeRatio": -0.0378014842,
    "eps": -0.0235,
    "epsdiluted": -0.0229,
    "weightedAverageShsOut": 693038000,
    "weightedAverageShsOutDil": 710600000,
    "link": "",
    "finalLink": ""
  },
  {
    "date": "1995-09-30",
    "symbol": "BSX",
    "reportedCurrency": "USD",
    "cik": "0000885725",
    "fillingDate": "1995-09-30",
    "acceptedDate": "1995-09-30 00:00:00",
    "calendarYear": "1995",
    "period": "Q3",
    "revenue": 232800000,
    "costOfRevenue": 65600000,
    "grossProfit": 167200000,
    "grossProfitRatio": 0.7182130584,
    "researchAndDevelopmentExpenses": 17500000,
    "generalAndAdministrativeExpenses": 71000000,
    "sellingAndMarketingExpenses": 0,
    "sellingGeneralAndAdministrativeExpenses": 71000000,
    "otherExpenses": 0,
    "operatingExpenses": 88500000,
    "costAndExpenses": 154100000,
    "interestIncome": 0,
    "interestExpense": 0,
    "depreciationAndAmortization": 4200000,
    "ebitda": 78700000,
    "ebitdaratio": 0.3380584192,
    "operatingIncome": 78700000,
    "operatingIncomeRatio": 0.3380584192,
    "totalOtherIncomeExpensesNet": -5500000,
    "incomeBeforeTax": 73200000,
    "incomeBeforeTaxRatio": 0.3144329897,
    "incomeTaxExpense": 26200000,
    "netIncome": 47000000,
    "netIncomeRatio": 0.2018900344,
    "eps": 0.08,
    "epsdiluted": 0.08,
    "weightedAverageShsOut": 587500000,
    "weightedAverageShsOutDil": 587500000,
    "link": "",
    "finalLink": ""
  }
]