[
  {
    "date": "2024-12-31",
    "symbol": "BSX",
    "reportedCurrency": "USD",
    "cik": "0000885725",
    "fillingDate": "2025-02-18",
    "acceptedDate": "2025-02-18 16:13:39",
    "calendarYear": "2024",
    "period": "FY",
    "revenue": 16747000000,
    "costOfRevenue": 6480000000,
    "grossProfit": 10267000000,
    "grossProfitRatio": 0.6130650266,
    "researchAndDevelopmentExpenses": 1615000000,
    "generalAndAdministrativeExpenses": 0,
    "sellingAndMarketingExpenses": 0,
    "sellingGeneralAndAdministrativeExpenses": 5984000000,
    "otherExpenses": 33000000,
    "operatingExpenses": 7632000000,
    "costAndExpenses": 14112000000,
    "interestIncome": 107000000,
    "interestExpense": 387000000,
    "depreciationAndAmortization": 1269000000,
    "ebitda": 3938000000,
    "ebitdaratio": 0.2351465934,
    "operatingIncome": 2635000000,
    "operatingIncomeRatio": 0.1573416134,
    "totalOtherIncomeExpensesNet": -353000000,
    "incomeBeforeTax": 2282000000,
    "incomeBeforeTaxRatio": 0.1362632113,
    "incomeTaxExpense": 436000000,
    "netIncome": 1854000000,
    "netIncomeRatio": 0.1107063952,
    "eps": 1.26,
    "epsdiluted": 1.25,
    "weightedAverageShsOut": 1471500000,
    "weightedAverageShsOutDil": 1485900000,
    "link": "https://www.sec.gov/Archives/edgar/data/885725/000088572525000011/0000885725-25-000011-index.htm",
    "finalLink": "https://www.sec.gov/Archives/edgar/data/885725/000088572525000011/bsx-20241231.htm"
  },
  {
    "date": "2023-12-31",
    "symbol": "BSX",
    "reportedCurrency": "USD",
    "cik": "0000885725",
    "fillingDate": "2024-02-21",
    "acceptedDate": "2024-02-21 16:47:18",
    "calendarYear": "2023",
    "period": "FY",
    "revenue": 14240000000,
    "costOfRevenue": 5409000000,
    "grossProfit": 8831000000,
    "grossProfitRatio": 0.6201544944,
    "researchAndDevelopmentExpenses": 1414000000,
    "generalAndAdministrativeExpenses": 0,
    "sellingAndMarketingExpenses": 0,
    "sellingGeneralAndAdministrativeExpenses": 5190000000,
    "otherExpenses": 46000000,
    "operatingExpenses": 6650000000,
    "costAndExpenses": 12059000000,
    "interestIncome": 22000000,
    "interestExpense": 272000000,
    "depreciationAndAmortization": 1196000000,
    "ebitda": 3453000000,
    "ebitdaratio": 0.2424859551,
    "operatingIncome": 2181000000,
    "operatingIncomeRatio": 0.1531601124,
    "totalOtherIncomeExpensesNet": -196000000,
    "incomeBeforeTax": 1985000000,
    "incomeBeforeTaxRatio": 0.1393960674,
    "incomeTaxExpense": 393000000,
    "netIncome": 1593000000,
    "netIncomeRatio": 0.1118679775,
    "eps": 1.0805,
    "epsdiluted": 1.0728,
    "weightedAverageShsOut": 1453000000,
    "weightedAverageShsOutDil": 1463500000,
    "link": "https://www.sec.gov/Archives/edgar/data/885725/000088572524000020/0000885725-24-000020-index.htm",
    "finalLink": "https://www.sec.gov/Archives/edgar/data/885725/000088572524000020/bsx-20231231.htm"
  },
  {
    "date": "2022-12-31",
    "symbol": "BSX",
    "reportedCurrency": "USD",
    "cik": "0000885725",
    "fillingDate": "2023-02-23",
    "acceptedDate": "2023-02-23 16:20:14",
    "calendarYear": "2022",
    "period": "FY",
    "revenue": 12682000000,
    "costOfRevenue": 4968000000,
    "grossProfit": 7714000000,
    "grossProfitRatio": 0.6082636808,
    "researchAndDevelopmentExpenses": 1323000000,
    "generalAndAdministrativeExpenses": 0,
    "sellingAndMarketingExpenses": 0,
    "sellingGeneralAndAdministrativeExpenses": 4520000000,
    "otherExpenses": 47000000,
    "operatingExpenses": 5890000000,
    "costAndExpenses": 10858000000,
    "interestIncome": 10000000,
    "interestExpense": 464000000,
    "depreciationAndAmortization": 1136000000,
    "ebitda": 2741000000,
    "ebitdaratio": 0.216133102,
    "operatingIncome": 1824000000,
    "operatingIncomeRatio": 0.143825895,
    "totalOtherIncomeExpensesNet": -683000000,
    "incomeBeforeTax": 1141000000,
    "incomeBeforeTaxRatio": 0.0899700363,
    "incomeTaxExpense": 443000000,
    "netIncome": 698000000,
    "netIncomeRatio": 0.0550386374,
    "eps": 0.4488,
    "epsdiluted": 0.4459,
    "weightedAverageShsOut": 1430500000,
    "weightedAverageShsOutDil": 1439700000,
    "link": "https://www.sec.gov/Archives/edgar/data/885725/000088572523000008/0000885725-23-000008-index.htm",
    "finalLink": "https://www.sec.gov/Archives/edgar/data/885725/000088572523000008/bsx-20221231.htm"
  },
  {
    "date": "2021-12-31",
    "symbol": "BSX",
    "reportedCurrency": "USD",
    "cik": "0000885725",
    "fillingDate": "2022-02-23",
    "acceptedDate": "2022-02-23 16:34:25",
    "calendarYear": "2021",
    "period": "FY",
    "revenue": 11888000000,
    "costOfRevenue": 4427000000,
    "grossProfit": 7461000000,
    "grossProfitRatio": 0.6276076716,
    "researchAndDevelopmentExpenses": 1204000000,
    "generalAndAdministrativeExpenses": 0,
    "sellingAndMarketingExpenses": 0,
    "sellingGeneralAndAdministrativeExpenses": 4286000000,
    "otherExpenses": 49000000,
    "operatingExpenses": 5539000000,
    "costAndExpenses": 9966000000,
    "interestIncome": 4000000,
    "interestExpense": 349000000,
    "depreciationAndAmortization": 1093000000,
    "ebitda": 2518000000,
    "ebitdaratio": 0.2118102288,
    "operatingIncome": 1922000000,
    "operatingIncomeRatio": 0.1616756393,
    "totalOtherIncomeExpensesNet": -846000000,
    "incomeBeforeTax": 1076000000,
    "incomeBeforeTaxRatio": 0.0905114401,
    "incomeTaxExpense": 36000000,
    "netIncome": 1040000000,
    "netIncomeRatio": 0.0874831763,
    "eps": 0.6925,
    "epsdiluted": 0.687,
    "weightedAverageShsOut": 1422300000,
    "weightedAverageShsOutDil": 1433800000,
    "link": "https://www.sec.gov/Archives/edgar/data/885725/000088572522000006/0000885725-22-000006-index.htm",
    "finalLink": "https://www.sec.gov/Archives/edgar/data/885725/000088572522000006/bsx-20211231.htm"
  },
  {
    "date": "2020-12-31",
    "symbol": "BSX",
    "reportedCurrency": "USD",
    "cik": "0000885725",
    "fillingDate": "2021-02-23",
    "acceptedDate": "2021-02-23 16:21:50",
    "calendarYear": "2020",
    "period": "FY",
    "revenue": 9913000000,
    "costOfRevenue": 4337000000,
    "grossProfit": 5576000000,
    "grossProfitRatio": 0.5624936951,
    "researchAndDevelopmentExpenses": 1143000000,
    "generalAndAdministrativeExpenses": 0,
    "sellingAndMarketingExpenses": 0,
    "sellingGeneralAndAdministrativeExpenses": 3787000000,
    "otherExpenses": 45000000,
    "operatingExpenses": 4975000000,
    "costAndExpenses": 9312000000,
    "interestIncome": 3000000,
    "interestExpense": 468000000,
    "depreciationAndAmortization": 1122000000,
    "ebitda": 1511000000,
    "ebitdaratio": 0.1524261071,
    "operatingIncome": 601000000,
    "operatingIncomeRatio": 0.0606274589,
    "totalOtherIncomeExpensesNet": -680000000,
    "incomeBeforeTax": -79000000,
    "incomeBeforeTaxRatio": -0.0079693332,
    "incomeTaxExpense": 2000000,
    "netIncome": -82000000,
    "netIncomeRatio": -0.0082719661,
    "eps": -0.0812,
    "epsdiluted": -0.0812,
    "weightedAverageShsOut": 1416700000,
    "weightedAverageShsOutDil": 1416700000,
    "link": "https://www.sec.gov/Archives/edgar/data/885725/000088572521000008/0000885725-21-000008-index.htm",
    "finalLink": "https://www.sec.gov/Archives/edgar/data/885725/000088572521000008/bsx-20201231.htm"
  },
  {
    "date": "2019-12-31",
    "symbol": "BSX",
    "reportedCurrency": "USD",
    "cik": "0000885725",
    "fillingDate": "2020-02-25",
    "acceptedDate": "2020-02-25 16:58:01",
    "calendarYear": "2019",
    "period": "FY",
    "revenue": 10735000000,
    "costOfRevenue": 3856000000,
    "grossProfit": 6879000000,
    "grossProfitRatio": 0.6408011178,
    "researchAndDevelopmentExpenses": 1174000000,
    "generalAndAdministrativeExpenses": 0,
    "sellingAndMarketingExpenses": 0,
    "sellingGeneralAndAdministrativeExpenses": 3928000000,
    "otherExpenses": -65000000,
    "operatingExpenses": 5167000000,
    "costAndExpenses": 9023000000,
    "interestIncome": 30000000,
    "interestExpense": 513000000,
    "depreciationAndAmortization": 1010000000,
    "ebitda": 2210000000,
    "ebitdaratio": 0.2058686539,
    "operatingIncome": 1712000000,
    "operatingIncomeRatio": 0.1594783419,
    "totalOtherIncomeExpensesNet": -1025000000,
    "incomeBeforeTax": 687000000,
    "incomeBeforeTaxRatio": 0.0639962739,
    "incomeTaxExpense": -4013000000,
    "netIncome": 4700000000,
    "netIncomeRatio": 0.4378202143,
    "eps": 3.3776,
    "epsdiluted": 3.3319,
    "weightedAverageShsOut": 1391500000,
    "weightedAverageShsOutDil": 1410600000,
    "link": "https://www.sec.gov/Archives/edgar/data/885725/000088572520000012/0000885725-20-000012-index.htm",
    "finalLink": "https://www.sec.gov/Archives/edgar/data/885725/000088572520000012/a2019form10-k.htm"
  },
  {
    "date": "2018-12-31",
    "symbol": "BSX",
    "reportedCurrency": "USD",
    "cik": "0000885725",
    "fillingDate": "2019-02-19",
    "acceptedDate": "2019-02-19 17:21:15",
    "calendarYear": "2018",
    "period": "FY",
    "revenue": 9823000000,
    "costOfRevenue": 3346000000,
    "grossProfit": 6477000000,
    "grossProfitRatio": 0.6593708643,
    "researchAndDevelopmentExpenses": 1113000000,
    "generalAndAdministrativeExpenses": 0,
    "sellingAndMarketingExpenses": 0,
    "sellingGeneralAndAdministrativeExpenses": 3557000000,
    "otherExpenses": -70000000,
    "operatingExpenses": 4740000000,
    "costAndExpenses": 8086000000,
    "interestIncome": 3000000,
    "interestExpense": 269000000,
    "depreciationAndAmortization": 894000000,
    "ebitda": 2585000000,
    "ebitdaratio": 0.2631578947,
    "operatingIncome": 1737000000,
    "operatingIncomeRatio": 0.176829889,
    "totalOtherIncomeExpensesNet": -315000000,
    "incomeBeforeTax": 1422000000,
    "incomeBeforeTaxRatio": 0.1447622926,
    "incomeTaxExpense": -249000000,
    "netIncome": 1671000000,
    "netIncomeRatio": 0.1701109641,
    "eps": 1.21,
    "epsdiluted": 1.19,
    "weightedAverageShsOut": 1381000000,
    "weightedAverageShsOutDil": 1401400000,
    "link": "https://www.sec.gov/Archives/edgar/data/885725/000088572519000011/0000885725-19-000011-index.htm",
    "finalLink": "https://www.sec.gov/Archives/edgar/data/885725/000088572519000011/a2018form10-k.htm"
  },
  {
    "date": "2017-12-31",
    "symbol": "BSX",
    "reportedCurrency": "USD",
    "cik": "0000885725",
    "fillingDate": "2018-02-20",
    "acceptedDate": "2018-02-20 06:20:01",
    "calendarYear": "2017",
    "period": "FY",
    "revenue": 9048000000,
    "costOfRevenue": 3177000000,
    "grossProfit": 5871000000,
    "grossProfitRatio": 0.648872679,
    "researchAndDevelopmentExpenses": 997000000,
    "generalAndAdministrativeExpenses": 0,
    "sellingAndMarketingExpenses": 0,
    "sellingGeneralAndAdministrativeExpenses": 3281000000,
    "otherExpenses": -68000000,
    "operatingExpenses": 4346000000,
    "costAndExpenses": 7523000000,
    "interestIncome": 5000000,
    "interestExpense": 230000000,
    "depreciationAndAmortization": 844000000,
    "ebitda": 2007000000,
    "ebitdaratio": 0.2218169761,
    "operatingIncome": 1525000000,
    "operatingIncomeRatio": 0.1685455349,
    "totalOtherIncomeExpensesNet": -592000000,
    "incomeBeforeTax": 933000000,
    "incomeBeforeTaxRatio": 0.1031167109,
    "incomeTaxExpense": 828000000,
    "netIncome": 104000000,
    "netIncomeRatio": 0.0114942529,
    "eps": 0.08,
    "epsdiluted": 0.0747,
    "weightedAverageShsOut": 1370100000,
    "weightedAverageShsOutDil": 1392700000,
    "link": "https://www.sec.gov/Archives/edgar/data/885725/000088572518000010/0000885725-18-000010-index.htm",
    "finalLink": "https://www.sec.gov/Archives/edgar/data/885725/000088572518000010/a2017form10-k.htm"
  },
  {
    "date": "2016-12-31",
    "symbol": "BSX",
    "reportedCurrency": "USD",
    "cik": "0000885725",
    "fillingDate": "2017-02-23",
    "acceptedDate": "2017-02-23 16:07:23",
    "calendarYear": "2016",
    "period": "FY",
    "revenue": 8386000000,
    "costOfRevenue": 3043000000,
    "grossProfit": 5343000000,
    "grossProfitRatio": 0.6371333174,
    "researchAndDevelopmentExpenses": 920000000,
    "generalAndAdministrativeExpenses": 0,
    "sellingAndMarketingExpenses": 0,
    "sellingGeneralAndAdministrativeExpenses": 3083000000,
    "otherExpenses": -104000000,
    "operatingExpenses": 4107000000,
    "costAndExpenses": 7150000000,
    "interestIncome": 5000000,
    "interestExpense": 234000000,
    "depreciationAndAmortization": 815000000,
    "ebitda": 1226000000,
    "ebitdaratio": 0.146196041,
    "operatingIncome": 1236000000,
    "operatingIncomeRatio": 0.1473885047,
    "totalOtherIncomeExpensesNet": -1059000000,
    "incomeBeforeTax": 177000000,
    "incomeBeforeTaxRatio": 0.0211066062,
    "incomeTaxExpense": -170000000,
    "netIncome": 347000000,
    "netIncomeRatio": 0.041378488,
    "eps": 0.26,
    "epsdiluted": 0.25,
    "weightedAverageShsOut": 1357600000,
    "weightedAverageShsOutDil": 1377200000,
    "link": "https://www.sec.gov/Archives/edgar/data/885725/000088572517000006/0000885725-17-000006-index.htm",
    "finalLink": "https://www.sec.gov/Archives/edgar/data/885725/000088572517000006/a2016form10-k.htm"
  },
  {
    "date": "2015-12-31",
    "symbol": "BSX",
    "reportedCurrency": "USD",
    "cik": "0000885725",
    "fillingDate": "2016-02-24",
    "acceptedDate": "2016-02-24 16:10:02",
    "calendarYear": "2015",
    "period": "FY",
    "revenue": 7477000000,
    "costOfRevenue": 2835000000,
    "grossProfit": 4564000000,
    "grossProfitRatio": 0.6104052427,
    "researchAndDevelopmentExpenses": 876000000,
    "generalAndAdministrativeExpenses": 0,
    "sellingAndMarketingExpenses": 0,
    "sellingGeneralAndAdministrativeExpenses": 2847000000,
    "otherExpenses": -51000000,
    "operatingExpenses": 3774000000,
    "costAndExpenses": 6609000000,
    "interestIncome": 5000000,
    "interestExpense": 241000000,
    "depreciationAndAmortization": 769000000,
    "ebitda": 360000000,
    "ebitdaratio": 0.0481476528,
    "operatingIncome": 790000000,
    "operatingIncomeRatio": 0.1056573492,
    "totalOtherIncomeExpensesNet": -1440000000,
    "incomeBeforeTax": -650000000,
    "incomeBeforeTaxRatio": -0.086933262,
    "incomeTaxExpense": -411000000,
    "netIncome": -239000000,
    "netIncomeRatio": -0.0319646917,
    "eps": -0.18,
    "epsdiluted": -0.18,
    "weightedAverageShsOut": 1327777777,
    "weightedAverageShsOutDil": 1341200000,
    "link": "https://www.sec.gov/Archives/edgar/data/885725/000088572516000028/0000885725-16-000028-index.htm",
    "finalLink": "https://www.sec.gov/Archives/edgar/data/885725/000088572516000028/a2015form10-k.htm"
  },
  {
    "date": "2014-12-31",
    "symbol": "BSX",
    "reportedCurrency": "USD",
    "cik": "0000885725",
    "fillingDate": "2015-02-25",
    "acceptedDate": "2015-02-25 16:11:03",
    "calendarYear": "2014",
    "period": "FY",
    "revenue": 7380000000,
    "costOfRevenue": 2720000000,
    "grossProfit": 4588000000,
    "grossProfitRatio": 0.6216802168,
    "researchAndDevelopmentExpenses": 817000000,
    "generalAndAdministrativeExpenses": 0,
    "sellingAndMarketingExpenses": 0,
    "sellingGeneralAndAdministrativeExpenses": 2878000000,
    "otherExpenses": -48000000,
    "operatingExpenses": 3743000000,
    "costAndExpenses": 6463000000,
    "interestIncome": 5000000,
    "interestExpense": 217000000,
    "depreciationAndAmortization": 725000000,
    "ebitda": 433000000,
    "ebitdaratio": 0.0586720867,
    "operatingIncome": 845000000,
    "operatingIncomeRatio": 0.114498645,
    "totalOtherIncomeExpensesNet": -1354000000,
    "incomeBeforeTax": -509000000,
    "incomeBeforeTaxRatio": -0.0689701897,
    "incomeTaxExpense": -176000000,
    "netIncome": -119000000,
    "netIncomeRatio": -0.0161246612,
    "eps": -0.09,
    "epsdiluted": -0.09,
    "weightedAverageShsOut": 1324300000,
    "weightedAverageShsOutDil": 1348000000,
    "link": "https://www.sec.gov/Archives/edgar/data/885725/000088572515000006/0000885725-15-000006-index.htm",
    "finalLink": "https://www.sec.gov/Archives/edgar/data/885725/000088572515000006/a2014form10-k.htm"
  },
  {
    "date": "2013-12-31",
    "symbol": "BSX",
    "reportedCurrency": "USD",
    "cik": "0000885725",
    "fillingDate": "2014-02-26",
    "acceptedDate": "2014-02-26 16:47:07",
    "calendarYear": "2013",
    "period": "FY",
    "revenue": 7143000000,
    "costOfRevenue": 2608000000,
    "grossProfit": 4535000000,
    "grossProfitRatio": 0.6348873023,
    "researchAndDevelopmentExpenses": 861000000,
    "generalAndAdministrativeExpenses": 0,
    "sellingAndMarketingExpenses": 0,
    "sellingGeneralAndAdministrativeExpenses": 2651000000,
    "otherExpenses": -152000000,
    "operatingExpenses": 3664000000,
    "costAndExpenses": 6272000000,
    "interestIncome": 6000000,
    "interestExpense": 255000000,
    "depreciationAndAmortization": 689000000,
    "ebitda": 721000000,
    "ebitdaratio": 0.1009379812,
    "operatingIncome": 871000000,
    "operatingIncomeRatio": 0.1219375612,
    "totalOtherIncomeExpensesNet": -1094000000,
    "incomeBeforeTax": -223000000,
    "incomeBeforeTaxRatio": -0.0312193756,
    "incomeTaxExpense": -102000000,
    "netIncome": -121000000,
    "netIncomeRatio": -0.0169396612,
    "eps": -0.09,
    "epsdiluted": -0.09,
    "weightedAverageShsOut": 1341200000,
    "weightedAverageShsOutDil": 1341200000,
    "link": "https://www.sec.gov/Archives/edgar/data/885725/000088572514000005/0000885725-14-000005-index.htm",
    "finalLink": "https://www.sec.gov/Archives/edgar/data/885725/000088572514000005/a2013form10-k.htm"
  },
  {
    "date": "2012-12-31",
    "symbol": "BSX",
    "reportedCurrency": "USD",
    "cik": "0000885725",
    "fillingDate": "2013-02-26",
    "acceptedDate": "2013-02-26 16:56:41",
    "calendarYear": "2012",
    "period": "FY",
    "revenue": 7249000000,
    "costOfRevenue": 2689000000,
    "grossProfit": 4560000000,
    "grossProfitRatio": 0.6290522831,
    "researchAndDevelopmentExpenses": 886000000,
    "generalAndAdministrativeExpenses": 0,
    "sellingAndMarketingExpenses": 0,
    "sellingGeneralAndAdministrativeExpenses": 2519000000,
    "otherExpenses": -161000000,
    "operatingExpenses": 3566000000,
    "costAndExpenses": 6255000000,
    "interestIncome": 5000000,
    "interestExpense": 263000000,
    "depreciationAndAmortization": 683000000,
    "ebitda": -3161000000,
    "ebitdaratio": -0.4360601462,
    "operatingIncome": 994000000,
    "operatingIncomeRatio": 0.1371223617,
    "totalOtherIncomeExpensesNet": -5101000000,
    "incomeBeforeTax": -4107000000,
    "incomeBeforeTaxRatio": -0.566560905,
    "incomeTaxExpense": -39000000,
    "netIncome": -4068000000,
    "netIncomeRatio": -0.5611808525,
    "eps": -2.89,
    "epsdiluted": -2.89,
    "weightedAverageShsOut": 1406700000,
    "weightedAverageShsOutDil": 1406700000,
    "link": "https://www.sec.gov/Archives/edgar/data/885725/000088572513000009/0000885725-13-000009-index.htm",
    "finalLink": "https://www.sec.gov/Archives/edgar/data/885725/000088572513000009/amendment-201210ka.htm"
  },
  {
    "date": "2011-12-31",
    "symbol": "BSX",
    "reportedCurrency": "USD",
    "cik": "0000885725",
    "fillingDate": "2012-02-17",
    "acceptedDate": "2012-02-17 16:40:03",
    "calendarYear": "2011",
    "period": "FY",
    "revenue": 7622000000,
    "costOfRevenue": 2940000000,
    "grossProfit": 4682000000,
    "grossProfitRatio": 0.6142744686,
    "researchAndDevelopmentExpenses": 895000000,
    "generalAndAdministrativeExpenses": 0,
    "sellingAndMarketingExpenses": 0,
    "sellingGeneralAndAdministrativeExpenses": 2483000000,
    "otherExpenses": -181000000,
    "operatingExpenses": 3559000000,
    "costAndExpenses": 6499000000,
    "interestIncome": 7000000,
    "interestExpense": 276000000,
    "depreciationAndAmortization": 717000000,
    "ebitda": 1635000000,
    "ebitdaratio": 0.2145106271,
    "operatingIncome": 1123000000,
    "operatingIncomeRatio": 0.147336657,
    "totalOtherIncomeExpensesNet": -481000000,
    "incomeBeforeTax": 642000000,
    "incomeBeforeTaxRatio": 0.0842298609,
    "incomeTaxExpense": 201000000,
    "netIncome": 441000000,
    "netIncomeRatio": 0.0578588297,
    "eps": 0.29,
    "epsdiluted": 0.29,
    "weightedAverageShsOut": 1509300000,
    "weightedAverageShsOutDil": 1519000000,
    "link": "https://www.sec.gov/Archives/edgar/data/885725/000088572512000006/0000885725-12-000006-index.htm",
    "finalLink": "https://www.sec.gov/Archives/edgar/data/885725/000088572512000006/a2011form10k.htm"
  },
  {
    "date": "2010-12-31",
    "symbol": "BSX",
    "reportedCurrency": "USD",
    "cik": "0000885725",
    "fillingDate": "2011-02-17",
    "acceptedDate": "2011-02-17 14:39:34",
    "calendarYear": "2010",
    "period": "FY",
    "revenue": 7806000000,
    "costOfRevenue": 3019000000,
    "grossProfit": 4787000000,
    "grossProfitRatio": 0.6132462209,
    "researchAndDevelopmentExpenses": 939000000,
    "generalAndAdministrativeExpenses": 0,
    "sellingAndMarketingExpenses": 0,
    "sellingGeneralAndAdministrativeExpenses": 2575000000,
    "otherExpenses": -200000000,
    "operatingExpenses": 3714000000,
    "costAndExpenses": 6733000000,
    "interestIncome": 13000000,
    "interestExpense": 396000000,
    "depreciationAndAmortization": 816000000,
    "ebitda": 149000000,
    "ebitdaratio": 0.0190878811,
    "operatingIncome": 1073000000,
    "operatingIncomeRatio": 0.1374583654,
    "totalOtherIncomeExpensesNet": -2136000000,
    "incomeBeforeTax": -1063000000,
    "incomeBeforeTaxRatio": -0.1361772995,
    "incomeTaxExpense": 2000000,
    "netIncome": -1065000000,
    "netIncomeRatio": -0.1364335127,
    "eps": -0.7,
    "epsdiluted": -0.7,
    "weightedAverageShsOut": 1517800000,
    "weightedAverageShsOutDil": 1517800000,
    "link": "https://www.sec.gov/Archives/edgar/data/885725/000095012311015112/0000950123-11-015112-index.htm",
    "finalLink": "https://www.sec.gov/Archives/edgar/data/885725/000095012311015112/b83548e10vk.htm"
  },
  {
    "date": "2009-12-31",
    "symbol": "BSX",
    "reportedCurrency": "USD",
    "cik": "0000885725",
    "fillingDate": "2010-02-26",
    "acceptedDate": "2010-02-25 19:40:11",
    "calendarYear": "2009",
    "period": "FY",
    "revenue": 8188000000,
    "costOfRevenue": 3012000000,
    "grossProfit": 5176000000,
    "grossProfitRatio": 0.6321446019,
    "researchAndDevelopmentExpenses": 1032000000,
    "generalAndAdministrativeExpenses": 0,
    "sellingAndMarketingExpenses": 0,
    "sellingGeneralAndAdministrativeExpenses": 2621000000,
    "otherExpenses": -220000000,
    "operatingExpenses": 3873000000,
    "costAndExpenses": 6885000000,
    "interestIncome": 0,
    "interestExpense": 366000000,
    "depreciationAndAmortization": 834000000,
    "ebitda": -108000000,
    "ebitdaratio": -0.0131900342,
    "operatingIncome": 1303000000,
    "operatingIncomeRatio": 0.15913532,
    "totalOtherIncomeExpensesNet": -2611000000,
    "incomeBeforeTax": -1308000000,
    "incomeBeforeTaxRatio": -0.1597459697,
    "incomeTaxExpense": -283000000,
    "netIncome": -1025000000,
    "netIncomeRatio": -0.1251831949,
    "eps": -0.68,
    "epsdiluted": -0.68,
    "weightedAverageShsOut": 1507900000,
    "weightedAverageShsOutDil": 1507900000,
    "link": "https://www.sec.gov/Archives/edgar/data/885725/000095012310017254/0000950123-10-017254-index.htm",
    "finalLink": "https://www.sec.gov/Archives/edgar/data/885725/000095012310017254/b78158e10vk.htm"
  },
  {
    "date": "2008-12-31",
    "symbol": "BSX",
    "reportedCurrency": "USD",
    "cik": "0000885725",
    "fillingDate": "2009-02-27",
    "acceptedDate": "2009-02-27 16:05:41",
    "calendarYear": "2008",
    "period": "FY",
    "revenue": 8050000000,
    "costOfRevenue": 2960000000,
    "grossProfit": 5090000000,
    "grossProfitRatio": 0.6322981366,
    "researchAndDevelopmentExpenses": 999000000,
    "generalAndAdministrativeExpenses": 0,
    "sellingAndMarketingExpenses": -226000000,
    "sellingGeneralAndAdministrativeExpenses": 2558000000,
    "otherExpenses": -238000000,
    "operatingExpenses": 3795000000,
    "costAndExpenses": 6755000000,
    "interestIncome": 0,
    "interestExpense": 468000000,
    "depreciationAndAmortization": 864000000,
    "ebitda": -699000000,
    "ebitdaratio": -0.0868322981,
    "operatingIncome": 1295000000,
    "operatingIncomeRatio": 0.1608695652,
    "totalOtherIncomeExpensesNet": -3326000000,
    "incomeBeforeTax": -2031000000,
    "incomeBeforeTaxRatio": -0.2522981366,
    "incomeTaxExpense": 10000000,
    "netIncome": -2036000000,
    "netIncomeRatio": -0.2529192547,
    "eps": -1.36,
    "epsdiluted": -1.36,
    "weightedAverageShsOut": 1498500000,
    "weightedAverageShsOutDil": 1498500000,
    "link": "https://www.sec.gov/Archives/edgar/data/885725/000107261309000419/0001072613-09-000419-index.htm",
    "finalLink": "https://www.sec.gov/Archives/edgar/data/885725/000107261309000419/form10-k_16329.htm"
  },
  {
    "date": "2007-12-31",
    "symbol": "BSX",
    "reportedCurrency": "USD",
    "cik": "0000885725",
    "fillingDate": "2008-02-28",
    "acceptedDate": "2008-02-27 20:47:35",
    "calendarYear": "2007",
    "period": "FY",
    "revenue": 8357000000,
    "costOfRevenue": 2958000000,
    "grossProfit": 5399000000,
    "grossProfitRatio": 0.6460452315,
    "researchAndDevelopmentExpenses": 1089000000,
    "generalAndAdministrativeExpenses": 0,
    "sellingAndMarketingExpenses": 0,
    "sellingGeneralAndAdministrativeExpenses": 2905000000,
    "otherExpenses": -225000000,
    "operatingExpenses": 4219000000,
    "costAndExpenses": 7177000000,
    "interestIncome": 0,
    "interestExpense": 570000000,
    "depreciationAndAmortization": 939000000,
    "ebitda": 940000000,
    "ebitdaratio": 0.1124805552,
    "operatingIncome": 1180000000,
    "operatingIncomeRatio": 0.1411989949,
    "totalOtherIncomeExpensesNet": -1749000000,
    "incomeBeforeTax": -569000000,
    "incomeBeforeTaxRatio": -0.068086634,
    "incomeTaxExpense": -74000000,
    "netIncome": -495000000,
    "netIncomeRatio": -0.0592317817,
    "eps": -0.33,
    "epsdiluted": -0.33,
    "weightedAverageShsOut": 1486900000,
    "weightedAverageShsOutDil": 1486900000,
    "link": "https://www.sec.gov/Archives/edgar/data/885725/000107261308000584/0001072613-08-000584-index.htm",
    "finalLink": "https://www.sec.gov/Archives/edgar/data/885725/000107261308000584/form10-k_15759.htm"
  },
  {
    "date": "2006-12-31",
    "symbol": "BSX",
    "reportedCurrency": "USD",
    "cik": "0000885725",
    "fillingDate": "2007-03-01",
    "acceptedDate": "2007-03-01 17:03:47",
    "calendarYear": "2006",
    "period": "FY",
    "revenue": 7821000000,
    "costOfRevenue": 2737000000,
    "grossProfit": 5084000000,
    "grossProfitRatio": 0.6500447513,
    "researchAndDevelopmentExpenses": 1008000000,
    "generalAndAdministrativeExpenses": 0,
    "sellingAndMarketingExpenses": 0,
    "sellingGeneralAndAdministrativeExpenses": 2610000000,
    "otherExpenses": -231000000,
    "operatingExpenses": 3849000000,
    "costAndExpenses": 6586000000,
    "interestIncome": 0,
    "interestExpense": 435000000,
    "depreciationAndAmortization": 781000000,
    "ebitda": -2319000000,
    "ebitdaratio": -0.2965093978,
    "operatingIncome": 1235000000,
    "operatingIncomeRatio": 0.1579081959,
    "totalOtherIncomeExpensesNet": -4770000000,
    "incomeBeforeTax": -3535000000,
    "incomeBeforeTaxRatio": -0.4519882368,
    "incomeTaxExpense": 42000000,
    "netIncome": -3577000000,
    "netIncomeRatio": -0.4573583941,
    "eps": -2.81,
    "epsdiluted": -2.81,
    "weightedAverageShsOut": 1273700000,
    "weightedAverageShsOutDil": 1273700000,
    "link": "https://www.sec.gov/Archives/edgar/data/885725/000107261307000570/0001072613-07-000570-index.htm",
    "finalLink": "https://www.sec.gov/Archives/edgar/data/885725/000107261307000570/form10-k_14949.htm"
  },
  {
    "date": "2005-12-31",
    "symbol": "BSX",
    "reportedCurrency": "USD",
    "cik": "0000885725",
    "fillingDate": "2006-03-01",
    "acceptedDate": "2006-03-01 15:32:35",
    "calendarYear": "2005",
    "period": "FY",
    "revenue": 6283000000,
    "costOfRevenue": 1538000000,
    "grossProfit": 4745000000,
    "grossProfitRatio": 0.7552124781,
    "researchAndDevelopmentExpenses": 680000000,
    "generalAndAdministrativeExpenses": 0,
    "sellingAndMarketingExpenses": 0,
    "sellingGeneralAndAdministrativeExpenses": 1814000000,
    "otherExpenses": -227000000,
    "operatingExpenses": 2721000000,
    "costAndExpenses": 4259000000,
    "interestIncome": 0,
    "interestExpense": 90000000,
    "depreciationAndAmortization": 314000000,
    "ebitda": 1295000000,
    "ebitdaratio": 0.2061117301,
    "operatingIncome": 2024000000,
    "operatingIncomeRatio": 0.3221391055,
    "totalOtherIncomeExpensesNet": -1133000000,
    "incomeBeforeTax": 891000000,
    "incomeBeforeTaxRatio": 0.1418112367,
    "incomeTaxExpense": 263000000,
    "netIncome": 628000000,
    "netIncomeRatio": 0.0999522521,
    "eps": 0.76,
    "epsdiluted": 0.75,
    "weightedAverageShsOut": 826315789,
    "weightedAverageShsOutDil": 837333333,
    "link": "https://www.sec.gov/Archives/edgar/data/885725/000104746906002665/0001047469-06-002665-index.htm",
    "finalLink": "https://www.sec.gov/Archives/edgar/data/885725/000104746906002665/a2167817z10-k.htm"
  },
  {
    "date": "2004-12-31",
    "symbol": "BSX",
    "reportedCurrency": "USD",
    "cik": "0000885725",
    "fillingDate": "2005-03-16",
    "acceptedDate": "2005-03-16 15:34:03",
    "calendarYear": "2004",
    "period": "FY",
    "revenue": 5624000000,
    "costOfRevenue": 1347000000,
    "grossProfit": 4277000000,
    "grossProfitRatio": 0.7604907539,
    "researchAndDevelopmentExpenses": 569000000,
    "generalAndAdministrativeExpenses": 0,
    "sellingAndMarketingExpenses": 0,
    "sellingGeneralAndAdministrativeExpenses": 1742000000,
    "otherExpenses": -195000000,
    "operatingExpenses": 2506000000,
    "costAndExpenses": 3853000000,
    "interestIncome": 0,
    "interestExpense": 64000000,
    "depreciationAndAmortization": 275000000,
    "ebitda": 1833000000,
    "ebitdaratio": 0.3259246088,
    "operatingIncome": 1771000000,
    "operatingIncomeRatio": 0.3149004267,
    "totalOtherIncomeExpensesNet": -277000000,
    "incomeBeforeTax": 1494000000,
    "incomeBeforeTaxRatio": 0.2656472262,
    "incomeTaxExpense": 432000000,
    "netIncome": 1062000000,
    "netIncomeRatio": 0.1888335704,
    "eps": 1.27,
    "epsdiluted": 1.24,
    "weightedAverageShsOut": 836220472,
    "weightedAverageShsOutDil": 856451613,
    "link": "https://www.sec.gov/Archives/edgar/data/885725/000095013505001479/0000950135-05-001479-index.htm",
    "finalLink": "https://www.sec.gov/Archives/edgar/data/885725/000095013505001479/b53222bse10vk.htm"
  },
  {
    "date": "2003-12-31",
    "symbol": "BSX",
    "reportedCurrency": "USD",
    "cik": "0000885725",
    "fillingDate": "2004-03-15",
    "acceptedDate": "2004-03-15 15:39:08",
    "calendarYear": "2003",
    "period": "FY",
    "revenue": 3476000000,
    "costOfRevenue": 961000000,
    "grossProfit": 2515000000,
    "grossProfitRatio": 0.7235327963,
    "researchAndDevelopmentExpenses": 452000000,
    "generalAndAdministrativeExpenses": 1171000000,
    "sellingAndMarketingExpenses": 0,
    "sellingGeneralAndAdministrativeExpenses": 1171000000,
    "otherExpenses": 158000000,
    "operatingExpenses": 1781000000,
    "costAndExpenses": 2742000000,
    "interestIncome": 0,
    "interestExpense": 0,
    "depreciationAndAmortization": 196000000,
    "ebitda": 930000000,
    "ebitdaratio": 0.2675489068,
    "operatingIncome": 697000000,
    "operatingIncomeRatio": 0.2005178366,
    "totalOtherIncomeExpensesNet": -54000000,
    "incomeBeforeTax": 643000000,
    "incomeBeforeTaxRatio": 0.1849827388,
    "incomeTaxExpense": 171000000,
    "netIncome": 472000000,
    "netIncomeRatio": 0.1357882624,
    "eps": 0.57,
    "epsdiluted": 0.56,
    "weightedAverageShsOut": 828070175,
    "weightedAverageShsOutDil": 842857143,
    "link": "https://www.sec.gov/Archives/edgar/data/885725/000095013504001301/0000950135-04-001301-index.htm",
    "finalLink": "https://www.sec.gov/Archives/edgar/data/885725/000095013504001301/b48996bse10vk.txt"
  },
  {
    "date": "2002-12-31",
    "symbol": "BSX",
    "reportedCurrency": "USD",
    "cik": "0000885725",
    "fillingDate": "2003-03-31",
    "acceptedDate": "2003-03-31 12:00:45",
    "calendarYear": "2002",
    "period": "FY",
    "revenue": 2919000000,
    "costOfRevenue": 870000000,
    "grossProfit": 2049000000,
    "grossProfitRatio": 0.7019527235,
    "researchAndDevelopmentExpenses": 343000000,
    "generalAndAdministrativeExpenses": 1002000000,
    "sellingAndMarketingExpenses": 0,
    "sellingGeneralAndAdministrativeExpenses": 1002000000,
    "otherExpenses": 9000000,
    "operatingExpenses": 1354000000,
    "costAndExpenses": 2224000000,
    "interestIncome": 0,
    "interestExpense": 0,
    "depreciationAndAmortization": 161000000,
    "ebitda": 856000000,
    "ebitdaratio": 0.2932511134,
    "operatingIncome": 610000000,
    "operatingIncomeRatio": 0.2089756766,
    "totalOtherIncomeExpensesNet": -61000000,
    "incomeBeforeTax": 549000000,
    "incomeBeforeTaxRatio": 0.1880781089,
    "incomeTaxExpense": 176000000,
    "netIncome": 373000000,
    "netIncomeRatio": 0.1277834875,
    "eps": 0.46,
    "epsdiluted": 0.45,
    "weightedAverageShsOut": 810869565,
    "weightedAverageShsOutDil": 828888889,
    "link": "https://www.sec.gov/Archives/edgar/data/885725/000095013503002096/0000950135-03-002096-index.htm",
    "finalLink": "https://www.sec.gov/Archives/edgar/data/885725/000095013503002096/b45658bse10vk.txt"
  },
  {
    "date": "2001-12-31",
    "symbol": "BSX",
    "reportedCurrency": "USD",
    "cik": "0000885725",
    "fillingDate": "2002-03-27",
    "acceptedDate": "2002-03-27 00:00:00",
    "calendarYear": "2001",
    "period": "FY",
    "revenue": 2673000000,
    "costOfRevenue": 919000000,
    "grossProfit": 1754000000,
    "grossProfitRatio": 0.6561915451,
    "researchAndDevelopmentExpenses": 275000000,
    "generalAndAdministrativeExpenses": 961000000,
    "sellingAndMarketingExpenses": 0,
    "sellingGeneralAndAdministrativeExpenses": 961000000,
    "otherExpenses": 136000000,
    "operatingExpenses": 1372000000,
    "costAndExpenses": 2291000000,
    "interestIncome": 0,
    "interestExpense": 0,
    "depreciationAndAmortization": 232000000,
    "ebitda": 614000000,
    "ebitdaratio": 0.2297044519,
    "operatingIncome": 100000000,
    "operatingIncomeRatio": 0.0374111485,
    "totalOtherIncomeExpensesNet": -56000000,
    "incomeBeforeTax": 44000000,
    "incomeBeforeTaxRatio": 0.0164609053,
    "incomeTaxExpense": 98000000,
    "netIncome": -54000000,
    "netIncomeRatio": -0.0202020202,
    "eps": -0.065,
    "epsdiluted": -0.065,
    "weightedAverageShsOut": 830769231,
    "weightedAverageShsOutDil": 830769231,
    "link": "https://www.sec.gov/Archives/edgar/data/885725/000091205702011989/0000912057-02-011989-index.htm",
    "finalLink": "https://www.sec.gov/Archives/edgar/data/885725/000091205702011989/a2074671z10-k.txt"
  },
  {
    "date": "2000-12-31",
    "symbol": "BSX",
    "reportedCurrency": "USD",
    "cik": "0000885725",
    "fillingDate": "2001-04-02",
    "acceptedDate": "2001-04-02 00:00:00",
    "calendarYear": "2000",
    "period": "FY",
    "revenue": 2664000000,
    "costOfRevenue": 742000000,
    "grossProfit": 1922000000,
    "grossProfitRatio": 0.7214714715,
    "researchAndDevelopmentExpenses": 199000000,
    "generalAndAdministrativeExpenses": 867000000,
    "sellingAndMarketingExpenses": 0,
    "sellingGeneralAndAdministrativeExpenses": 867000000,
    "otherExpenses": 181000000,
    "operatingExpenses": 1247000000,
    "costAndExpenses": 1989000000,
    "interestIncome": 0,
    "interestExpense": 0,
    "depreciationAndAmortization": 181000000,
    "ebitda": 856000000,
    "ebitdaratio": 0.3213213213,
    "operatingIncome": 675000000,
    "operatingIncomeRatio": 0.2533783784,
    "totalOtherIncomeExpensesNet": -148000000,
    "incomeBeforeTax": 527000000,
    "incomeBeforeTaxRatio": 0.1978228228,
    "incomeTaxExpense": 154000000,
    "netIncome": 373000000,
    "netIncomeRatio": 0.140015015,
    "eps": 0.46,
    "epsdiluted": 0.45,
    "weightedAverageShsOut": 810869565,
    "weightedAverageShsOutDil": 819780220,
    "link": "https://www.sec.gov/Archives/edgar/data/885725/000095013501001146/0000950135-01-001146-index.htm",
    "finalLink": "https://www.sec.gov/Archives/edgar/data/885725/000095013501001146/b38188sse10-k.txt"
  },
  {
    "date": "1999-12-31",
    "symbol": "BSX",
    "reportedCurrency": "USD",
    "cik": "0000885725",
    "fillingDate": "2000-03-30",
    "acceptedDate": "2000-03-30 00:00:00",
    "calendarYear": "1999",
    "period": "FY",
    "revenue": 2842000000,
    "costOfRevenue": 900000000,
    "grossProfit": 1942000000,
    "grossProfitRatio": 0.6833216045,
    "researchAndDevelopmentExpenses": 197000000,
    "generalAndAdministrativeExpenses": 842000000,
    "sellingAndMarketingExpenses": 0,
    "sellingGeneralAndAdministrativeExpenses": 842000000,
    "otherExpenses": 178000000,
    "operatingExpenses": 1217000000,
    "costAndExpenses": 2117000000,
    "interestIncome": 0,
    "interestExpense": 0,
    "depreciationAndAmortization": 178000000,
    "ebitda": 903000000,
    "ebitdaratio": 0.3177339901,
    "operatingIncome": 725000000,
    "operatingIncomeRatio": 0.2551020408,
    "totalOtherIncomeExpensesNet": -163000000,
    "incomeBeforeTax": 562000000,
    "incomeBeforeTaxRatio": 0.1977480647,
    "incomeTaxExpense": 191000000,
    "netIncome": 371000000,
    "netIncomeRatio": 0.1305418719,
    "eps": 0.46,
    "epsdiluted": 0.45,
    "weightedAverageShsOut": 806521739,
    "weightedAverageShsOutDil": 824444444,
    "link": "https://www.sec.gov/Archives/edgar/data/885725/000095013500001894/0000950135-00-001894-index.html",
    "finalLink": "https://www.sec.gov/Archives/edgar/data/885725/000095013500001894/"
  },
  {
    "date": "1998-12-31",
    "symbol": "BSX",
    "reportedCurrency": "USD",
    "cik": "0000885725",
    "fillingDate": "1999-04-28",
    "acceptedDate": "1999-04-28 00:00:00",
    "calendarYear": "1998",
    "period": "FY",
    "revenue": 2233600000,
    "costOfRevenue": 658900000,
    "grossProfit": 1574700000,
    "grossProfitRatio": 0.7050053725,
    "researchAndDevelopmentExpenses": 882200000,
    "generalAndAdministrativeExpenses": 786300000,
    "sellingAndMarketingExpenses": 0,
    "sellingGeneralAndAdministrativeExpenses": 786300000,
    "otherExpenses": 128600000,
    "operatingExpenses": 1797100000,
    "costAndExpenses": 2456000000,
    "interestIncome": 0,
    "interestExpense": 0,
    "depreciationAndAmortization": 128600000,
    "ebitda": 620000000,
    "ebitdaratio": 0.2775787966,
    "operatingIncome": -222400000,
    "operatingIncomeRatio": -0.0995702006,
    "totalOtherIncomeExpensesNet": -766000000,
    "incomeBeforeTax": -275300000,
    "incomeBeforeTaxRatio": -0.1232539398,
    "incomeTaxExpense": -10900000,
    "netIncome": -264400000,
    "netIncomeRatio": -0.1183739255,
    "eps": -0.34,
    "epsdiluted": -0.34,
    "weightedAverageShsOut": 776470588,
    "weightedAverageShsOutDil": 776470588,
    "link": "https://www.sec.gov/Archives/edgar/data/885725/000095013599002170/0000950135-99-002170-index.html",
    "finalLink": "https://www.sec.gov/Archives/edgar/data/885725/"
  },
  {
    "date": "1997-12-31",
    "symbol": "BSX",
    "reportedCurrency": "USD",
    "cik": "0000885725",
    "fillingDate": "1998-03-31",
    "acceptedDate": "1998-03-31 00:00:00",
    "calendarYear": "1997",
    "period": "FY",
    "revenue": 1872300000,
    "costOfRevenue": 463700000,
    "grossProfit": 1408600000,
    "grossProfitRatio": 0.7523366982,
    "researchAndDevelopmentExpenses": 196700000,
    "generalAndAdministrativeExpenses": 710400000,
    "sellingAndMarketingExpenses": 0,
    "sellingGeneralAndAdministrativeExpenses": 710400000,
    "otherExpenses": 86700000,
    "operatingExpenses": 993800000,
    "costAndExpenses": 1457500000,
    "interestIncome": 0,
    "interestExpense": 0,
    "depreciationAndAmortization": 86700000,
    "ebitda": 509000000,
    "ebitdaratio": 0.2718581424,
    "operatingIncome": 414800000,
    "operatingIncomeRatio": 0.2215456925,
    "totalOtherIncomeExpensesNet": -207000000,
    "incomeBeforeTax": 258700000,
    "incomeBeforeTaxRatio": 0.1381723014,
    "incomeTaxExpense": 98300000,
    "netIncome": 139300000,
    "netIncomeRatio": 0.07440047,
    "eps": 0.18,
    "epsdiluted": 0.17,
    "weightedAverageShsOut": 778292000,
    "weightedAverageShsOutDil": 799552000,
    "link": "https://www.sec.gov/Archives/edgar/data/885725/000095013598002085/0000950135-98-002085-index.html",
    "finalLink": "https://www.sec.gov/Archives/edgar/data/885725/"
  },
  {
    "date": "1996-12-31",
    "symbol": "BSX",
    "reportedCurrency": "USD",
    "cik": "0000885725",
    "fillingDate": "1997-03-31",
    "acceptedDate": "1997-03-31 00:00:00",
    "calendarYear": "1996",
    "period": "FY",
    "revenue": 1462000000,
    "costOfRevenue": 339600000,
    "grossProfit": 1122400000,
    "grossProfitRatio": 0.7677154583,
    "researchAndDevelopmentExpenses": 0,
    "generalAndAdministrativeExpenses": 719200000,
    "sellingAndMarketingExpenses": 0,
    "sellingGeneralAndAdministrativeExpenses": 719200000,
    "otherExpenses": 61400000,
    "operatingExpenses": 780600000,
    "costAndExpenses": 1120200000,
    "interestIncome": 0,
    "interestExpense": 0,
    "depreciationAndAmortization": 61400000,
    "ebitda": 411800000,
    "ebitdaratio": 0.2816689466,
    "operatingIncome": 341800000,
    "operatingIncomeRatio": 0.2337893297,
    "totalOtherIncomeExpensesNet": -38500000,
    "incomeBeforeTax": 297000000,
    "incomeBeforeTaxRatio": 0.2031463748,
    "incomeTaxExpense": 129900000,
    "netIncome": 167100000,
    "netIncomeRatio": 0.1142954856,
    "eps": 0.22,
    "epsdiluted": 0.21,
    "weightedAverageShsOut": 777209302,
    "weightedAverageShsOutDil": 795714286,
    "link": "https://www.sec.gov/Archives/edgar/data/885725/000095013597001518/0000950135-97-001518-index.html",
    "finalLink": "https://www.sec.gov/Archives/edgar/data/885725/"
  },
  {
    "date": "1995-12-31",
    "symbol": "BSX",
    "reportedCurrency": "USD",
    "cik": "0000885725",
    "fillingDate": "1995-12-31",
    "acceptedDate": "1995-12-30 19:00:00",
    "calendarYear": "1995",
    "period": "FY",
    "revenue": 1107000000,
    "costOfRevenue": 277000000,
    "grossProfit": 830000000,
    "grossProfitRatio": 0.7497741644,
    "researchAndDevelopmentExpenses": 0,
    "generalAndAdministrativeExpenses": 505000000,
    "sellingAndMarketingExpenses": 0,
    "sellingGeneralAndAdministrativeExpenses": 505000000,
    "otherExpenses": 40000000,
    "operatingExpenses": 545000000,
    "costAndExpenses": 822000000,
    "interestIncome": 0,
    "interestExpense": 0,
    "depreciationAndAmortization": 40000000,
    "ebitda": 299900000,
    "ebitdaratio": 0.2709123758,
    "operatingIncome": 285000000,
    "operatingIncomeRatio": 0.2574525745,
    "totalOtherIncomeExpensesNet": -193800000,
    "incomeBeforeTax": 85000000,
    "incomeBeforeTaxRatio": 0.0767841012,
    "incomeTaxExpense": 77000000,
    "netIncome": 8000000,
    "netIncomeRatio": 0.0072267389,
    "eps": 0.0109,
    "epsdiluted": 0.0109,
    "weightedAverageShsOut": 736000000,
    "weightedAverageShsOutDil": 736000000,
    "link": "",
    "finalLink": ""
  },
  {
    "date": "1994-12-31",
    "symbol": "BSX",
    "reportedCurrency": "USD",
    "cik": "0000885725",
    "fillingDate": "1994-12-31",
    "acceptedDate": "1994-12-30 19:00:00",
    "calendarYear": "1994",
    "period": "FY",
    "revenue": 448900000,
    "costOfRevenue": 153100000,
    "grossProfit": 295800000,
    "grossProfitRatio": 0.6589440855,
    "researchAndDevelopmentExpenses": 29500000,
    "generalAndAdministrativeExpenses": 127200000,
    "sellingAndMarketingExpenses": 0,
    "sellingGeneralAndAdministrativeExpenses": 127200000,
    "otherExpenses": 9100000,
    "operatingExpenses": 165800000,
    "costAndExpenses": 318900000,
    "interestIncome": 0,
    "interestExpense": 0,
    "depreciationAndAmortization": 9100000,
    "ebitda": 139000000,
    "ebitdaratio": 0.3096458008,
    "operatingIncome": 130000000,
    "operatingIncomeRatio": 0.2895967922,
    "totalOtherIncomeExpensesNet": -1000000,
    "incomeBeforeTax": 128900000,
    "incomeBeforeTaxRatio": 0.2871463578,
    "incomeTaxExpense": 49200000,
    "netIncome": 79700000,
    "netIncomeRatio": 0.1775451103,
    "eps": 0.19,
    "epsdiluted": 0.19,
    "weightedAverageShsOut": 421052632,
    "weightedAverageShsOutDil": 421052632,
    "link": "",
    "finalLink": ""
  },
  {
    "date": "1993-12-31",
    "symbol": "BSX",
    "reportedCurrency": "USD",
    "cik": "0000885725",
    "fillingDate": "1993-12-31",
    "acceptedDate": "1993-12-30 19:00:00",
    "calendarYear": "1993",
    "period": "FY",
    "revenue": 380100000,
    "costOfRevenue": 133900000,
    "grossProfit": 246200000,
    "grossProfitRatio": 0.6477242831,
    "researchAndDevelopmentExpenses": 0,
    "generalAndAdministrativeExpenses": 131200000,
    "sellingAndMarketingExpenses": 0,
    "sellingGeneralAndAdministrativeExpenses": 131200000,
    "otherExpenses": 6400000,
    "operatingExpenses": 137600000,
    "costAndExpenses": 271500000,
    "interestIncome": 0,
    "interestExpense": 0,
    "depreciationAndAmortization": 6400000,
    "ebitda": 115000000,
    "ebitdaratio": 0.30255196,
    "operatingIncome": 108600000,
    "operatingIncomeRatio": 0.2857142857,
    "totalOtherIncomeExpensesNet": 900000,
    "incomeBeforeTax": 109500000,
    "incomeBeforeTaxRatio": 0.2880820837,
    "incomeTaxExpense": 39800000,
    "netIncome": 69700000,
    "netIncomeRatio": 0.1833727966,
    "eps": 0.18,
    "epsdiluted": 0.18,
    "weightedAverageShsOut": 395200000,
    "weightedAverageShsOutDil": 395200000,
    "link": "",
    "finalLink": ""
  },
  {
    "date": "1992-12-31",
    "symbol": "BSX",
    "reportedCurrency": "USD",
    "cik": "0000885725",
    "fillingDate": "1992-12-31",
    "acceptedDate": "1992-12-30 19:00:00",
    "calendarYear": "1992",
    "period": "FY",
    "revenue": 315200000,
    "costOfRevenue": 111900000,
    "grossProfit": 203300000,
    "grossProfitRatio": 0.6449873096,
    "researchAndDevelopmentExpenses": 0,
    "generalAndAdministrativeExpenses": 105900000,
    "sellingAndMarketingExpenses": 0,
    "sellingGeneralAndAdministrativeExpenses": 105900000,
    "otherExpenses": 4600000,
    "operatingExpenses": 110500000,
    "costAndExpenses": 222400000,
    "interestIncome": 0,
    "interestExpense": 0,
    "depreciationAndAmortization": 4600000,
    "ebitda": 97400000,
    "ebitdaratio": 0.3090101523,
    "operatingIncome": 92800000,
    "operatingIncomeRatio": 0.2944162437,
    "totalOtherIncomeExpensesNet": -1300000,
    "incomeBeforeTax": 91500000,
    "incomeBeforeTaxRatio": 0.2902918782,
    "incomeTaxExpense": 34900000,
    "netIncome": 56600000,
    "netIncomeRatio": 0.1795685279,
    "eps": 0.14,
    "epsdiluted": 0.14,
    "weightedAverageShsOut": 390344828,
    "weightedAverageShsOutDil": 390344828,
    "link": "",
    "finalLink": ""
  },
  {
    "date": "1991-12-31",
    "symbol": "BSX",
    "reportedCurrency": "USD",
    "cik": "0000885725",
    "fillingDate": "1991-12-31",
    "acceptedDate": "1991-12-30 19:00:00",
    "calendarYear": "1991",
    "period": "FY",
    "revenue": 230000000,
    "costOfRevenue": 78400000,
    "grossProfit": 151600000,
    "grossProfitRatio": 0.6591304348,
    "researchAndDevelopmentExpenses": 0,
    "generalAndAdministrativeExpenses": 77700000,
    "sellingAndMarketingExpenses": 0,
    "sellingGeneralAndAdministrativeExpenses": 77700000,
    "otherExpenses": 3400000,
    "operatingExpenses": 81100000,
    "costAndExpenses": 159500000,
    "interestIncome": 0,
    "interestExpense": 0,
    "depreciationAndAmortization": 3400000,
    "ebitda": 73900000,
    "ebitdaratio": 0.3213043478,
    "operatingIncome": 70500000,
    "operatingIncomeRatio": 0.3065217391,
    "totalOtherIncomeExpensesNet": -2700000,
    "incomeBeforeTax": 67800000,
    "incomeBeforeTaxRatio": 0.2947826087,
    "incomeTaxExpense": 26300000,
    "netIncome": 41800000,
    "netIncomeRatio": 0.1817391304,
    "eps": 0.11,
    "epsdiluted": 0.11,
    "weightedAverageShsOut": 380000000,
    "weightedAverageShsOutDil": 380000000,
    "link": "",
    "finalLink": ""
  }
]