[
  {
    "date": "2025-06-30",
    "symbol": "BX",
    "reportedCurrency": "USD",
    "cik": "0001393818",
    "fillingDate": "2025-08-08",
    "acceptedDate": "2025-08-08 16:06:18",
    "calendarYear": "2025",
    "period": "Q2",
    "revenue": 3711900000,
    "costOfRevenue": 135822000,
    "grossProfit": 3576078000,
    "grossProfitRatio": 0.9634090358,
    "researchAndDevelopmentExpenses": 0,
    "generalAndAdministrativeExpenses": 360817000,
    "sellingAndMarketingExpenses": 0,
    "sellingGeneralAndAdministrativeExpenses": 360817000,
    "otherExpenses": 1299634000,
    "operatingExpenses": 1660451000,
    "costAndExpenses": 1796273000,
    "interestIncome": 100389000,
    "interestExpense": 135822000,
    "depreciationAndAmortization": 8974000,
    "ebitda": 1915627000,
    "ebitdaratio": 0.5160772111,
    "operatingIncome": 1915627000,
    "operatingIncomeRatio": 0.5160772111,
    "totalOtherIncomeExpensesNet": 0,
    "incomeBeforeTax": 1915627000,
    "incomeBeforeTaxRatio": 0.5160772111,
    "incomeTaxExpense": 289494000,
    "netIncome": 764244000,
    "netIncomeRatio": 0.2058902449,
    "eps": 0.98,
    "epsdiluted": 0.98,
    "weightedAverageShsOut": 782386000,
    "weightedAverageShsOutDil": 782401000,
    "link": "https://www.sec.gov/Archives/edgar/data/1393818/000119312525176984/0001193125-25-176984-index.htm",
    "finalLink": "https://www.sec.gov/Archives/edgar/data/1393818/000119312525176984/d83467d10q.htm"
  },
  {
    "date": "2025-03-31",
    "symbol": "BX",
    "reportedCurrency": "USD",
    "cik": "0001393818",
    "fillingDate": "2025-05-02",
    "acceptedDate": "2025-05-02 16:01:42",
    "calendarYear": "2025",
    "period": "Q1",
    "revenue": 2944555000,
    "costOfRevenue": 118115000,
    "grossProfit": 2826440000,
    "grossProfitRatio": 0.9598869778,
    "researchAndDevelopmentExpenses": 0,
    "generalAndAdministrativeExpenses": 344477000,
    "sellingAndMarketingExpenses": 0,
    "sellingGeneralAndAdministrativeExpenses": 344477000,
    "otherExpenses": 1029362000,
    "operatingExpenses": 1373839000,
    "costAndExpenses": 1491954000,
    "interestIncome": 97420000,
    "interestExpense": 118115000,
    "depreciationAndAmortization": 8975000,
    "ebitda": 1461576000,
    "ebitdaratio": 0.4963656648,
    "operatingIncome": 1452601000,
    "operatingIncomeRatio": 0.493317666,
    "totalOtherIncomeExpensesNet": 0,
    "incomeBeforeTax": 1452601000,
    "incomeBeforeTaxRatio": 0.493317666,
    "incomeTaxExpense": 243827000,
    "netIncome": 614852000,
    "netIncomeRatio": 0.2088098202,
    "eps": 0.8,
    "epsdiluted": 0.8,
    "weightedAverageShsOut": 771796385,
    "weightedAverageShsOutDil": 772434602,
    "link": "https://www.sec.gov/Archives/edgar/data/1393818/000119312525111595/0001193125-25-111595-index.htm",
    "finalLink": "https://www.sec.gov/Archives/edgar/data/1393818/000119312525111595/d894615d10q.htm"
  },
  {
    "date": "2024-12-31",
    "symbol": "BX",
    "reportedCurrency": "USD",
    "cik": "0001393818",
    "fillingDate": "2025-02-28",
    "acceptedDate": "2025-02-28 16:06:07",
    "calendarYear": "2024",
    "period": "Q4",
    "revenue": 2818175000,
    "costOfRevenue": 115532000,
    "grossProfit": 2702643000,
    "grossProfitRatio": 0.959004675,
    "researchAndDevelopmentExpenses": 0,
    "generalAndAdministrativeExpenses": 345382000,
    "sellingAndMarketingExpenses": 0,
    "sellingGeneralAndAdministrativeExpenses": 345382000,
    "otherExpenses": 795984000,
    "operatingExpenses": 1141366000,
    "costAndExpenses": 1256898000,
    "interestIncome": 98547000,
    "interestExpense": 115532000,
    "depreciationAndAmortization": 9021000,
    "ebitda": 1570298000,
    "ebitdaratio": 0.5572038642,
    "operatingIncome": 1561277000,
    "operatingIncomeRatio": 0.5540028565,
    "totalOtherIncomeExpensesNet": 0,
    "incomeBeforeTax": 1561277000,
    "incomeBeforeTaxRatio": 0.5540028565,
    "incomeTaxExpense": 232451000,
    "netIncome": 703873000,
    "netIncomeRatio": 0.2497619914,
    "eps": 0.92,
    "epsdiluted": 0.92,
    "weightedAverageShsOut": 768689957,
    "weightedAverageShsOutDil": 768769985,
    "link": "https://www.sec.gov/Archives/edgar/data/1393818/000119312525042469/0001193125-25-042469-index.htm",
    "finalLink": "https://www.sec.gov/Archives/edgar/data/1393818/000119312525042469/d912273d10k.htm"
  },
  {
    "date": "2024-09-30",
    "symbol": "BX",
    "reportedCurrency": "USD",
    "cik": "0001393818",
    "fillingDate": "2024-11-01",
    "acceptedDate": "2024-11-01 16:02:39",
    "calendarYear": "2024",
    "period": "Q3",
    "revenue": 2997733000,
    "costOfRevenue": 111337000,
    "grossProfit": 2886396000,
    "grossProfitRatio": 0.9628596009,
    "researchAndDevelopmentExpenses": 0,
    "generalAndAdministrativeExpenses": 344415000,
    "sellingAndMarketingExpenses": 0,
    "sellingGeneralAndAdministrativeExpenses": 344415000,
    "otherExpenses": 732041000,
    "operatingExpenses": 1076456000,
    "costAndExpenses": 1187793000,
    "interestIncome": 109774000,
    "interestExpense": 111337000,
    "depreciationAndAmortization": 8981000,
    "ebitda": 1818921000,
    "ebitdaratio": 0.6067655125,
    "operatingIncome": 1809940000,
    "operatingIncomeRatio": 0.6037695819,
    "totalOtherIncomeExpensesNet": 0,
    "incomeBeforeTax": 1809940000,
    "incomeBeforeTaxRatio": 0.6037695819,
    "incomeTaxExpense": 245303000,
    "netIncome": 780835000,
    "netIncomeRatio": 0.2604751657,
    "eps": 1.02,
    "epsdiluted": 1.02,
    "weightedAverageShsOut": 768230595,
    "weightedAverageShsOutDil": 768280366,
    "link": "https://www.sec.gov/Archives/edgar/data/1393818/000119312524249809/0001193125-24-249809-index.htm",
    "finalLink": "https://www.sec.gov/Archives/edgar/data/1393818/000119312524249809/d896208d10q.htm"
  },
  {
    "date": "2024-06-30",
    "symbol": "BX",
    "reportedCurrency": "USD",
    "cik": "0001393818",
    "fillingDate": "2024-08-02",
    "acceptedDate": "2024-08-02 16:03:10",
    "calendarYear": "2024",
    "period": "Q2",
    "revenue": 2401760000,
    "costOfRevenue": 108616000,
    "grossProfit": 2293144000,
    "grossProfitRatio": 0.9547764972,
    "researchAndDevelopmentExpenses": 0,
    "generalAndAdministrativeExpenses": 317888000,
    "sellingAndMarketingExpenses": 0,
    "sellingGeneralAndAdministrativeExpenses": 317888000,
    "otherExpenses": 766647000,
    "operatingExpenses": 1084535000,
    "costAndExpenses": 1193151000,
    "interestIncome": 104999000,
    "interestExpense": 108616000,
    "depreciationAndAmortization": 8982000,
    "ebitda": 1217591000,
    "ebitdaratio": 0.5069578143,
    "operatingIncome": 1208609000,
    "operatingIncomeRatio": 0.5032180568,
    "totalOtherIncomeExpensesNet": 0,
    "incomeBeforeTax": 1208609000,
    "incomeBeforeTaxRatio": 0.5032180568,
    "incomeTaxExpense": 260246000,
    "netIncome": 444414000,
    "netIncomeRatio": 0.1850368063,
    "eps": 0.58,
    "epsdiluted": 0.58,
    "weightedAverageShsOut": 769187351,
    "weightedAverageShsOutDil": 769234677,
    "link": "https://www.sec.gov/Archives/edgar/data/1393818/000119312524192846/0001193125-24-192846-index.htm",
    "finalLink": "https://www.sec.gov/Archives/edgar/data/1393818/000119312524192846/d844230d10q.htm"
  },
  {
    "date": "2024-03-31",
    "symbol": "BX",
    "reportedCurrency": "USD",
    "cik": "0001393818",
    "fillingDate": "2024-05-03",
    "acceptedDate": "2024-05-03 16:02:54",
    "calendarYear": "2024",
    "period": "Q1",
    "revenue": 3156560000,
    "costOfRevenue": 108203000,
    "grossProfit": 3048357000,
    "grossProfitRatio": 0.9657212282,
    "researchAndDevelopmentExpenses": 0,
    "generalAndAdministrativeExpenses": 373900000,
    "sellingAndMarketingExpenses": 0,
    "sellingGeneralAndAdministrativeExpenses": 373900000,
    "otherExpenses": 794803000,
    "operatingExpenses": 1168703000,
    "costAndExpenses": 1276906000,
    "interestIncome": 97839000,
    "interestExpense": 108203000,
    "depreciationAndAmortization": 8981000,
    "ebitda": 1888635000,
    "ebitdaratio": 0.5983206402,
    "operatingIncome": 1879654000,
    "operatingIncomeRatio": 0.5954754543,
    "totalOtherIncomeExpensesNet": 0,
    "incomeBeforeTax": 1879654000,
    "incomeBeforeTaxRatio": 0.5954754543,
    "incomeTaxExpense": 283671000,
    "netIncome": 847386000,
    "netIncomeRatio": 0.2684523659,
    "eps": 1.12,
    "epsdiluted": 1.11,
    "weightedAverageShsOut": 759798537,
    "weightedAverageShsOutDil": 760257644,
    "link": "https://www.sec.gov/Archives/edgar/data/1393818/000119312524130670/0001193125-24-130670-index.htm",
    "finalLink": "https://www.sec.gov/Archives/edgar/data/1393818/000119312524130670/d806510d10q.htm"
  },
  {
    "date": "2023-12-31",
    "symbol": "BX",
    "reportedCurrency": "USD",
    "cik": "0001393818",
    "fillingDate": "2024-01-25",
    "acceptedDate": "2024-01-25 06:56:02",
    "calendarYear": "2023",
    "period": "Q4",
    "revenue": 1214532000,
    "costOfRevenue": 108732000,
    "grossProfit": 1105800000,
    "grossProfitRatio": 0.9104741579,
    "researchAndDevelopmentExpenses": 0,
    "generalAndAdministrativeExpenses": 289760000,
    "sellingAndMarketingExpenses": 0,
    "sellingGeneralAndAdministrativeExpenses": 289760000,
    "otherExpenses": 660960000,
    "operatingExpenses": 950720000,
    "costAndExpenses": 1059452000,
    "interestIncome": 168374000,
    "interestExpense": 108732000,
    "depreciationAndAmortization": 9002000,
    "ebitda": 164082000,
    "ebitdaratio": 0.1350989517,
    "operatingIncome": 155080000,
    "operatingIncomeRatio": 0.1276870432,
    "totalOtherIncomeExpensesNet": 0,
    "incomeBeforeTax": 155080000,
    "incomeBeforeTaxRatio": 0.1276870432,
    "incomeTaxExpense": 45957000,
    "netIncome": 151800000,
    "netIncomeRatio": 0.1249864145,
    "eps": 0.2,
    "epsdiluted": 0.2,
    "weightedAverageShsOut": 758151673,
    "weightedAverageShsOutDil": 758278385,
    "link": "https://www.sec.gov/Archives/edgar/data/1393818/000119312524044485/0001193125-24-044485-index.htm",
    "finalLink": "https://www.sec.gov/Archives/edgar/data/1393818/000119312524044485/d734131d10k.htm"
  },
  {
    "date": "2023-09-30",
    "symbol": "BX",
    "reportedCurrency": "USD",
    "cik": "0001393818",
    "fillingDate": "2023-11-03",
    "acceptedDate": "2023-11-03 16:02:56",
    "calendarYear": "2023",
    "period": "Q3",
    "revenue": 2246289000,
    "costOfRevenue": 110599000,
    "grossProfit": 2135690000,
    "grossProfitRatio": 0.9507636818,
    "researchAndDevelopmentExpenses": 0,
    "generalAndAdministrativeExpenses": 318120000,
    "sellingAndMarketingExpenses": 0,
    "sellingGeneralAndAdministrativeExpenses": 318120000,
    "otherExpenses": 700268000,
    "operatingExpenses": 1018388000,
    "costAndExpenses": 1128987000,
    "interestIncome": 109133000,
    "interestExpense": 110599000,
    "depreciationAndAmortization": 9011000,
    "ebitda": 1126313000,
    "ebitdaratio": 0.5014105487,
    "operatingIncome": 1117302000,
    "operatingIncomeRatio": 0.4973990435,
    "totalOtherIncomeExpensesNet": 0,
    "incomeBeforeTax": 1117302000,
    "incomeBeforeTaxRatio": 0.4973990435,
    "incomeTaxExpense": 196560000,
    "netIncome": 551994000,
    "netIncomeRatio": 0.2457359672,
    "eps": 0.73,
    "epsdiluted": 0.73,
    "weightedAverageShsOut": 757958602,
    "weightedAverageShsOutDil": 758046096,
    "link": "https://www.sec.gov/Archives/edgar/data/1393818/000119312523270358/0001193125-23-270358-index.htm",
    "finalLink": "https://www.sec.gov/Archives/edgar/data/1393818/000119312523270358/d547912d10q.htm"
  },
  {
    "date": "2023-06-30",
    "symbol": "BX",
    "reportedCurrency": "USD",
    "cik": "0001393818",
    "fillingDate": "2023-08-04",
    "acceptedDate": "2023-08-04 16:02:54",
    "calendarYear": "2023",
    "period": "Q2",
    "revenue": 2571613000,
    "costOfRevenue": 108096000,
    "grossProfit": 2463517000,
    "grossProfitRatio": 0.9579656815,
    "researchAndDevelopmentExpenses": 0,
    "generalAndAdministrativeExpenses": 306619000,
    "sellingAndMarketingExpenses": 0,
    "sellingGeneralAndAdministrativeExpenses": 306619000,
    "otherExpenses": 729922000,
    "operatingExpenses": 1036541000,
    "costAndExpenses": 1144637000,
    "interestIncome": 148505000,
    "interestExpense": 108096000,
    "depreciationAndAmortization": 9066000,
    "ebitda": 1436042000,
    "ebitdaratio": 0.5584207266,
    "operatingIncome": 1426976000,
    "operatingIncomeRatio": 0.5548953128,
    "totalOtherIncomeExpensesNet": 0,
    "incomeBeforeTax": 1426976000,
    "incomeBeforeTaxRatio": 0.5548953128,
    "incomeTaxExpense": 223269000,
    "netIncome": 601274000,
    "netIncomeRatio": 0.2338120083,
    "eps": 0.79,
    "epsdiluted": 0.79,
    "weightedAverageShsOut": 758479943,
    "weightedAverageShsOutDil": 758548248,
    "link": "https://www.sec.gov/Archives/edgar/data/1393818/000119312523203835/0001193125-23-203835-index.htm",
    "finalLink": "https://www.sec.gov/Archives/edgar/data/1393818/000119312523203835/d868231d10q.htm"
  },
  {
    "date": "2023-03-31",
    "symbol": "BX",
    "reportedCurrency": "USD",
    "cik": "0001393818",
    "fillingDate": "2023-05-05",
    "acceptedDate": "2023-05-05 16:03:03",
    "calendarYear": "2023",
    "period": "Q1",
    "revenue": 1406083000,
    "costOfRevenue": 104441000,
    "grossProfit": 1301642000,
    "grossProfitRatio": 0.9257220235,
    "researchAndDevelopmentExpenses": 0,
    "generalAndAdministrativeExpenses": 321793000,
    "sellingAndMarketingExpenses": 0,
    "sellingGeneralAndAdministrativeExpenses": 321793000,
    "otherExpenses": 721493000,
    "operatingExpenses": 1043286000,
    "costAndExpenses": 1147727000,
    "interestIncome": 90485000,
    "interestExpense": 104441000,
    "depreciationAndAmortization": 12996000,
    "ebitda": 271352000,
    "ebitdaratio": 0.1929843402,
    "operatingIncome": 258356000,
    "operatingIncomeRatio": 0.1837416426,
    "totalOtherIncomeExpensesNet": 0,
    "incomeBeforeTax": 258356000,
    "incomeBeforeTaxRatio": 0.1837416426,
    "incomeTaxExpense": 47675000,
    "netIncome": 85812000,
    "netIncomeRatio": 0.0610291142,
    "eps": 0.12,
    "epsdiluted": 0.11,
    "weightedAverageShsOut": 746064922,
    "weightedAverageShsOutDil": 746643929,
    "link": "https://www.sec.gov/Archives/edgar/data/1393818/000119312523137073/0001193125-23-137073-index.htm",
    "finalLink": "https://www.sec.gov/Archives/edgar/data/1393818/000119312523137073/d480850d10q.htm"
  },
  {
    "date": "2022-12-31",
    "symbol": "BX",
    "reportedCurrency": "USD",
    "cik": "0001393818",
    "fillingDate": "2023-02-24",
    "acceptedDate": "2023-02-24 16:04:44",
    "calendarYear": "2022",
    "period": "Q4",
    "revenue": 1618850000,
    "costOfRevenue": 100329000,
    "grossProfit": 1518521000,
    "grossProfitRatio": 0.9380245236,
    "researchAndDevelopmentExpenses": 0,
    "generalAndAdministrativeExpenses": 310871000,
    "sellingAndMarketingExpenses": 0,
    "sellingGeneralAndAdministrativeExpenses": 310871000,
    "otherExpenses": 605455000,
    "operatingExpenses": 916326000,
    "costAndExpenses": 1016655000,
    "interestIncome": 102632000,
    "interestExpense": 100329000,
    "depreciationAndAmortization": 14809000,
    "ebitda": 617004000,
    "ebitdaratio": 0.381137227,
    "operatingIncome": 602195000,
    "operatingIncomeRatio": 0.3719893752,
    "totalOtherIncomeExpensesNet": 0,
    "incomeBeforeTax": 602195000,
    "incomeBeforeTaxRatio": 0.3719893752,
    "incomeTaxExpense": -141146000,
    "netIncome": 557854000,
    "netIncomeRatio": 0.3445989437,
    "eps": 0.75,
    "epsdiluted": 0.75,
    "weightedAverageShsOut": 742742919,
    "weightedAverageShsOutDil": 742929727,
    "link": "https://www.sec.gov/Archives/edgar/data/1393818/000119312523048733/0001193125-23-048733-index.htm",
    "finalLink": "https://www.sec.gov/Archives/edgar/data/1393818/000119312523048733/d459795d10k.htm"
  },
  {
    "date": "2022-09-30",
    "symbol": "BX",
    "reportedCurrency": "USD",
    "cik": "0001393818",
    "fillingDate": "2022-11-04",
    "acceptedDate": "2022-11-04 16:09:04",
    "calendarYear": "2022",
    "period": "Q3",
    "revenue": 1054597000,
    "costOfRevenue": 80507000,
    "grossProfit": 974090000,
    "grossProfitRatio": 0.9236608866,
    "researchAndDevelopmentExpenses": 0,
    "generalAndAdministrativeExpenses": 275886000,
    "sellingAndMarketingExpenses": 0,
    "sellingGeneralAndAdministrativeExpenses": 275886000,
    "otherExpenses": 600273000,
    "operatingExpenses": 876159000,
    "costAndExpenses": 956666000,
    "interestIncome": 52420000,
    "interestExpense": 80507000,
    "depreciationAndAmortization": 14892000,
    "ebitda": 112823000,
    "ebitdaratio": 0.1069820984,
    "operatingIncome": 97931000,
    "operatingIncomeRatio": 0.0928610645,
    "totalOtherIncomeExpensesNet": 0,
    "incomeBeforeTax": 97931000,
    "incomeBeforeTaxRatio": 0.0928610645,
    "incomeTaxExpense": 94231000,
    "netIncome": 2296000,
    "netIncomeRatio": 0.002177135,
    "eps": 0.0031,
    "epsdiluted": 0.0031,
    "weightedAverageShsOut": 742345646,
    "weightedAverageShsOutDil": 742495532,
    "link": "https://www.sec.gov/Archives/edgar/data/1393818/000119312522277894/0001193125-22-277894-index.htm",
    "finalLink": "https://www.sec.gov/Archives/edgar/data/1393818/000119312522277894/d354082d10q.htm"
  },
  {
    "date": "2022-06-30",
    "symbol": "BX",
    "reportedCurrency": "USD",
    "cik": "0001393818",
    "fillingDate": "2022-08-05",
    "acceptedDate": "2022-08-05 16:03:40",
    "calendarYear": "2022",
    "period": "Q2",
    "revenue": 830158000,
    "costOfRevenue": 69642000,
    "grossProfit": 760516000,
    "grossProfitRatio": 0.9161099453,
    "researchAndDevelopmentExpenses": 0,
    "generalAndAdministrativeExpenses": 293723000,
    "sellingAndMarketingExpenses": 0,
    "sellingGeneralAndAdministrativeExpenses": 293723000,
    "otherExpenses": 686025000,
    "operatingExpenses": 979748000,
    "costAndExpenses": 1049390000,
    "interestIncome": 62075000,
    "interestExpense": 69642000,
    "depreciationAndAmortization": 18698000,
    "ebitda": -200534000,
    "ebitdaratio": -0.241561245,
    "operatingIncome": -219232000,
    "operatingIncomeRatio": -0.2640846682,
    "totalOtherIncomeExpensesNet": 0,
    "incomeBeforeTax": -219232000,
    "incomeBeforeTaxRatio": -0.2640846682,
    "incomeTaxExpense": 36514000,
    "netIncome": -29393000,
    "netIncomeRatio": -0.035406513,
    "eps": -0.0416,
    "epsdiluted": -0.0416,
    "weightedAverageShsOut": 707382293,
    "weightedAverageShsOutDil": 707382293,
    "link": "https://www.sec.gov/Archives/edgar/data/1393818/000119312522213575/0001193125-22-213575-index.htm",
    "finalLink": "https://www.sec.gov/Archives/edgar/data/1393818/000119312522213575/d344950d10q.htm"
  },
  {
    "date": "2022-03-31",
    "symbol": "BX",
    "reportedCurrency": "USD",
    "cik": "0001393818",
    "fillingDate": "2022-05-05",
    "acceptedDate": "2022-05-05 16:02:55",
    "calendarYear": "2022",
    "period": "Q1",
    "revenue": 3946252000,
    "costOfRevenue": 66747000,
    "grossProfit": 3879505000,
    "grossProfitRatio": 0.9830859763,
    "researchAndDevelopmentExpenses": 0,
    "generalAndAdministrativeExpenses": 242866000,
    "sellingAndMarketingExpenses": 0,
    "sellingGeneralAndAdministrativeExpenses": 242866000,
    "otherExpenses": 655744000,
    "operatingExpenses": 898610000,
    "costAndExpenses": 965357000,
    "interestIncome": 54485000,
    "interestExpense": 66747000,
    "depreciationAndAmortization": 18698000,
    "ebitda": 2999593000,
    "ebitdaratio": 0.7601118732,
    "operatingIncome": 2980895000,
    "operatingIncomeRatio": 0.7553737065,
    "totalOtherIncomeExpensesNet": 0,
    "incomeBeforeTax": 2980895000,
    "incomeBeforeTaxRatio": 0.7553737065,
    "incomeTaxExpense": 483281000,
    "netIncome": 1216874000,
    "netIncomeRatio": 0.3083619597,
    "eps": 1.58,
    "epsdiluted": 1.58,
    "weightedAverageShsOut": 734327015,
    "weightedAverageShsOutDil": 734966915,
    "link": "https://www.sec.gov/Archives/edgar/data/1393818/000119312522142277/0001193125-22-142277-index.htm",
    "finalLink": "https://www.sec.gov/Archives/edgar/data/1393818/000119312522142277/d321316d10q.htm"
  },
  {
    "date": "2021-12-31",
    "symbol": "BX",
    "reportedCurrency": "USD",
    "cik": "0001393818",
    "fillingDate": "2022-02-25",
    "acceptedDate": "2022-02-25 16:18:56",
    "calendarYear": "2021",
    "period": "Q4",
    "revenue": 4291233000,
    "costOfRevenue": 56550000,
    "grossProfit": 4234683000,
    "grossProfitRatio": 0.9868219694,
    "researchAndDevelopmentExpenses": 0,
    "generalAndAdministrativeExpenses": 312632000,
    "sellingAndMarketingExpenses": 0,
    "sellingGeneralAndAdministrativeExpenses": 312632000,
    "otherExpenses": 543988000,
    "operatingExpenses": 856620000,
    "costAndExpenses": 913170000,
    "interestIncome": 63166000,
    "interestExpense": 56550000,
    "depreciationAndAmortization": 18697000,
    "ebitda": 3396760000,
    "ebitdaratio": 0.791558044,
    "operatingIncome": 3378063000,
    "operatingIncomeRatio": 0.7872010212,
    "totalOtherIncomeExpensesNet": 0,
    "incomeBeforeTax": 3378063000,
    "incomeBeforeTaxRatio": 0.7872010212,
    "incomeTaxExpense": 437694000,
    "netIncome": 1398478000,
    "netIncomeRatio": 0.3258918824,
    "eps": 1.91,
    "epsdiluted": 1.91,
    "weightedAverageShsOut": 726445206,
    "weightedAverageShsOutDil": 726445206,
    "link": "https://www.sec.gov/Archives/edgar/data/1393818/000119312522054433/0001193125-22-054433-index.htm",
    "finalLink": "https://www.sec.gov/Archives/edgar/data/1393818/000119312522054433/d299999d10k.htm"
  },
  {
    "date": "2021-09-30",
    "symbol": "BX",
    "reportedCurrency": "USD",
    "cik": "0001393818",
    "fillingDate": "2021-11-04",
    "acceptedDate": "2021-11-04 16:03:28",
    "calendarYear": "2021",
    "period": "Q3",
    "revenue": 4510085000,
    "costOfRevenue": 52413000,
    "grossProfit": 4457672000,
    "grossProfitRatio": 0.9883787113,
    "researchAndDevelopmentExpenses": 0,
    "generalAndAdministrativeExpenses": 219255000,
    "sellingAndMarketingExpenses": 0,
    "sellingGeneralAndAdministrativeExpenses": 219255000,
    "otherExpenses": 573520000,
    "operatingExpenses": 792775000,
    "costAndExpenses": 845188000,
    "interestIncome": 35048000,
    "interestExpense": 52413000,
    "depreciationAndAmortization": 18698000,
    "ebitda": 3683595000,
    "ebitdaratio": 0.8167462476,
    "operatingIncome": 3664897000,
    "operatingIncomeRatio": 0.8126004277,
    "totalOtherIncomeExpensesNet": 0,
    "incomeBeforeTax": 3664897000,
    "incomeBeforeTaxRatio": 0.8126004277,
    "incomeTaxExpense": 458904000,
    "netIncome": 1401895000,
    "netIncomeRatio": 0.3108356051,
    "eps": 1.94,
    "epsdiluted": 1.94,
    "weightedAverageShsOut": 722229117,
    "weightedAverageShsOutDil": 722433099,
    "link": "https://www.sec.gov/Archives/edgar/data/1393818/000119312521320119/0001193125-21-320119-index.htm",
    "finalLink": "https://www.sec.gov/Archives/edgar/data/1393818/000119312521320119/d164309d10q.htm"
  },
  {
    "date": "2021-06-30",
    "symbol": "BX",
    "reportedCurrency": "USD",
    "cik": "0001393818",
    "fillingDate": "2021-08-06",
    "acceptedDate": "2021-08-06 16:03:02",
    "calendarYear": "2021",
    "period": "Q2",
    "revenue": 3906397000,
    "costOfRevenue": 44322000,
    "grossProfit": 3862075000,
    "grossProfitRatio": 0.988653995,
    "researchAndDevelopmentExpenses": 0,
    "generalAndAdministrativeExpenses": 208831000,
    "sellingAndMarketingExpenses": 0,
    "sellingGeneralAndAdministrativeExpenses": 208831000,
    "otherExpenses": 507496000,
    "operatingExpenses": 716327000,
    "costAndExpenses": 760649000,
    "interestIncome": 31017000,
    "interestExpense": 44322000,
    "depreciationAndAmortization": 18698000,
    "ebitda": 3164446000,
    "ebitdaratio": 0.8100676915,
    "operatingIncome": 3145748000,
    "operatingIncomeRatio": 0.8052811837,
    "totalOtherIncomeExpensesNet": 0,
    "incomeBeforeTax": 3145748000,
    "incomeBeforeTaxRatio": 0.8052811837,
    "incomeTaxExpense": 288250000,
    "netIncome": 1309152000,
    "netIncomeRatio": 0.3351303004,
    "eps": 1.82,
    "epsdiluted": 1.82,
    "weightedAverageShsOut": 721141954,
    "weightedAverageShsOutDil": 721265180,
    "link": "https://www.sec.gov/Archives/edgar/data/1393818/000119312521239233/0001193125-21-239233-index.htm",
    "finalLink": "https://www.sec.gov/Archives/edgar/data/1393818/000119312521239233/d188135d10q.htm"
  },
  {
    "date": "2021-03-31",
    "symbol": "BX",
    "reportedCurrency": "USD",
    "cik": "0001393818",
    "fillingDate": "2021-05-07",
    "acceptedDate": "2021-05-07 16:03:53",
    "calendarYear": "2021",
    "period": "Q1",
    "revenue": 4142904000,
    "costOfRevenue": 44983000,
    "grossProfit": 4097921000,
    "grossProfitRatio": 0.9891421573,
    "researchAndDevelopmentExpenses": 0,
    "generalAndAdministrativeExpenses": 187505000,
    "sellingAndMarketingExpenses": 0,
    "sellingGeneralAndAdministrativeExpenses": 187505000,
    "otherExpenses": 539728000,
    "operatingExpenses": 727233000,
    "costAndExpenses": 772216000,
    "interestIncome": 31412000,
    "interestExpense": 44983000,
    "depreciationAndAmortization": 18778000,
    "ebitda": 3389466000,
    "ebitdaratio": 0.8181377121,
    "operatingIncome": 3370688000,
    "operatingIncomeRatio": 0.8136051427,
    "totalOtherIncomeExpensesNet": 0,
    "incomeBeforeTax": 3370688000,
    "incomeBeforeTaxRatio": 0.8136051427,
    "incomeTaxExpense": -447000,
    "netIncome": 1747872000,
    "netIncomeRatio": 0.4218953661,
    "eps": 2.46,
    "epsdiluted": 2.46,
    "weightedAverageShsOut": 709033212,
    "weightedAverageShsOutDil": 709912344,
    "link": "https://www.sec.gov/Archives/edgar/data/1393818/000119312521154893/0001193125-21-154893-index.htm",
    "finalLink": "https://www.sec.gov/Archives/edgar/data/1393818/000119312521154893/d174285d10q.htm"
  },
  {
    "date": "2020-12-31",
    "symbol": "BX",
    "reportedCurrency": "USD",
    "cik": "0001393818",
    "fillingDate": "2021-02-26",
    "acceptedDate": "2021-02-26 16:06:18",
    "calendarYear": "2020",
    "period": "Q4",
    "revenue": 2829041000,
    "costOfRevenue": 45702000,
    "grossProfit": 2783339000,
    "grossProfitRatio": 0.9838454091,
    "researchAndDevelopmentExpenses": 0,
    "generalAndAdministrativeExpenses": 216026000,
    "sellingAndMarketingExpenses": 0,
    "sellingGeneralAndAdministrativeExpenses": 216026000,
    "otherExpenses": 486807000,
    "operatingExpenses": 702833000,
    "costAndExpenses": 748535000,
    "interestIncome": 39726000,
    "interestExpense": 45702000,
    "depreciationAndAmortization": 17803000,
    "ebitda": 2098309000,
    "ebitdaratio": 0.7417032839,
    "operatingIncome": 2080506000,
    "operatingIncomeRatio": 0.7354103387,
    "totalOtherIncomeExpensesNet": 0,
    "incomeBeforeTax": 2080506000,
    "incomeBeforeTaxRatio": 0.7354103387,
    "incomeTaxExpense": 266342000,
    "netIncome": 748870000,
    "netIncomeRatio": 0.264708076,
    "eps": 1.06,
    "epsdiluted": 1.06,
    "weightedAverageShsOut": 700184580,
    "weightedAverageShsOutDil": 700184580,
    "link": "https://www.sec.gov/Archives/edgar/data/1393818/000119312521060361/0001193125-21-060361-index.htm",
    "finalLink": "https://www.sec.gov/Archives/edgar/data/1393818/000119312521060361/d105584d10k.htm"
  },
  {
    "date": "2020-09-30",
    "symbol": "BX",
    "reportedCurrency": "USD",
    "cik": "0001393818",
    "fillingDate": "2020-11-06",
    "acceptedDate": "2020-11-06 16:09:37",
    "calendarYear": "2020",
    "period": "Q3",
    "revenue": 2482642000,
    "costOfRevenue": 39540000,
    "grossProfit": 2443102000,
    "grossProfitRatio": 0.9840734186,
    "researchAndDevelopmentExpenses": 0,
    "generalAndAdministrativeExpenses": 173315000,
    "sellingAndMarketingExpenses": 0,
    "sellingGeneralAndAdministrativeExpenses": 173315000,
    "otherExpenses": 468676000,
    "operatingExpenses": 641991000,
    "costAndExpenses": 681531000,
    "interestIncome": 26497000,
    "interestExpense": 39540000,
    "depreciationAndAmortization": 17750000,
    "ebitda": 1818861000,
    "ebitdaratio": 0.732631205,
    "operatingIncome": 1801111000,
    "operatingIncomeRatio": 0.7254815636,
    "totalOtherIncomeExpensesNet": 0,
    "incomeBeforeTax": 1801111000,
    "incomeBeforeTaxRatio": 0.7254815636,
    "incomeTaxExpense": 100960000,
    "netIncome": 794719000,
    "netIncomeRatio": 0.3201101891,
    "eps": 1.13,
    "epsdiluted": 1.13,
    "weightedAverageShsOut": 700184580,
    "weightedAverageShsOutDil": 700527966,
    "link": "https://www.sec.gov/Archives/edgar/data/1393818/000119312520287978/0001193125-20-287978-index.htm",
    "finalLink": "https://www.sec.gov/Archives/edgar/data/1393818/000119312520287978/d19352d10q.htm"
  },
  {
    "date": "2020-06-30",
    "symbol": "BX",
    "reportedCurrency": "USD",
    "cik": "0001393818",
    "fillingDate": "2020-08-07",
    "acceptedDate": "2020-08-07 19:59:04",
    "calendarYear": "2020",
    "period": "Q2",
    "revenue": 2172552000,
    "costOfRevenue": 39276000,
    "grossProfit": 2133276000,
    "grossProfitRatio": 0.9819217216,
    "researchAndDevelopmentExpenses": 0,
    "generalAndAdministrativeExpenses": 173134000,
    "sellingAndMarketingExpenses": 0,
    "sellingGeneralAndAdministrativeExpenses": 173134000,
    "otherExpenses": 458381000,
    "operatingExpenses": 631515000,
    "costAndExpenses": 670791000,
    "interestIncome": 23924000,
    "interestExpense": 39276000,
    "depreciationAndAmortization": 17750000,
    "ebitda": 1519511000,
    "ebitdaratio": 0.6994129485,
    "operatingIncome": 1501761000,
    "operatingIncomeRatio": 0.6912428333,
    "totalOtherIncomeExpensesNet": 0,
    "incomeBeforeTax": 1501761000,
    "incomeBeforeTaxRatio": 0.6912428333,
    "incomeTaxExpense": 147415000,
    "netIncome": 568266000,
    "netIncomeRatio": 0.2615661213,
    "eps": 0.81,
    "epsdiluted": 0.81,
    "weightedAverageShsOut": 698534168,
    "weightedAverageShsOutDil": 602205979,
    "link": "https://www.sec.gov/Archives/edgar/data/1393818/000119312520213629/0001193125-20-213629-index.htm",
    "finalLink": "https://www.sec.gov/Archives/edgar/data/1393818/000119312520213629/d26758d10q.htm"
  },
  {
    "date": "2020-03-31",
    "symbol": "BX",
    "reportedCurrency": "USD",
    "cik": "0001393818",
    "fillingDate": "2020-05-08",
    "acceptedDate": "2020-05-08 16:14:15",
    "calendarYear": "2020",
    "period": "Q1",
    "revenue": -2084905000,
    "costOfRevenue": 41644000,
    "grossProfit": -2126549000,
    "grossProfitRatio": 1.0199740516,
    "researchAndDevelopmentExpenses": 0,
    "generalAndAdministrativeExpenses": 162171000,
    "sellingAndMarketingExpenses": 0,
    "sellingGeneralAndAdministrativeExpenses": 162171000,
    "otherExpenses": 477138000,
    "operatingExpenses": 639309000,
    "costAndExpenses": 680953000,
    "interestIncome": 35084000,
    "interestExpense": 41644000,
    "depreciationAndAmortization": 17750000,
    "ebitda": -2748108000,
    "ebitdaratio": 1.3180974673,
    "operatingIncome": -2765858000,
    "operatingIncomeRatio": 1.3266110446,
    "totalOtherIncomeExpensesNet": 0,
    "incomeBeforeTax": -2765858000,
    "incomeBeforeTaxRatio": 1.3266110446,
    "incomeTaxExpense": -158703000,
    "netIncome": -1066492000,
    "netIncomeRatio": 0.5115302616,
    "eps": -1.55,
    "epsdiluted": -1.55,
    "weightedAverageShsOut": 674995363,
    "weightedAverageShsOutDil": 676305359,
    "link": "https://www.sec.gov/Archives/edgar/data/1393818/000119312520137560/0001193125-20-137560-index.htm",
    "finalLink": "https://www.sec.gov/Archives/edgar/data/1393818/000119312520137560/d920035d10q.htm"
  },
  {
    "date": "2019-12-31",
    "symbol": "BX",
    "reportedCurrency": "USD",
    "cik": "0001393818",
    "fillingDate": "2020-02-28",
    "acceptedDate": "2020-02-28 17:00:08",
    "calendarYear": "2019",
    "period": "Q4",
    "revenue": 1720910000,
    "costOfRevenue": 60688000,
    "grossProfit": 1660222000,
    "grossProfitRatio": 0.9647349367,
    "researchAndDevelopmentExpenses": 0,
    "generalAndAdministrativeExpenses": 192200000,
    "sellingAndMarketingExpenses": 0,
    "sellingGeneralAndAdministrativeExpenses": 192200000,
    "otherExpenses": 460685000,
    "operatingExpenses": 652885000,
    "costAndExpenses": 713573000,
    "interestIncome": 52146000,
    "interestExpense": 60688000,
    "depreciationAndAmortization": 17749000,
    "ebitda": 1025086000,
    "ebitdaratio": 0.5956650842,
    "operatingIncome": 1007337000,
    "operatingIncomeRatio": 0.5853513548,
    "totalOtherIncomeExpensesNet": 0,
    "incomeBeforeTax": 1007337000,
    "incomeBeforeTaxRatio": 0.5853513548,
    "incomeTaxExpense": 28943000,
    "netIncome": 483149000,
    "netIncomeRatio": 0.280752044,
    "eps": 0.71,
    "epsdiluted": 0.71,
    "weightedAverageShsOut": 676305359,
    "weightedAverageShsOutDil": 676305359,
    "link": "https://www.sec.gov/Archives/edgar/data/1393818/000119312520056733/0001193125-20-056733-index.htm",
    "finalLink": "https://www.sec.gov/Archives/edgar/data/1393818/000119312520056733/d844019d10k.htm"
  },
  {
    "date": "2019-09-30",
    "symbol": "BX",
    "reportedCurrency": "USD",
    "cik": "0001393818",
    "fillingDate": "2019-11-08",
    "acceptedDate": "2019-11-08 16:05:43",
    "calendarYear": "2019",
    "period": "Q3",
    "revenue": 1527574000,
    "costOfRevenue": 53362000,
    "grossProfit": 1474212000,
    "grossProfitRatio": 0.9650674861,
    "researchAndDevelopmentExpenses": 0,
    "generalAndAdministrativeExpenses": 175103000,
    "sellingAndMarketingExpenses": 0,
    "sellingGeneralAndAdministrativeExpenses": 175103000,
    "otherExpenses": 288160000,
    "operatingExpenses": 463263000,
    "costAndExpenses": 516625000,
    "interestIncome": 42482000,
    "interestExpense": 53362000,
    "depreciationAndAmortization": 17750000,
    "ebitda": 1028699000,
    "ebitdaratio": 0.6734200765,
    "operatingIncome": 1010949000,
    "operatingIncomeRatio": 0.6618003449,
    "totalOtherIncomeExpensesNet": 0,
    "incomeBeforeTax": 1010949000,
    "incomeBeforeTaxRatio": 0.6618003449,
    "incomeTaxExpense": -156786000,
    "netIncome": 779437000,
    "netIncomeRatio": 0.5102450029,
    "eps": 1.15,
    "epsdiluted": 1.15,
    "weightedAverageShsOut": 675963129,
    "weightedAverageShsOutDil": 676219758,
    "link": "https://www.sec.gov/Archives/edgar/data/1393818/000119312519288342/0001193125-19-288342-index.htm",
    "finalLink": "https://www.sec.gov/Archives/edgar/data/1393818/000119312519288342/d798763d10q.htm"
  },
  {
    "date": "2019-06-30",
    "symbol": "BX",
    "reportedCurrency": "USD",
    "cik": "0001393818",
    "fillingDate": "2019-08-08",
    "acceptedDate": "2019-08-08 16:05:28",
    "calendarYear": "2019",
    "period": "Q2",
    "revenue": 1348708000,
    "costOfRevenue": 43596000,
    "grossProfit": 1305112000,
    "grossProfitRatio": 0.9676757311,
    "researchAndDevelopmentExpenses": 0,
    "generalAndAdministrativeExpenses": 180894000,
    "sellingAndMarketingExpenses": 0,
    "sellingGeneralAndAdministrativeExpenses": 180894000,
    "otherExpenses": 438521000,
    "operatingExpenses": 619415000,
    "costAndExpenses": 663011000,
    "interestIncome": 43686000,
    "interestExpense": 43596000,
    "depreciationAndAmortization": 17750000,
    "ebitda": 703447000,
    "ebitdaratio": 0.5215710146,
    "operatingIncome": 685697000,
    "operatingIncomeRatio": 0.5084102712,
    "totalOtherIncomeExpensesNet": 0,
    "incomeBeforeTax": 685697000,
    "incomeBeforeTaxRatio": 0.5084102712,
    "incomeTaxExpense": 38736000,
    "netIncome": 305792000,
    "netIncomeRatio": 0.2267295812,
    "eps": 0.45,
    "epsdiluted": 0.45,
    "weightedAverageShsOut": 673655305,
    "weightedAverageShsOutDil": 673985944,
    "link": "https://www.sec.gov/Archives/edgar/data/1393818/000119312519216805/0001193125-19-216805-index.htm",
    "finalLink": "https://www.sec.gov/Archives/edgar/data/1393818/000119312519216805/d754433d10q.htm"
  },
  {
    "date": "2019-03-31",
    "symbol": "BX",
    "reportedCurrency": "USD",
    "cik": "0001393818",
    "fillingDate": "2019-05-09",
    "acceptedDate": "2019-05-09 16:04:05",
    "calendarYear": "2019",
    "period": "Q1",
    "revenue": 1776380000,
    "costOfRevenue": 42002000,
    "grossProfit": 1734378000,
    "grossProfitRatio": 0.9763552843,
    "researchAndDevelopmentExpenses": 0,
    "generalAndAdministrativeExpenses": 148949000,
    "sellingAndMarketingExpenses": 0,
    "sellingGeneralAndAdministrativeExpenses": 148949000,
    "otherExpenses": 471397000,
    "operatingExpenses": 620346000,
    "costAndExpenses": 662348000,
    "interestIncome": 44084000,
    "interestExpense": 42002000,
    "depreciationAndAmortization": 17750000,
    "ebitda": 1131782000,
    "ebitdaratio": 0.6371283171,
    "operatingIncome": 1114032000,
    "operatingIncomeRatio": 0.6271360857,
    "totalOtherIncomeExpensesNet": 0,
    "incomeBeforeTax": 1114032000,
    "incomeBeforeTaxRatio": 0.6271360857,
    "incomeTaxExpense": 41155000,
    "netIncome": 481304000,
    "netIncomeRatio": 0.2709465317,
    "eps": 0.71,
    "epsdiluted": 0.71,
    "weightedAverageShsOut": 674507698,
    "weightedAverageShsOutDil": 600240120,
    "link": "https://www.sec.gov/Archives/edgar/data/1393818/000119312519142951/0001193125-19-142951-index.htm",
    "finalLink": "https://www.sec.gov/Archives/edgar/data/1393818/000119312519142951/d709126d10q.htm"
  },
  {
    "date": "2018-12-31",
    "symbol": "BX",
    "reportedCurrency": "USD",
    "cik": "0001393818",
    "fillingDate": "2019-03-01",
    "acceptedDate": "2019-03-01 16:21:20",
    "calendarYear": "2018",
    "period": "Q4",
    "revenue": 526178000,
    "costOfRevenue": 44644000,
    "grossProfit": 481534000,
    "grossProfitRatio": 0.9151541874,
    "researchAndDevelopmentExpenses": 0,
    "generalAndAdministrativeExpenses": 157096000,
    "sellingAndMarketingExpenses": 0,
    "sellingGeneralAndAdministrativeExpenses": 157096000,
    "otherExpenses": 373790000,
    "operatingExpenses": 530886000,
    "costAndExpenses": 575530000,
    "interestIncome": 47885000,
    "interestExpense": 44644000,
    "depreciationAndAmortization": 15561000,
    "ebitda": -33791000,
    "ebitdaratio": -0.0642197127,
    "operatingIncome": -49352000,
    "operatingIncomeRatio": -0.0937933551,
    "totalOtherIncomeExpensesNet": 0,
    "incomeBeforeTax": -49352000,
    "incomeBeforeTaxRatio": -0.0937933551,
    "incomeTaxExpense": 29366000,
    "netIncome": -10868000,
    "netIncomeRatio": -0.0206546074,
    "eps": -0.0161,
    "epsdiluted": -0.0161,
    "weightedAverageShsOut": 674507698,
    "weightedAverageShsOutDil": 674507698,
    "link": "https://www.sec.gov/Archives/edgar/data/1393818/000119312519061011/0001193125-19-061011-index.htm",
    "finalLink": "https://www.sec.gov/Archives/edgar/data/1393818/000119312519061011/d663205d10k.htm"
  },
  {
    "date": "2018-09-30",
    "symbol": "BX",
    "reportedCurrency": "USD",
    "cik": "0001393818",
    "fillingDate": "2018-11-07",
    "acceptedDate": "2018-11-07 16:04:03",
    "calendarYear": "2018",
    "period": "Q3",
    "revenue": 1607541000,
    "costOfRevenue": 41355000,
    "grossProfit": 1566186000,
    "grossProfitRatio": 0.9742743731,
    "researchAndDevelopmentExpenses": 0,
    "generalAndAdministrativeExpenses": 171115000,
    "sellingAndMarketingExpenses": 0,
    "sellingGeneralAndAdministrativeExpenses": 171115000,
    "otherExpenses": 419285000,
    "operatingExpenses": 590400000,
    "costAndExpenses": 631755000,
    "interestIncome": 48604000,
    "interestExpense": 41355000,
    "depreciationAndAmortization": 14476000,
    "ebitda": 990262000,
    "ebitdaratio": 0.6160104159,
    "operatingIncome": 975786000,
    "operatingIncomeRatio": 0.6070053579,
    "totalOtherIncomeExpensesNet": 0,
    "incomeBeforeTax": 975786000,
    "incomeBeforeTaxRatio": 0.6070053579,
    "incomeTaxExpense": 26798000,
    "netIncome": 442742000,
    "netIncomeRatio": 0.2754156815,
    "eps": 0.65,
    "epsdiluted": 0.64,
    "weightedAverageShsOut": 682435177,
    "weightedAverageShsOutDil": 602938992,
    "link": "https://www.sec.gov/Archives/edgar/data/1393818/000119312518320873/0001193125-18-320873-index.htm",
    "finalLink": "https://www.sec.gov/Archives/edgar/data/1393818/000119312518320873/d634746d10q.htm"
  },
  {
    "date": "2018-06-30",
    "symbol": "BX",
    "reportedCurrency": "USD",
    "cik": "0001393818",
    "fillingDate": "2018-08-08",
    "acceptedDate": "2018-08-08 16:07:54",
    "calendarYear": "2018",
    "period": "Q2",
    "revenue": 2319957000,
    "costOfRevenue": 39320000,
    "grossProfit": 2280637000,
    "grossProfitRatio": 0.98305141,
    "researchAndDevelopmentExpenses": 0,
    "generalAndAdministrativeExpenses": 163450000,
    "sellingAndMarketingExpenses": 0,
    "sellingGeneralAndAdministrativeExpenses": 163450000,
    "otherExpenses": 427479000,
    "operatingExpenses": 590929000,
    "costAndExpenses": 630249000,
    "interestIncome": 40073000,
    "interestExpense": 39320000,
    "depreciationAndAmortization": 14492000,
    "ebitda": 1704200000,
    "ebitdaratio": 0.7345825806,
    "operatingIncome": 1689708000,
    "operatingIncomeRatio": 0.7283359131,
    "totalOtherIncomeExpensesNet": 0,
    "incomeBeforeTax": 1689708000,
    "incomeBeforeTaxRatio": 0.7283359131,
    "incomeTaxExpense": 138731000,
    "netIncome": 742042000,
    "netIncomeRatio": 0.3198516179,
    "eps": 1.09,
    "epsdiluted": 1.09,
    "weightedAverageShsOut": 681794492,
    "weightedAverageShsOutDil": 682010610,
    "link": "https://www.sec.gov/Archives/edgar/data/1393818/000119312518242726/0001193125-18-242726-index.htm",
    "finalLink": "https://www.sec.gov/Archives/edgar/data/1393818/000119312518242726/d704423d10q.htm"
  },
  {
    "date": "2018-03-31",
    "symbol": "BX",
    "reportedCurrency": "USD",
    "cik": "0001393818",
    "fillingDate": "2018-05-08",
    "acceptedDate": "2018-05-08 16:03:27",
    "calendarYear": "2018",
    "period": "Q1",
    "revenue": 1506571000,
    "costOfRevenue": 38671000,
    "grossProfit": 1467900000,
    "grossProfitRatio": 0.9743317773,
    "researchAndDevelopmentExpenses": 0,
    "generalAndAdministrativeExpenses": 181698000,
    "sellingAndMarketingExpenses": 0,
    "sellingGeneralAndAdministrativeExpenses": 181698000,
    "otherExpenses": 389403000,
    "operatingExpenses": 571101000,
    "costAndExpenses": 609772000,
    "interestIncome": 35385000,
    "interestExpense": 38671000,
    "depreciationAndAmortization": 14492000,
    "ebitda": 911291000,
    "ebitdaratio": 0.6048775663,
    "operatingIncome": 896799000,
    "operatingIncomeRatio": 0.5952583715,
    "totalOtherIncomeExpensesNet": 0,
    "incomeBeforeTax": 896799000,
    "incomeBeforeTaxRatio": 0.5952583715,
    "incomeTaxExpense": 54495000,
    "netIncome": 367872000,
    "netIncomeRatio": 0.2441783361,
    "eps": 0.55,
    "epsdiluted": 0.53,
    "weightedAverageShsOut": 674479140,
    "weightedAverageShsOutDil": 605286927,
    "link": "https://www.sec.gov/Archives/edgar/data/1393818/000119312518155958/0001193125-18-155958-index.htm",
    "finalLink": "https://www.sec.gov/Archives/edgar/data/1393818/000119312518155958/d572574d10q.htm"
  },
  {
    "date": "2017-12-31",
    "symbol": "BX",
    "reportedCurrency": "USD",
    "cik": "0001393818",
    "fillingDate": "2018-03-01",
    "acceptedDate": "2018-03-01 16:03:33",
    "calendarYear": "2017",
    "period": "Q4",
    "revenue": 1964161000,
    "costOfRevenue": 453774000,
    "grossProfit": 1510387000,
    "grossProfitRatio": 0.7689731137,
    "researchAndDevelopmentExpenses": 0,
    "generalAndAdministrativeExpenses": 161928000,
    "sellingAndMarketingExpenses": 0,
    "sellingGeneralAndAdministrativeExpenses": 161928000,
    "otherExpenses": -10675000,
    "operatingExpenses": 151253000,
    "costAndExpenses": 605027000,
    "interestIncome": 953972000,
    "interestExpense": 453774000,
    "depreciationAndAmortization": 13885000,
    "ebitda": 1373019000,
    "ebitdaratio": 0.6990358733,
    "operatingIncome": 1359134000,
    "operatingIncomeRatio": 0.6919666972,
    "totalOtherIncomeExpensesNet": 0,
    "incomeBeforeTax": 1359134000,
    "incomeBeforeTaxRatio": 0.6919666972,
    "incomeTaxExpense": 596590000,
    "netIncome": 281588000,
    "netIncomeRatio": 0.1433629932,
    "eps": 0.45,
    "epsdiluted": -0.9,
    "weightedAverageShsOut": 668817896,
    "weightedAverageShsOutDil": 674479140,
    "link": "https://www.sec.gov/Archives/edgar/data/1393818/000119312518067079/0001193125-18-067079-index.htm",
    "finalLink": "https://www.sec.gov/Archives/edgar/data/1393818/000119312518067079/d522506d10k.htm"
  },
  {
    "date": "2017-09-30",
    "symbol": "BX",
    "reportedCurrency": "USD",
    "cik": "0001393818",
    "fillingDate": "2017-11-07",
    "acceptedDate": "2017-11-07 16:07:50",
    "calendarYear": "2017",
    "period": "Q3",
    "revenue": 1442435000,
    "costOfRevenue": 41545000,
    "grossProfit": 1400890000,
    "grossProfitRatio": 0.9711980089,
    "researchAndDevelopmentExpenses": 0,
    "generalAndAdministrativeExpenses": 147386000,
    "sellingAndMarketingExpenses": 0,
    "sellingGeneralAndAdministrativeExpenses": 147386000,
    "otherExpenses": 359209000,
    "operatingExpenses": 506595000,
    "costAndExpenses": 548140000,
    "interestIncome": 36974000,
    "interestExpense": 41545000,
    "depreciationAndAmortization": 10964000,
    "ebitda": 905259000,
    "ebitdaratio": 0.6275908446,
    "operatingIncome": 894295000,
    "operatingIncomeRatio": 0.6199898089,
    "totalOtherIncomeExpensesNet": 0,
    "incomeBeforeTax": 894295000,
    "incomeBeforeTaxRatio": 0.6199898089,
    "incomeTaxExpense": 59512000,
    "netIncome": 377920000,
    "netIncomeRatio": 0.2620014073,
    "eps": 0.57,
    "epsdiluted": 0.55,
    "weightedAverageShsOut": 667384727,
    "weightedAverageShsOutDil": 600251146,
    "link": "https://www.sec.gov/Archives/edgar/data/1393818/000119312517335723/0001193125-17-335723-index.htm",
    "finalLink": "https://www.sec.gov/Archives/edgar/data/1393818/000119312517335723/d464423d10q.htm"
  },
  {
    "date": "2017-06-30",
    "symbol": "BX",
    "reportedCurrency": "USD",
    "cik": "0001393818",
    "fillingDate": "2017-08-08",
    "acceptedDate": "2017-08-08 16:03:41",
    "calendarYear": "2017",
    "period": "Q2",
    "revenue": 1342100000,
    "costOfRevenue": 41089000,
    "grossProfit": 1301011000,
    "grossProfitRatio": 0.9693845466,
    "researchAndDevelopmentExpenses": 0,
    "generalAndAdministrativeExpenses": 169221000,
    "sellingAndMarketingExpenses": 0,
    "sellingGeneralAndAdministrativeExpenses": 169221000,
    "otherExpenses": 367203000,
    "operatingExpenses": 536424000,
    "costAndExpenses": 577513000,
    "interestIncome": 33703000,
    "interestExpense": 41089000,
    "depreciationAndAmortization": 10963000,
    "ebitda": 775550000,
    "ebitdaratio": 0.5778630504,
    "operatingIncome": 764587000,
    "operatingIncomeRatio": 0.5696945086,
    "totalOtherIncomeExpensesNet": 0,
    "incomeBeforeTax": 764587000,
    "incomeBeforeTaxRatio": 0.5696945086,
    "incomeTaxExpense": 29608000,
    "netIncome": 337407000,
    "netIncomeRatio": 0.25140228,
    "eps": 0.51,
    "epsdiluted": 0.5,
    "weightedAverageShsOut": 664681299,
    "weightedAverageShsOutDil": 600003170,
    "link": "https://www.sec.gov/Archives/edgar/data/1393818/000119312517251308/0001193125-17-251308-index.htm",
    "finalLink": "https://www.sec.gov/Archives/edgar/data/1393818/000119312517251308/d415113d10q.htm"
  },
  {
    "date": "2017-03-31",
    "symbol": "BX",
    "reportedCurrency": "USD",
    "cik": "0001393818",
    "fillingDate": "2017-05-09",
    "acceptedDate": "2017-05-09 16:05:41",
    "calendarYear": "2017",
    "period": "Q1",
    "revenue": 1584374000,
    "costOfRevenue": 40246000,
    "grossProfit": 1544128000,
    "grossProfitRatio": 0.9745981694,
    "researchAndDevelopmentExpenses": 0,
    "generalAndAdministrativeExpenses": 133462000,
    "sellingAndMarketingExpenses": 0,
    "sellingGeneralAndAdministrativeExpenses": 133462000,
    "otherExpenses": 351589000,
    "operatingExpenses": 485051000,
    "costAndExpenses": 525297000,
    "interestIncome": 28495000,
    "interestExpense": 40246000,
    "depreciationAndAmortization": 10964000,
    "ebitda": 1070041000,
    "ebitdaratio": 0.6753714716,
    "operatingIncome": 1059077000,
    "operatingIncomeRatio": 0.6684513884,
    "totalOtherIncomeExpensesNet": 0,
    "incomeBeforeTax": 1059077000,
    "incomeBeforeTaxRatio": 0.6684513884,
    "incomeTaxExpense": 57437000,
    "netIncome": 451909000,
    "netIncomeRatio": 0.2852287402,
    "eps": 0.68,
    "epsdiluted": 0.68,
    "weightedAverageShsOut": 660939708,
    "weightedAverageShsOutDil": 599753492,
    "link": "https://www.sec.gov/Archives/edgar/data/1393818/000119312517164159/0001193125-17-164159-index.htm",
    "finalLink": "https://www.sec.gov/Archives/edgar/data/1393818/000119312517164159/d377864d10q.htm"
  },
  {
    "date": "2016-12-31",
    "symbol": "BX",
    "reportedCurrency": "USD",
    "cik": "0001393818",
    "fillingDate": "2017-02-24",
    "acceptedDate": "2017-02-24 16:06:59",
    "calendarYear": "2016",
    "period": "Q4",
    "revenue": 1642879000,
    "costOfRevenue": 320176000,
    "grossProfit": 1322703000,
    "grossProfitRatio": 0.8051128537,
    "researchAndDevelopmentExpenses": 0,
    "generalAndAdministrativeExpenses": 165186000,
    "sellingAndMarketingExpenses": 0,
    "sellingGeneralAndAdministrativeExpenses": 165186000,
    "otherExpenses": 339122000,
    "operatingExpenses": 504308000,
    "costAndExpenses": 824484000,
    "interestIncome": 683965000,
    "interestExpense": 320176000,
    "depreciationAndAmortization": 15615000,
    "ebitda": 834010000,
    "ebitdaratio": 0.5076515069,
    "operatingIncome": 818395000,
    "operatingIncomeRatio": 0.4981468507,
    "totalOtherIncomeExpensesNet": 0,
    "incomeBeforeTax": 818395000,
    "incomeBeforeTaxRatio": 0.4981468507,
    "incomeTaxExpense": 48087000,
    "netIncome": 367951000,
    "netIncomeRatio": 0.2239671942,
    "eps": 0.56,
    "epsdiluted": 0.56,
    "weightedAverageShsOut": 655115489,
    "weightedAverageShsOutDil": 660939708,
    "link": "https://www.sec.gov/Archives/edgar/data/1393818/000119312517056300/0001193125-17-056300-index.htm",
    "finalLink": "https://www.sec.gov/Archives/edgar/data/1393818/000119312517056300/d280098d10k.htm"
  },
  {
    "date": "2016-09-30",
    "symbol": "BX",
    "reportedCurrency": "USD",
    "cik": "0001393818",
    "fillingDate": "2016-11-08",
    "acceptedDate": "2016-11-08 16:02:53",
    "calendarYear": "2016",
    "period": "Q3",
    "revenue": 1493080000,
    "costOfRevenue": 275749000,
    "grossProfit": 1217331000,
    "grossProfitRatio": 0.8153153213,
    "researchAndDevelopmentExpenses": 0,
    "generalAndAdministrativeExpenses": 139450000,
    "sellingAndMarketingExpenses": 0,
    "sellingGeneralAndAdministrativeExpenses": 139450000,
    "otherExpenses": 358578000,
    "operatingExpenses": 498028000,
    "costAndExpenses": 773777000,
    "interestIncome": 632011000,
    "interestExpense": 275749000,
    "depreciationAndAmortization": 21673000,
    "ebitda": 740976000,
    "ebitdaratio": 0.496273475,
    "operatingIncome": 719303000,
    "operatingIncomeRatio": 0.4817578428,
    "totalOtherIncomeExpensesNet": 0,
    "incomeBeforeTax": 719303000,
    "incomeBeforeTaxRatio": 0.4817578428,
    "incomeTaxExpense": 27714000,
    "netIncome": 312905000,
    "netIncomeRatio": 0.2095701503,
    "eps": 0.48,
    "epsdiluted": 0.47,
    "weightedAverageShsOut": 650917510,
    "weightedAverageShsOutDil": 597902658,
    "link": "https://www.sec.gov/Archives/edgar/data/1393818/000119312516762944/0001193125-16-762944-index.htm",
    "finalLink": "https://www.sec.gov/Archives/edgar/data/1393818/000119312516762944/d284756d10q.htm"
  },
  {
    "date": "2016-06-30",
    "symbol": "BX",
    "reportedCurrency": "USD",
    "cik": "0001393818",
    "fillingDate": "2016-08-04",
    "acceptedDate": "2016-08-04 16:04:47",
    "calendarYear": "2016",
    "period": "Q2",
    "revenue": 1223129000,
    "costOfRevenue": 199660000,
    "grossProfit": 1023469000,
    "grossProfitRatio": 0.8367629253,
    "researchAndDevelopmentExpenses": 0,
    "generalAndAdministrativeExpenses": 139580000,
    "sellingAndMarketingExpenses": 0,
    "sellingGeneralAndAdministrativeExpenses": 139580000,
    "otherExpenses": 373363000,
    "operatingExpenses": 512943000,
    "costAndExpenses": 712603000,
    "interestIncome": 434312000,
    "interestExpense": 199660000,
    "depreciationAndAmortization": 22827000,
    "ebitda": 533353000,
    "ebitdaratio": 0.4360562132,
    "operatingIncome": 510526000,
    "operatingIncomeRatio": 0.4173934229,
    "totalOtherIncomeExpensesNet": 0,
    "incomeBeforeTax": 510526000,
    "incomeBeforeTaxRatio": 0.4173934229,
    "incomeTaxExpense": 47415000,
    "netIncome": 198626000,
    "netIncomeRatio": 0.1623917019,
    "eps": 0.31,
    "epsdiluted": 0.3,
    "weightedAverageShsOut": 646933698,
    "weightedAverageShsOutDil": 597239106,
    "link": "https://www.sec.gov/Archives/edgar/data/1393818/000119312516671763/0001193125-16-671763-index.htm",
    "finalLink": "https://www.sec.gov/Archives/edgar/data/1393818/000119312516671763/d229830d10q.htm"
  },
  {
    "date": "2016-03-31",
    "symbol": "BX",
    "reportedCurrency": "USD",
    "cik": "0001393818",
    "fillingDate": "2016-05-05",
    "acceptedDate": "2016-05-05 16:06:50",
    "calendarYear": "2016",
    "period": "Q1",
    "revenue": 951496000,
    "costOfRevenue": 125861000,
    "grossProfit": 825635000,
    "grossProfitRatio": 0.8677230382,
    "researchAndDevelopmentExpenses": 0,
    "generalAndAdministrativeExpenses": 128274000,
    "sellingAndMarketingExpenses": 0,
    "sellingGeneralAndAdministrativeExpenses": 128274000,
    "otherExpenses": 363575000,
    "operatingExpenses": 491849000,
    "costAndExpenses": 617710000,
    "interestIncome": 301570000,
    "interestExpense": 125861000,
    "depreciationAndAmortization": 22828000,
    "ebitda": 356614000,
    "ebitdaratio": 0.3747929576,
    "operatingIncome": 333786000,
    "operatingIncomeRatio": 0.3508012645,
    "totalOtherIncomeExpensesNet": 0,
    "incomeBeforeTax": 333786000,
    "incomeBeforeTaxRatio": 0.3508012645,
    "incomeTaxExpense": 9146000,
    "netIncome": 159753000,
    "netIncomeRatio": 0.1678966596,
    "eps": 0.25,
    "epsdiluted": 0.23,
    "weightedAverageShsOut": 644897849,
    "weightedAverageShsOutDil": 597136701,
    "link": "https://www.sec.gov/Archives/edgar/data/1393818/000119312516579849/0001193125-16-579849-index.htm",
    "finalLink": "https://www.sec.gov/Archives/edgar/data/1393818/000119312516579849/d158514d10q.htm"
  },
  {
    "date": "2015-12-31",
    "symbol": "BX",
    "reportedCurrency": "USD",
    "cik": "0001393818",
    "fillingDate": "2016-02-26",
    "acceptedDate": "2016-02-26 16:13:36",
    "calendarYear": "2015",
    "period": "Q4",
    "revenue": 710204000,
    "costOfRevenue": -108096000,
    "grossProfit": 818300000,
    "grossProfitRatio": 1.1522041554,
    "researchAndDevelopmentExpenses": 0,
    "generalAndAdministrativeExpenses": 142261000,
    "sellingAndMarketingExpenses": 0,
    "sellingGeneralAndAdministrativeExpenses": 142261000,
    "otherExpenses": 235130000,
    "operatingExpenses": 377391000,
    "costAndExpenses": 269295000,
    "interestIncome": 0,
    "interestExpense": 0,
    "depreciationAndAmortization": 23490000,
    "ebitda": 464399000,
    "ebitdaratio": 0.6538952188,
    "operatingIncome": 440909000,
    "operatingIncomeRatio": 0.620820215,
    "totalOtherIncomeExpensesNet": 0,
    "incomeBeforeTax": 440909000,
    "incomeBeforeTaxRatio": 0.620820215,
    "incomeTaxExpense": 46230000,
    "netIncome": 200870000,
    "netIncomeRatio": 0.2828342279,
    "eps": 0.31,
    "epsdiluted": 0.31,
    "weightedAverageShsOut": 641208778,
    "weightedAverageShsOutDil": 644897849,
    "link": "https://www.sec.gov/Archives/edgar/data/1393818/000119312516481948/0001193125-16-481948-index.htm",
    "finalLink": "https://www.sec.gov/Archives/edgar/data/1393818/000119312516481948/d129194d10k.htm"
  },
  {
    "date": "2015-09-30",
    "symbol": "BX",
    "reportedCurrency": "USD",
    "cik": "0001393818",
    "fillingDate": "2015-11-05",
    "acceptedDate": "2015-11-05 16:13:40",
    "calendarYear": "2015",
    "period": "Q3",
    "revenue": 223403000,
    "costOfRevenue": 134658000,
    "grossProfit": 88745000,
    "grossProfitRatio": 0.3972417559,
    "researchAndDevelopmentExpenses": 0,
    "generalAndAdministrativeExpenses": 176960000,
    "sellingAndMarketingExpenses": 0,
    "sellingGeneralAndAdministrativeExpenses": 176960000,
    "otherExpenses": 394076000,
    "operatingExpenses": 571036000,
    "costAndExpenses": 705694000,
    "interestIncome": 0,
    "interestExpense": 134658000,
    "depreciationAndAmortization": 29525000,
    "ebitda": -452766000,
    "ebitdaratio": -2.0266782451,
    "operatingIncome": -482291000,
    "operatingIncomeRatio": -2.1588385116,
    "totalOtherIncomeExpensesNet": 0,
    "incomeBeforeTax": -482291000,
    "incomeBeforeTaxRatio": -2.1588385116,
    "incomeTaxExpense": 1573000,
    "netIncome": -254697000,
    "netIncomeRatio": -1.1400786919,
    "eps": -0.4,
    "epsdiluted": -0.4,
    "weightedAverageShsOut": 636742500,
    "weightedAverageShsOutDil": 638832799,
    "link": "https://www.sec.gov/Archives/edgar/data/1393818/000119312515368290/0001193125-15-368290-index.htm",
    "finalLink": "https://www.sec.gov/Archives/edgar/data/1393818/000119312515368290/d44563d10q.htm"
  },
  {
    "date": "2015-06-30",
    "symbol": "BX",
    "reportedCurrency": "USD",
    "cik": "0001393818",
    "fillingDate": "2015-08-06",
    "acceptedDate": "2015-08-06 16:01:55",
    "calendarYear": "2015",
    "period": "Q2",
    "revenue": 1307217000,
    "costOfRevenue": 224888000,
    "grossProfit": 1082329000,
    "grossProfitRatio": 0.8279642936,
    "researchAndDevelopmentExpenses": 0,
    "generalAndAdministrativeExpenses": 188558000,
    "sellingAndMarketingExpenses": 0,
    "sellingGeneralAndAdministrativeExpenses": 188558000,
    "otherExpenses": 500986000,
    "operatingExpenses": 689544000,
    "costAndExpenses": 914432000,
    "interestIncome": 517518000,
    "interestExpense": 224888000,
    "depreciationAndAmortization": 23622000,
    "ebitda": 416407000,
    "ebitdaratio": 0.318544664,
    "operatingIncome": 392785000,
    "operatingIncomeRatio": 0.3004742135,
    "totalOtherIncomeExpensesNet": 0,
    "incomeBeforeTax": 392785000,
    "incomeBeforeTaxRatio": 0.3004742135,
    "incomeTaxExpense": 43251000,
    "netIncome": 134168000,
    "netIncomeRatio": 0.1026363641,
    "eps": 0.21,
    "epsdiluted": 0.21,
    "weightedAverageShsOut": 631881205,
    "weightedAverageShsOutDil": 634192649,
    "link": "https://www.sec.gov/Archives/edgar/data/1393818/000119312515280954/0001193125-15-280954-index.htm",
    "finalLink": "https://www.sec.gov/Archives/edgar/data/1393818/000119312515280954/d55568d10q.htm"
  },
  {
    "date": "2015-03-31",
    "symbol": "BX",
    "reportedCurrency": "USD",
    "cik": "0001393818",
    "fillingDate": "2015-05-08",
    "acceptedDate": "2015-05-08 16:02:48",
    "calendarYear": "2015",
    "period": "Q1",
    "revenue": 2605913000,
    "costOfRevenue": 397998000,
    "grossProfit": 2207915000,
    "grossProfitRatio": 0.8472711867,
    "researchAndDevelopmentExpenses": 0,
    "generalAndAdministrativeExpenses": 147823000,
    "sellingAndMarketingExpenses": 0,
    "sellingGeneralAndAdministrativeExpenses": 147823000,
    "otherExpenses": 596747000,
    "operatingExpenses": 744570000,
    "costAndExpenses": 1142568000,
    "interestIncome": 1603354000,
    "interestExpense": 397998000,
    "depreciationAndAmortization": 24800000,
    "ebitda": 1488145000,
    "ebitdaratio": 0.5710647286,
    "operatingIncome": 1463345000,
    "operatingIncomeRatio": 0.5615479105,
    "totalOtherIncomeExpensesNet": 0,
    "incomeBeforeTax": 1463345000,
    "incomeBeforeTaxRatio": 0.5615479105,
    "incomeTaxExpense": 99344000,
    "netIncome": 629448000,
    "netIncomeRatio": 0.2415460531,
    "eps": 1.01,
    "epsdiluted": 1,
    "weightedAverageShsOut": 625276969,
    "weightedAverageShsOutDil": 631232041,
    "link": "https://www.sec.gov/Archives/edgar/data/1393818/000119312515179529/0001193125-15-179529-index.htm",
    "finalLink": "https://www.sec.gov/Archives/edgar/data/1393818/000119312515179529/d899728d10q.htm"
  },
  {
    "date": "2014-12-31",
    "symbol": "BX",
    "reportedCurrency": "USD",
    "cik": "0001393818",
    "fillingDate": "2015-02-27",
    "acceptedDate": "2015-02-27 16:03:47",
    "calendarYear": "2014",
    "period": "Q4",
    "revenue": 2161206000,
    "costOfRevenue": 315215000,
    "grossProfit": 1845991000,
    "grossProfitRatio": 0.8541485633,
    "researchAndDevelopmentExpenses": 0,
    "generalAndAdministrativeExpenses": 159659000,
    "sellingAndMarketingExpenses": 0,
    "sellingGeneralAndAdministrativeExpenses": 159659000,
    "otherExpenses": 348212000,
    "operatingExpenses": 507871000,
    "costAndExpenses": 823086000,
    "interestIncome": 1350160000,
    "interestExpense": 315215000,
    "depreciationAndAmortization": 25006000,
    "ebitda": 1363126000,
    "ebitdaratio": 0.6307246972,
    "operatingIncome": 1338120000,
    "operatingIncomeRatio": 0.6191543055,
    "totalOtherIncomeExpensesNet": 0,
    "incomeBeforeTax": 1338120000,
    "incomeBeforeTaxRatio": 0.6191543055,
    "incomeTaxExpense": 74686000,
    "netIncome": 551451000,
    "netIncomeRatio": 0.2551589252,
    "eps": 0.9,
    "epsdiluted": 0.88,
    "weightedAverageShsOut": 615198577,
    "weightedAverageShsOutDil": 625276969,
    "link": "https://www.sec.gov/Archives/edgar/data/1393818/000119312515069653/0001193125-15-069653-index.htm",
    "finalLink": "https://www.sec.gov/Archives/edgar/data/1393818/000119312515069653/d849048d10k.htm"
  },
  {
    "date": "2014-09-30",
    "symbol": "BX",
    "reportedCurrency": "USD",
    "cik": "0001393818",
    "fillingDate": "2014-11-06",
    "acceptedDate": "2014-11-06 16:07:53",
    "calendarYear": "2014",
    "period": "Q3",
    "revenue": 1688108000,
    "costOfRevenue": 381750000,
    "grossProfit": 1306358000,
    "grossProfitRatio": 0.7738592555,
    "researchAndDevelopmentExpenses": 0,
    "generalAndAdministrativeExpenses": 138268000,
    "sellingAndMarketingExpenses": 0,
    "sellingGeneralAndAdministrativeExpenses": 138268000,
    "otherExpenses": 535120000,
    "operatingExpenses": 673388000,
    "costAndExpenses": 1055138000,
    "interestIncome": 878888000,
    "interestExpense": 381750000,
    "depreciationAndAmortization": 25085000,
    "ebitda": 658055000,
    "ebitdaratio": 0.3898180685,
    "operatingIncome": 632970000,
    "operatingIncomeRatio": 0.3749582373,
    "totalOtherIncomeExpensesNet": 0,
    "incomeBeforeTax": 632970000,
    "incomeBeforeTaxRatio": 0.3749582373,
    "incomeTaxExpense": 79108000,
    "netIncome": 250505000,
    "netIncomeRatio": 0.1483939416,
    "eps": 0.41,
    "epsdiluted": 0.41,
    "weightedAverageShsOut": 611684213,
    "weightedAverageShsOutDil": 614978870,
    "link": "https://www.sec.gov/Archives/edgar/data/1393818/000119312514401000/0001193125-14-401000-index.htm",
    "finalLink": "https://www.sec.gov/Archives/edgar/data/1393818/000119312514401000/d800911d10q.htm"
  },
  {
    "date": "2014-06-30",
    "symbol": "BX",
    "reportedCurrency": "USD",
    "cik": "0001393818",
    "fillingDate": "2014-08-08",
    "acceptedDate": "2014-08-08 16:16:51",
    "calendarYear": "2014",
    "period": "Q2",
    "revenue": 2396445000,
    "costOfRevenue": 404444000,
    "grossProfit": 1992001000,
    "grossProfitRatio": 0.8312316786,
    "researchAndDevelopmentExpenses": 0,
    "generalAndAdministrativeExpenses": 141495000,
    "sellingAndMarketingExpenses": 0,
    "sellingGeneralAndAdministrativeExpenses": 141495000,
    "otherExpenses": 543842000,
    "operatingExpenses": 685337000,
    "costAndExpenses": 1089781000,
    "interestIncome": 1317681000,
    "interestExpense": 404444000,
    "depreciationAndAmortization": 25566000,
    "ebitda": 1332230000,
    "ebitdaratio": 0.5559192888,
    "operatingIncome": 1306664000,
    "operatingIncomeRatio": 0.5452509864,
    "totalOtherIncomeExpensesNet": 0,
    "incomeBeforeTax": 1306664000,
    "incomeBeforeTaxRatio": 0.5452509864,
    "incomeTaxExpense": 83282000,
    "netIncome": 517016000,
    "netIncomeRatio": 0.2157429025,
    "eps": 0.85,
    "epsdiluted": 0.85,
    "weightedAverageShsOut": 606690740,
    "weightedAverageShsOutDil": 609897829,
    "link": "https://www.sec.gov/Archives/edgar/data/1393818/000119312514303157/0001193125-14-303157-index.htm",
    "finalLink": "https://www.sec.gov/Archives/edgar/data/1393818/000119312514303157/d753543d10q.htm"
  },
  {
    "date": "2014-03-31",
    "symbol": "BX",
    "reportedCurrency": "USD",
    "cik": "0001393818",
    "fillingDate": "2014-05-08",
    "acceptedDate": "2014-05-08 16:23:18",
    "calendarYear": "2014",
    "period": "Q1",
    "revenue": 1596823000,
    "costOfRevenue": 214795000,
    "grossProfit": 1382028000,
    "grossProfitRatio": 0.8654860307,
    "researchAndDevelopmentExpenses": 0,
    "generalAndAdministrativeExpenses": 140539000,
    "sellingAndMarketingExpenses": 0,
    "sellingGeneralAndAdministrativeExpenses": 140539000,
    "otherExpenses": 532517000,
    "operatingExpenses": 673056000,
    "costAndExpenses": 887851000,
    "interestIncome": 678086000,
    "interestExpense": 214795000,
    "depreciationAndAmortization": 26258000,
    "ebitda": 735230000,
    "ebitdaratio": 0.4604329973,
    "operatingIncome": 708972000,
    "operatingIncomeRatio": 0.4439890958,
    "totalOtherIncomeExpensesNet": 0,
    "incomeBeforeTax": 708972000,
    "incomeBeforeTaxRatio": 0.4439890958,
    "incomeTaxExpense": 54097000,
    "netIncome": 265617000,
    "netIncomeRatio": 0.1663409157,
    "eps": 0.44,
    "epsdiluted": 0.44,
    "weightedAverageShsOut": 601527299,
    "weightedAverageShsOutDil": 605669164,
    "link": "https://www.sec.gov/Archives/edgar/data/1393818/000119312514190051/0001193125-14-190051-index.htm",
    "finalLink": "https://www.sec.gov/Archives/edgar/data/1393818/000119312514190051/d707202d10q.htm"
  },
  {
    "date": "2013-12-31",
    "symbol": "BX",
    "reportedCurrency": "USD",
    "cik": "0001393818",
    "fillingDate": "2014-02-28",
    "acceptedDate": "2014-02-28 15:43:29",
    "calendarYear": "2013",
    "period": "Q4",
    "revenue": 2894916000,
    "costOfRevenue": 675252000,
    "grossProfit": 2219664000,
    "grossProfitRatio": 0.7667455636,
    "researchAndDevelopmentExpenses": 0,
    "generalAndAdministrativeExpenses": 136280000,
    "sellingAndMarketingExpenses": 0,
    "sellingGeneralAndAdministrativeExpenses": 136280000,
    "otherExpenses": 498471000,
    "operatingExpenses": 634751000,
    "costAndExpenses": 1310003000,
    "interestIncome": 1535999000,
    "interestExpense": 675252000,
    "depreciationAndAmortization": 26396000,
    "ebitda": 1611309000,
    "ebitdaratio": 0.5565995697,
    "operatingIncome": 1584913000,
    "operatingIncomeRatio": 0.5474815159,
    "totalOtherIncomeExpensesNet": 0,
    "incomeBeforeTax": 1584913000,
    "incomeBeforeTaxRatio": 0.5474815159,
    "incomeTaxExpense": 91090000,
    "netIncome": 621255000,
    "netIncomeRatio": 0.2146020817,
    "eps": 1.05,
    "epsdiluted": 1.04,
    "weightedAverageShsOut": 592185734,
    "weightedAverageShsOutDil": 601527299,
    "link": "https://www.sec.gov/Archives/edgar/data/1393818/000119312514077145/0001193125-14-077145-index.htm",
    "finalLink": "https://www.sec.gov/Archives/edgar/data/1393818/000119312514077145/d658841d10k.htm"
  },
  {
    "date": "2013-09-30",
    "symbol": "BX",
    "reportedCurrency": "USD",
    "cik": "0001393818",
    "fillingDate": "2013-11-08",
    "acceptedDate": "2013-11-08 16:11:32",
    "calendarYear": "2013",
    "period": "Q3",
    "revenue": 1304797000,
    "costOfRevenue": 168978000,
    "grossProfit": 1135819000,
    "grossProfitRatio": 0.8704947973,
    "researchAndDevelopmentExpenses": 0,
    "generalAndAdministrativeExpenses": 126113000,
    "sellingAndMarketingExpenses": 0,
    "sellingGeneralAndAdministrativeExpenses": 126113000,
    "otherExpenses": 491314000,
    "operatingExpenses": 617427000,
    "costAndExpenses": 786405000,
    "interestIncome": 492598000,
    "interestExpense": 168978000,
    "depreciationAndAmortization": 24783000,
    "ebitda": 543175000,
    "ebitdaratio": 0.41629081,
    "operatingIncome": 518392000,
    "operatingIncomeRatio": 0.3972970508,
    "totalOtherIncomeExpensesNet": 0,
    "incomeBeforeTax": 518392000,
    "incomeBeforeTaxRatio": 0.3972970508,
    "incomeTaxExpense": 57477000,
    "netIncome": 171164000,
    "netIncomeRatio": 0.1311805591,
    "eps": 0.29,
    "epsdiluted": 0.29,
    "weightedAverageShsOut": 589643844,
    "weightedAverageShsOutDil": 592920795,
    "link": "https://www.sec.gov/Archives/edgar/data/1393818/000119312513435224/0001193125-13-435224-index.htm",
    "finalLink": "https://www.sec.gov/Archives/edgar/data/1393818/000119312513435224/d597227d10q.htm"
  },
  {
    "date": "2013-06-30",
    "symbol": "BX",
    "reportedCurrency": "USD",
    "cik": "0001393818",
    "fillingDate": "2013-08-08",
    "acceptedDate": "2013-08-08 16:15:21",
    "calendarYear": "2013",
    "period": "Q2",
    "revenue": 1481436000,
    "costOfRevenue": 275690000,
    "grossProfit": 1205746000,
    "grossProfitRatio": 0.8139035368,
    "researchAndDevelopmentExpenses": 0,
    "generalAndAdministrativeExpenses": 121993000,
    "sellingAndMarketingExpenses": 0,
    "sellingGeneralAndAdministrativeExpenses": 121993000,
    "otherExpenses": 517079000,
    "operatingExpenses": 639072000,
    "costAndExpenses": 914762000,
    "interestIncome": 653808000,
    "interestExpense": 275690000,
    "depreciationAndAmortization": 21579000,
    "ebitda": 588253000,
    "ebitdaratio": 0.3970829654,
    "operatingIncome": 566674000,
    "operatingIncomeRatio": 0.3825166933,
    "totalOtherIncomeExpensesNet": 0,
    "incomeBeforeTax": 566674000,
    "incomeBeforeTaxRatio": 0.3825166933,
    "incomeTaxExpense": 56082000,
    "netIncome": 211148000,
    "netIncomeRatio": 0.1425292756,
    "eps": 0.36,
    "epsdiluted": 0.36,
    "weightedAverageShsOut": 583843094,
    "weightedAverageShsOutDil": 586763053,
    "link": "https://www.sec.gov/Archives/edgar/data/1393818/000119312513326854/0001193125-13-326854-index.htm",
    "finalLink": "https://www.sec.gov/Archives/edgar/data/1393818/000119312513326854/d561546d10q.htm"
  },
  {
    "date": "2013-03-31",
    "symbol": "BX",
    "reportedCurrency": "USD",
    "cik": "0001393818",
    "fillingDate": "2013-05-08",
    "acceptedDate": "2013-05-08 16:05:21",
    "calendarYear": "2013",
    "period": "Q1",
    "revenue": 1313683000,
    "costOfRevenue": 211971000,
    "grossProfit": 1101712000,
    "grossProfitRatio": 0.8386437215,
    "researchAndDevelopmentExpenses": 0,
    "generalAndAdministrativeExpenses": 116714000,
    "sellingAndMarketingExpenses": 0,
    "sellingGeneralAndAdministrativeExpenses": 116714000,
    "otherExpenses": 506416000,
    "operatingExpenses": 623130000,
    "costAndExpenses": 835101000,
    "interestIncome": 484074000,
    "interestExpense": 211971000,
    "depreciationAndAmortization": 22913000,
    "ebitda": 501495000,
    "ebitdaratio": 0.381747347,
    "operatingIncome": 478582000,
    "operatingIncomeRatio": 0.364305544,
    "totalOtherIncomeExpensesNet": 0,
    "incomeBeforeTax": 478582000,
    "incomeBeforeTaxRatio": 0.364305544,
    "incomeTaxExpense": 50993000,
    "netIncome": 167635000,
    "netIncomeRatio": 0.1276068884,
    "eps": 0.29,
    "epsdiluted": 0.29,
    "weightedAverageShsOut": 582322183,
    "weightedAverageShsOutDil": 585699899,
    "link": "https://www.sec.gov/Archives/edgar/data/1393818/000119312513207420/0001193125-13-207420-index.htm",
    "finalLink": "https://www.sec.gov/Archives/edgar/data/1393818/000119312513207420/d510293d10q.htm"
  },
  {
    "date": "2012-12-31",
    "symbol": "BX",
    "reportedCurrency": "USD",
    "cik": "0001393818",
    "fillingDate": "2013-03-01",
    "acceptedDate": "2013-03-01 16:14:40",
    "calendarYear": "2012",
    "period": "Q4",
    "revenue": 1323067000,
    "costOfRevenue": 405677000,
    "grossProfit": 917390000,
    "grossProfitRatio": 0.6933813632,
    "researchAndDevelopmentExpenses": 0,
    "generalAndAdministrativeExpenses": 136649000,
    "sellingAndMarketingExpenses": 0,
    "sellingGeneralAndAdministrativeExpenses": 136649000,
    "otherExpenses": 593574000,
    "operatingExpenses": 730223000,
    "costAndExpenses": 1135900000,
    "interestIncome": 645201000,
    "interestExpense": 405677000,
    "depreciationAndAmortization": 23742000,
    "ebitda": 210909000,
    "ebitdaratio": 0.1594091607,
    "operatingIncome": 187167000,
    "operatingIncomeRatio": 0.1414644912,
    "totalOtherIncomeExpensesNet": 0,
    "incomeBeforeTax": 187167000,
    "incomeBeforeTaxRatio": 0.1414644912,
    "incomeTaxExpense": 65696000,
    "netIncome": 106413000,
    "netIncomeRatio": 0.0804290335,
    "eps": 0.19,
    "epsdiluted": 0.19,
    "weightedAverageShsOut": 554137650,
    "weightedAverageShsOutDil": 582322183,
    "link": "https://www.sec.gov/Archives/edgar/data/1393818/000119312513087702/0001193125-13-087702-index.htm",
    "finalLink": "https://www.sec.gov/Archives/edgar/data/1393818/000119312513087702/d447995d10k.htm"
  },
  {
    "date": "2012-09-30",
    "symbol": "BX",
    "reportedCurrency": "USD",
    "cik": "0001393818",
    "fillingDate": "2012-11-02",
    "acceptedDate": "2012-11-02 16:25:05",
    "calendarYear": "2012",
    "period": "Q3",
    "revenue": 917170000,
    "costOfRevenue": 0,
    "grossProfit": 1223090000,
    "grossProfitRatio": 1.333547761,
    "researchAndDevelopmentExpenses": 0,
    "generalAndAdministrativeExpenses": 129425000,
    "sellingAndMarketingExpenses": 0,
    "sellingGeneralAndAdministrativeExpenses": 129425000,
    "otherExpenses": 416046000,
    "operatingExpenses": 545471000,
    "costAndExpenses": 545471000,
    "interestIncome": 497508000,
    "interestExpense": 169960000,
    "depreciationAndAmortization": 30597000,
    "ebitda": 0,
    "ebitdaratio": 0,
    "operatingIncome": 371699000,
    "operatingIncomeRatio": 0.4052672896,
    "totalOtherIncomeExpensesNet": -135960000,
    "incomeBeforeTax": 235739000,
    "incomeBeforeTaxRatio": 0.2570286861,
    "incomeTaxExpense": 39237000,
    "netIncome": 128824000,
    "netIncomeRatio": 0.1404581484,
    "eps": 0.24,
    "epsdiluted": 0.24,
    "weightedAverageShsOut": 544716399,
    "weightedAverageShsOutDil": 546923603,
    "link": "https://www.sec.gov/Archives/edgar/data/1393818/000119312512449159/0001193125-12-449159-index.htm",
    "finalLink": "https://www.sec.gov/Archives/edgar/data/1393818/000119312512449159/d416211d10q.htm"
  },
  {
    "date": "2012-06-30",
    "symbol": "BX",
    "reportedCurrency": "USD",
    "cik": "0001393818",
    "fillingDate": "2012-08-07",
    "acceptedDate": "2012-08-07 16:17:57",
    "calendarYear": "2012",
    "period": "Q2",
    "revenue": 816947000,
    "costOfRevenue": 0,
    "grossProfit": 627203000,
    "grossProfitRatio": 0.7677401349,
    "researchAndDevelopmentExpenses": 0,
    "generalAndAdministrativeExpenses": 151985000,
    "sellingAndMarketingExpenses": 0,
    "sellingGeneralAndAdministrativeExpenses": 151985000,
    "otherExpenses": 777578000,
    "operatingExpenses": 929563000,
    "costAndExpenses": 929563000,
    "interestIncome": 149486000,
    "interestExpense": 58486000,
    "depreciationAndAmortization": 36693000,
    "ebitda": 0,
    "ebitdaratio": 0,
    "operatingIncome": -112616000,
    "operatingIncomeRatio": -0.1378498238,
    "totalOtherIncomeExpensesNet": 248230000,
    "incomeBeforeTax": 135614000,
    "incomeBeforeTaxRatio": 0.1660009768,
    "incomeTaxExpense": 41337000,
    "netIncome": -74964000,
    "netIncomeRatio": -0.0917611546,
    "eps": -0.14,
    "epsdiluted": -0.14,
    "weightedAverageShsOut": 528778977,
    "weightedAverageShsOutDil": 528778977,
    "link": "https://www.sec.gov/Archives/edgar/data/1393818/000119312512340947/0001193125-12-340947-index.htm",
    "finalLink": "https://www.sec.gov/Archives/edgar/data/1393818/000119312512340947/d357103d10q.htm"
  },
  {
    "date": "2012-03-31",
    "symbol": "BX",
    "reportedCurrency": "USD",
    "cik": "0001393818",
    "fillingDate": "2012-05-07",
    "acceptedDate": "2012-05-07 16:18:51",
    "calendarYear": "2012",
    "period": "Q1",
    "revenue": 1133179000,
    "costOfRevenue": 0,
    "grossProfit": 952036000,
    "grossProfitRatio": 0.8401461728,
    "researchAndDevelopmentExpenses": 0,
    "generalAndAdministrativeExpenses": 164508000,
    "sellingAndMarketingExpenses": 0,
    "sellingGeneralAndAdministrativeExpenses": 164508000,
    "otherExpenses": 800428000,
    "operatingExpenses": 964936000,
    "costAndExpenses": 964936000,
    "interestIncome": 319992000,
    "interestExpense": 106999000,
    "depreciationAndAmortization": 48142000,
    "ebitda": 0,
    "ebitdaratio": 0,
    "operatingIncome": 168243000,
    "operatingIncomeRatio": 0.148469924,
    "totalOtherIncomeExpensesNet": 288142000,
    "incomeBeforeTax": 456385000,
    "incomeBeforeTaxRatio": 0.4027474918,
    "incomeTaxExpense": 38753000,
    "netIncome": 58325000,
    "netIncomeRatio": 0.0514702443,
    "eps": 0.12,
    "epsdiluted": 0.11,
    "weightedAverageShsOut": 506985529,
    "weightedAverageShsOutDil": 517389558,
    "link": "https://www.sec.gov/Archives/edgar/data/1393818/000119312512215062/0001193125-12-215062-index.htm",
    "finalLink": "https://www.sec.gov/Archives/edgar/data/1393818/000119312512215062/d328633d10q.htm"
  },
  {
    "date": "2011-12-31",
    "symbol": "BX",
    "reportedCurrency": "USD",
    "cik": "0001393818",
    "fillingDate": "2012-02-28",
    "acceptedDate": "2012-02-28 17:00:37",
    "calendarYear": "2011",
    "period": "Q4",
    "revenue": 1268505000,
    "costOfRevenue": 0,
    "grossProfit": 915105000,
    "grossProfitRatio": 0.7214043303,
    "researchAndDevelopmentExpenses": 0,
    "generalAndAdministrativeExpenses": 192342000,
    "sellingAndMarketingExpenses": 0,
    "sellingGeneralAndAdministrativeExpenses": 192342000,
    "otherExpenses": 1032498000,
    "operatingExpenses": 1224840000,
    "costAndExpenses": 1224840000,
    "interestIncome": 10004000,
    "interestExpense": 16051000,
    "depreciationAndAmortization": 82827000,
    "ebitda": 0,
    "ebitdaratio": 0,
    "operatingIncome": 43665000,
    "operatingIncomeRatio": 0.0344224106,
    "totalOtherIncomeExpensesNet": 661995000,
    "incomeBeforeTax": 705660000,
    "incomeBeforeTaxRatio": 0.5562926437,
    "incomeTaxExpense": 250299000,
    "netIncome": -22677000,
    "netIncomeRatio": -0.0178769496,
    "eps": -0.0462,
    "epsdiluted": -0.0447,
    "weightedAverageShsOut": 490675691,
    "weightedAverageShsOutDil": 506985529,
    "link": "https://www.sec.gov/Archives/edgar/data/1393818/000119312512085636/0001193125-12-085636-index.htm",
    "finalLink": "https://www.sec.gov/Archives/edgar/data/1393818/000119312512085636/d232355d10k.htm"
  },
  {
    "date": "2011-09-30",
    "symbol": "BX",
    "reportedCurrency": "USD",
    "cik": "0001393818",
    "fillingDate": "2011-11-09",
    "acceptedDate": "2011-11-09 16:10:06",
    "calendarYear": "2011",
    "period": "Q3",
    "revenue": -391304000,
    "costOfRevenue": 0,
    "grossProfit": -124079000,
    "grossProfitRatio": 0.3170910596,
    "researchAndDevelopmentExpenses": 0,
    "generalAndAdministrativeExpenses": 133564000,
    "sellingAndMarketingExpenses": 0,
    "sellingGeneralAndAdministrativeExpenses": 133564000,
    "otherExpenses": 140145000,
    "operatingExpenses": 273709000,
    "costAndExpenses": 273709000,
    "interestIncome": 0,
    "interestExpense": 11949000,
    "depreciationAndAmortization": 42339000,
    "ebitda": 0,
    "ebitdaratio": 0,
    "operatingIncome": -665013000,
    "operatingIncomeRatio": 1.6994791773,
    "totalOtherIncomeExpensesNet": -329399000,
    "incomeBeforeTax": -994412000,
    "incomeBeforeTaxRatio": 2.54127737,
    "incomeTaxExpense": -7637000,
    "netIncome": -274567000,
    "netIncomeRatio": 0.7016718459,
    "eps": -0.56,
    "epsdiluted": -0.56,
    "weightedAverageShsOut": 487189657,
    "weightedAverageShsOutDil": 487189657,
    "link": "https://www.sec.gov/Archives/edgar/data/1393818/000119312511304545/0001193125-11-304545-index.htm",
    "finalLink": "https://www.sec.gov/Archives/edgar/data/1393818/000119312511304545/d240494d10q.htm"
  },
  {
    "date": "2011-06-30",
    "symbol": "BX",
    "reportedCurrency": "USD",
    "cik": "0001393818",
    "fillingDate": "2011-08-05",
    "acceptedDate": "2011-08-05 17:29:03",
    "calendarYear": "2011",
    "period": "Q2",
    "revenue": 1077052000,
    "costOfRevenue": 0,
    "grossProfit": 1308281000,
    "grossProfitRatio": 1.2146869418,
    "researchAndDevelopmentExpenses": 0,
    "generalAndAdministrativeExpenses": 125404000,
    "sellingAndMarketingExpenses": 0,
    "sellingGeneralAndAdministrativeExpenses": 125404000,
    "otherExpenses": 628198000,
    "operatingExpenses": 753602000,
    "costAndExpenses": 753602000,
    "interestIncome": 539042000,
    "interestExpense": 32861000,
    "depreciationAndAmortization": 41579000,
    "ebitda": 0,
    "ebitdaratio": 0,
    "operatingIncome": 323450000,
    "operatingIncomeRatio": 0.3003104771,
    "totalOtherIncomeExpensesNet": -74654000,
    "incomeBeforeTax": 248796000,
    "incomeBeforeTaxRatio": 0.2309972035,
    "incomeTaxExpense": 64199000,
    "netIncome": 86237000,
    "netIncomeRatio": 0.080067629,
    "eps": 0.18,
    "epsdiluted": 0.18,
    "weightedAverageShsOut": 476289647,
    "weightedAverageShsOutDil": 483643646,
    "link": "https://www.sec.gov/Archives/edgar/data/1393818/000119312511212621/0001193125-11-212621-index.htm",
    "finalLink": "https://www.sec.gov/Archives/edgar/data/1393818/000119312511212621/d10q.htm"
  },
  {
    "date": "2011-03-31",
    "symbol": "BX",
    "reportedCurrency": "USD",
    "cik": "0001393818",
    "fillingDate": "2011-05-06",
    "acceptedDate": "2011-05-06 16:13:31",
    "calendarYear": "2011",
    "period": "Q1",
    "revenue": 917207000,
    "costOfRevenue": 0,
    "grossProfit": 1153269000,
    "grossProfitRatio": 1.2573704736,
    "researchAndDevelopmentExpenses": 0,
    "generalAndAdministrativeExpenses": 140510000,
    "sellingAndMarketingExpenses": 0,
    "sellingGeneralAndAdministrativeExpenses": 140510000,
    "otherExpenses": 614292000,
    "operatingExpenses": 754802000,
    "costAndExpenses": 754802000,
    "interestIncome": 9490000,
    "interestExpense": 13803000,
    "depreciationAndAmortization": 40846000,
    "ebitda": 0,
    "ebitdaratio": 0,
    "operatingIncome": 162405000,
    "operatingIncomeRatio": 0.1770647193,
    "totalOtherIncomeExpensesNet": -45191000,
    "incomeBeforeTax": 117214000,
    "incomeBeforeTaxRatio": 0.1277944891,
    "incomeTaxExpense": 38850000,
    "netIncome": 42704000,
    "netIncomeRatio": 0.0465587376,
    "eps": 0.0954,
    "epsdiluted": 0.0933,
    "weightedAverageShsOut": 447742389,
    "weightedAverageShsOutDil": 457652916,
    "link": "https://www.sec.gov/Archives/edgar/data/1393818/000119312511130720/0001193125-11-130720-index.htm",
    "finalLink": "https://www.sec.gov/Archives/edgar/data/1393818/000119312511130720/d10q.htm"
  },
  {
    "date": "2010-12-31",
    "symbol": "BX",
    "reportedCurrency": "USD",
    "cik": "0001393818",
    "fillingDate": "2011-02-25",
    "acceptedDate": "2011-02-25 16:05:23",
    "calendarYear": "2010",
    "period": "Q4",
    "revenue": 3587104000,
    "costOfRevenue": 0,
    "grossProfit": 1084015000,
    "grossProfitRatio": 0.3021978175,
    "researchAndDevelopmentExpenses": 0,
    "generalAndAdministrativeExpenses": 135235000,
    "sellingAndMarketingExpenses": 0,
    "sellingGeneralAndAdministrativeExpenses": 135235000,
    "otherExpenses": 3357595000,
    "operatingExpenses": 3492830000,
    "costAndExpenses": 3492830000,
    "interestIncome": 0,
    "interestExpense": 14596000,
    "depreciationAndAmortization": 40845000,
    "ebitda": 0,
    "ebitdaratio": 0,
    "operatingIncome": 94274000,
    "operatingIncomeRatio": 0.0262813679,
    "totalOtherIncomeExpensesNet": 104369000,
    "incomeBeforeTax": 198643000,
    "incomeBeforeTaxRatio": 0.0553769838,
    "incomeTaxExpense": 59867000,
    "netIncome": -10973000,
    "netIncomeRatio": -0.0030590136,
    "eps": -0.0282,
    "epsdiluted": -0.0282,
    "weightedAverageShsOut": 389804253,
    "weightedAverageShsOutDil": 389804253,
    "link": "https://www.sec.gov/Archives/edgar/data/1393818/000119312511047389/0001193125-11-047389-index.htm",
    "finalLink": "https://www.sec.gov/Archives/edgar/data/1393818/000119312511047389/d10k.htm"
  },
  {
    "date": "2010-09-30",
    "symbol": "BX",
    "reportedCurrency": "USD",
    "cik": "0001393818",
    "fillingDate": "2010-11-05",
    "acceptedDate": "2010-11-05 16:17:58",
    "calendarYear": "2010",
    "period": "Q3",
    "revenue": 928019000,
    "costOfRevenue": 0,
    "grossProfit": 784000000,
    "grossProfitRatio": 0.8448102894,
    "researchAndDevelopmentExpenses": 0,
    "generalAndAdministrativeExpenses": 120713000,
    "sellingAndMarketingExpenses": 0,
    "sellingGeneralAndAdministrativeExpenses": 120713000,
    "otherExpenses": 949075000,
    "operatingExpenses": 1069788000,
    "costAndExpenses": 1069788000,
    "interestIncome": 10075000,
    "interestExpense": 11766000,
    "depreciationAndAmortization": 40872000,
    "ebitda": 0,
    "ebitdaratio": 0,
    "operatingIncome": -141769000,
    "operatingIncomeRatio": -0.1527651912,
    "totalOtherIncomeExpensesNet": 285071000,
    "incomeBeforeTax": 143302000,
    "incomeBeforeTaxRatio": 0.1544170971,
    "incomeTaxExpense": -4225000,
    "netIncome": -44358000,
    "netIncomeRatio": -0.0477985903,
    "eps": -0.12,
    "epsdiluted": -0.12,
    "weightedAverageShsOut": 370101582,
    "weightedAverageShsOutDil": 370101582,
    "link": "https://www.sec.gov/Archives/edgar/data/1393818/000119312510250100/0001193125-10-250100-index.htm",
    "finalLink": "https://www.sec.gov/Archives/edgar/data/1393818/000119312510250100/d10q.htm"
  },
  {
    "date": "2010-06-30",
    "symbol": "BX",
    "reportedCurrency": "USD",
    "cik": "0001393818",
    "fillingDate": "2010-08-06",
    "acceptedDate": "2010-08-06 16:07:41",
    "calendarYear": "2010",
    "period": "Q2",
    "revenue": 461169000,
    "costOfRevenue": 0,
    "grossProfit": 550088000,
    "grossProfitRatio": 1.1928121795,
    "researchAndDevelopmentExpenses": 0,
    "generalAndAdministrativeExpenses": 130386000,
    "sellingAndMarketingExpenses": 0,
    "sellingGeneralAndAdministrativeExpenses": 130386000,
    "otherExpenses": 908461000,
    "operatingExpenses": 1038847000,
    "costAndExpenses": 1038847000,
    "interestIncome": 6952000,
    "interestExpense": 7682000,
    "depreciationAndAmortization": 40822000,
    "ebitda": 0,
    "ebitdaratio": 0,
    "operatingIncome": -577678000,
    "operatingIncomeRatio": -1.2526384037,
    "totalOtherIncomeExpensesNet": -59250000,
    "incomeBeforeTax": -636928000,
    "incomeBeforeTaxRatio": -1.3811162502,
    "incomeTaxExpense": 19392000,
    "netIncome": -193320000,
    "netIncomeRatio": -0.4191955661,
    "eps": -0.55,
    "epsdiluted": -0.55,
    "weightedAverageShsOut": 354399780,
    "weightedAverageShsOutDil": 354399780,
    "link": "https://www.sec.gov/Archives/edgar/data/1393818/000119312510181364/0001193125-10-181364-index.htm",
    "finalLink": "https://www.sec.gov/Archives/edgar/data/1393818/000119312510181364/d10q.htm"
  },
  {
    "date": "2010-03-31",
    "symbol": "BX",
    "reportedCurrency": "USD",
    "cik": "0001393818",
    "fillingDate": "2010-05-10",
    "acceptedDate": "2010-05-10 16:19:21",
    "calendarYear": "2010",
    "period": "Q1",
    "revenue": 803517000,
    "costOfRevenue": 0,
    "grossProfit": 701239000,
    "grossProfitRatio": 0.8727120895,
    "researchAndDevelopmentExpenses": 0,
    "generalAndAdministrativeExpenses": 106238000,
    "sellingAndMarketingExpenses": 0,
    "sellingGeneralAndAdministrativeExpenses": 106238000,
    "otherExpenses": 1096754000,
    "operatingExpenses": 1202992000,
    "costAndExpenses": 1202992000,
    "interestIncome": 8895000,
    "interestExpense": 7185000,
    "depreciationAndAmortization": 39512000,
    "ebitda": 0,
    "ebitdaratio": 0,
    "operatingIncome": -399475000,
    "operatingIncomeRatio": -0.4971581186,
    "totalOtherIncomeExpensesNet": 171804000,
    "incomeBeforeTax": -227671000,
    "incomeBeforeTaxRatio": -0.2833431029,
    "incomeTaxExpense": 9635000,
    "netIncome": -121377000,
    "netIncomeRatio": -0.1510571649,
    "eps": -0.36,
    "epsdiluted": -0.36,
    "weightedAverageShsOut": 333433864,
    "weightedAverageShsOutDil": 333433864,
    "link": "https://www.sec.gov/Archives/edgar/data/1393818/000119312510114631/0001193125-10-114631-index.htm",
    "finalLink": "https://www.sec.gov/Archives/edgar/data/1393818/000119312510114631/d10q.htm"
  },
  {
    "date": "2009-12-31",
    "symbol": "BX",
    "reportedCurrency": "USD",
    "cik": "0001393818",
    "fillingDate": "2010-02-26",
    "acceptedDate": "2010-02-26 16:06:43",
    "calendarYear": "2009",
    "period": "Q4",
    "revenue": 805767000,
    "costOfRevenue": 6640000,
    "grossProfit": 799127000,
    "grossProfitRatio": 0.9917594044,
    "researchAndDevelopmentExpenses": 0,
    "generalAndAdministrativeExpenses": 116481000,
    "sellingAndMarketingExpenses": 0,
    "sellingGeneralAndAdministrativeExpenses": 116481000,
    "otherExpenses": 1047960000,
    "operatingExpenses": 1164441000,
    "costAndExpenses": 1171081000,
    "interestIncome": 6276000,
    "interestExpense": 6640000,
    "depreciationAndAmortization": 39511000,
    "ebitda": -325803000,
    "ebitdaratio": -0.4043389714,
    "operatingIncome": -365314000,
    "operatingIncomeRatio": -0.4533742385,
    "totalOtherIncomeExpensesNet": 0,
    "incomeBeforeTax": -365314000,
    "incomeBeforeTaxRatio": -0.4533742385,
    "incomeTaxExpense": 18063000,
    "netIncome": -143250000,
    "netIncomeRatio": -0.1777809218,
    "eps": -0.45,
    "epsdiluted": -0.45,
    "weightedAverageShsOut": 318333333,
    "weightedAverageShsOutDil": 318333333,
    "link": "https://www.sec.gov/Archives/edgar/data/1393818/000119312510042888/0001193125-10-042888-index.htm",
    "finalLink": "https://www.sec.gov/Archives/edgar/data/1393818/000119312510042888/d10k.htm"
  },
  {
    "date": "2009-09-30",
    "symbol": "BX",
    "reportedCurrency": "USD",
    "cik": "0001393818",
    "fillingDate": "2009-11-06",
    "acceptedDate": "2009-11-06 16:09:44",
    "calendarYear": "2009",
    "period": "Q3",
    "revenue": -315051000,
    "costOfRevenue": 0,
    "grossProfit": 597023000,
    "grossProfitRatio": -1.8950043009,
    "researchAndDevelopmentExpenses": 0,
    "generalAndAdministrativeExpenses": 111908000,
    "sellingAndMarketingExpenses": 0,
    "sellingGeneralAndAdministrativeExpenses": 111908000,
    "otherExpenses": 73812000,
    "operatingExpenses": 185720000,
    "costAndExpenses": 185720000,
    "interestIncome": 71512000,
    "interestExpense": 5258000,
    "depreciationAndAmortization": 39513000,
    "ebitda": 0,
    "ebitdaratio": 0,
    "operatingIncome": -500771000,
    "operatingIncomeRatio": 1.58949186,
    "totalOtherIncomeExpensesNet": 73812000,
    "incomeBeforeTax": -426959000,
    "incomeBeforeTaxRatio": 1.3552059825,
    "incomeTaxExpense": 52551000,
    "netIncome": -176183000,
    "netIncomeRatio": 0.5592205706,
    "eps": -0.62,
    "epsdiluted": -0.62,
    "weightedAverageShsOut": 283243485,
    "weightedAverageShsOutDil": 283243485,
    "link": "https://www.sec.gov/Archives/edgar/data/1393818/000119312509227528/0001193125-09-227528-index.htm",
    "finalLink": "https://www.sec.gov/Archives/edgar/data/1393818/000119312509227528/d10q.htm"
  },
  {
    "date": "2009-06-30",
    "symbol": "BX",
    "reportedCurrency": "USD",
    "cik": "0001393818",
    "fillingDate": "2009-08-07",
    "acceptedDate": "2009-08-07 16:23:38",
    "calendarYear": "2009",
    "period": "Q2",
    "revenue": 488964000,
    "costOfRevenue": 0,
    "grossProfit": 406416000,
    "grossProfitRatio": 0.8311777554,
    "researchAndDevelopmentExpenses": 0,
    "generalAndAdministrativeExpenses": 113868000,
    "sellingAndMarketingExpenses": 0,
    "sellingGeneralAndAdministrativeExpenses": 113868000,
    "otherExpenses": 1020386000,
    "operatingExpenses": 1134254000,
    "costAndExpenses": 1134254000,
    "interestIncome": 2294000,
    "interestExpense": 87000,
    "depreciationAndAmortization": 39511000,
    "ebitda": 0,
    "ebitdaratio": 0,
    "operatingIncome": -645290000,
    "operatingIncomeRatio": -1.3197086084,
    "totalOtherIncomeExpensesNet": 58304000,
    "incomeBeforeTax": -586986000,
    "incomeBeforeTaxRatio": -1.2004687462,
    "incomeTaxExpense": 10885000,
    "netIncome": -164284000,
    "netIncomeRatio": -0.3359838352,
    "eps": -0.6,
    "epsdiluted": -0.6,
    "weightedAverageShsOut": 273624497,
    "weightedAverageShsOutDil": 273624497,
    "link": "https://www.sec.gov/Archives/edgar/data/1393818/000119312509169117/0001193125-09-169117-index.htm",
    "finalLink": "https://www.sec.gov/Archives/edgar/data/1393818/000119312509169117/d10q.htm"
  },
  {
    "date": "2009-03-31",
    "symbol": "BX",
    "reportedCurrency": "USD",
    "cik": "0001393818",
    "fillingDate": "2009-05-08",
    "acceptedDate": "2009-05-08 16:08:45",
    "calendarYear": "2009",
    "period": "Q1",
    "revenue": 116618000,
    "costOfRevenue": 812347000,
    "grossProfit": 44914000,
    "grossProfitRatio": 0.3851378003,
    "researchAndDevelopmentExpenses": 0,
    "generalAndAdministrativeExpenses": 108612000,
    "sellingAndMarketingExpenses": 0,
    "sellingGeneralAndAdministrativeExpenses": 108612000,
    "otherExpenses": 73103000,
    "operatingExpenses": 181715000,
    "costAndExpenses": 994062000,
    "interestIncome": 2127000,
    "interestExpense": 1399000,
    "depreciationAndAmortization": 39513000,
    "ebitda": 0,
    "ebitdaratio": 0,
    "operatingIncome": -877444000,
    "operatingIncomeRatio": -7.5240871907,
    "totalOtherIncomeExpensesNet": -34763000,
    "incomeBeforeTax": -912207000,
    "incomeBeforeTaxRatio": -7.8221801094,
    "incomeTaxExpense": 17731000,
    "netIncome": -231574000,
    "netIncomeRatio": -1.9857483407,
    "eps": -0.85,
    "epsdiluted": -0.85,
    "weightedAverageShsOut": 272107151,
    "weightedAverageShsOutDil": 272107151,
    "link": "https://www.sec.gov/Archives/edgar/data/1393818/000119312509105360/0001193125-09-105360-index.htm",
    "finalLink": "https://www.sec.gov/Archives/edgar/data/1393818/000119312509105360/d10q.htm"
  },
  {
    "date": "2008-12-31",
    "symbol": "BX",
    "reportedCurrency": "USD",
    "cik": "0001393818",
    "fillingDate": "2009-03-02",
    "acceptedDate": "2009-03-02 16:24:39",
    "calendarYear": "2008",
    "period": "Q4",
    "revenue": -906905000,
    "costOfRevenue": 8682000,
    "grossProfit": -915587000,
    "grossProfitRatio": 1.0095732188,
    "researchAndDevelopmentExpenses": 0,
    "generalAndAdministrativeExpenses": 121040000,
    "sellingAndMarketingExpenses": 0,
    "sellingGeneralAndAdministrativeExpenses": 121040000,
    "otherExpenses": 862311000,
    "operatingExpenses": 983351000,
    "costAndExpenses": 992033000,
    "interestIncome": 0,
    "interestExpense": 8682000,
    "depreciationAndAmortization": 39512000,
    "ebitda": -1859426000,
    "ebitdaratio": 2.0502985428,
    "operatingIncome": -1898938000,
    "operatingIncomeRatio": 2.093866502,
    "totalOtherIncomeExpensesNet": 0,
    "incomeBeforeTax": -1898938000,
    "incomeBeforeTaxRatio": 2.093866502,
    "incomeTaxExpense": 8883000,
    "netIncome": -415177000,
    "netIncomeRatio": 0.4577954692,
    "eps": -1.52,
    "epsdiluted": -1.52,
    "weightedAverageShsOut": 273624497,
    "weightedAverageShsOutDil": 273624497,
    "link": "https://www.sec.gov/Archives/edgar/data/1393818/000119312509042585/0001193125-09-042585-index.htm",
    "finalLink": "https://www.sec.gov/Archives/edgar/data/1393818/000119312509042585/d10k.htm"
  },
  {
    "date": "2008-09-30",
    "symbol": "BX",
    "reportedCurrency": "USD",
    "cik": "0001393818",
    "fillingDate": "2008-11-07",
    "acceptedDate": "2008-11-07 16:01:54",
    "calendarYear": "2008",
    "period": "Q3",
    "revenue": -716902000,
    "costOfRevenue": 0,
    "grossProfit": -160254000,
    "grossProfitRatio": 0.2235368293,
    "researchAndDevelopmentExpenses": 0,
    "generalAndAdministrativeExpenses": 135284000,
    "sellingAndMarketingExpenses": 0,
    "sellingGeneralAndAdministrativeExpenses": 135284000,
    "otherExpenses": 440766000,
    "operatingExpenses": 576050000,
    "costAndExpenses": 576050000,
    "interestIncome": 7934000,
    "interestExpense": 5893000,
    "depreciationAndAmortization": 39512000,
    "ebitda": 0,
    "ebitdaratio": 0,
    "operatingIncome": -1292952000,
    "operatingIncomeRatio": 1.8035268419,
    "totalOtherIncomeExpensesNet": -550755000,
    "incomeBeforeTax": -1843707000,
    "incomeBeforeTaxRatio": 2.5717699211,
    "incomeTaxExpense": -21362000,
    "netIncome": -340331000,
    "netIncomeRatio": 0.4747245788,
    "eps": -1.27,
    "epsdiluted": -1.27,
    "weightedAverageShsOut": 267830881,
    "weightedAverageShsOutDil": 267830881,
    "link": "https://www.sec.gov/Archives/edgar/data/1393818/000119312508229980/0001193125-08-229980-index.htm",
    "finalLink": "https://www.sec.gov/Archives/edgar/data/1393818/000119312508229980/d10q.htm"
  },
  {
    "date": "2008-06-30",
    "symbol": "BX",
    "reportedCurrency": "USD",
    "cik": "0001393818",
    "fillingDate": "2008-08-08",
    "acceptedDate": "2008-08-08 13:39:28",
    "calendarYear": "2008",
    "period": "Q2",
    "revenue": 537922000,
    "costOfRevenue": 0,
    "grossProfit": 353933000,
    "grossProfitRatio": 0.6579634222,
    "researchAndDevelopmentExpenses": 0,
    "generalAndAdministrativeExpenses": 129592000,
    "sellingAndMarketingExpenses": 0,
    "sellingGeneralAndAdministrativeExpenses": 129592000,
    "otherExpenses": 1218486000,
    "operatingExpenses": 1348078000,
    "costAndExpenses": 1348078000,
    "interestIncome": 6730000,
    "interestExpense": 5689000,
    "depreciationAndAmortization": 40685000,
    "ebitda": 0,
    "ebitdaratio": 0,
    "operatingIncome": -810156000,
    "operatingIncomeRatio": -1.5060845253,
    "totalOtherIncomeExpensesNet": 189678000,
    "incomeBeforeTax": -620478000,
    "incomeBeforeTaxRatio": -1.1534720647,
    "incomeTaxExpense": -25851000,
    "netIncome": -156531000,
    "netIncomeRatio": -0.2909920026,
    "eps": -0.59,
    "epsdiluted": -0.59,
    "weightedAverageShsOut": 263610181,
    "weightedAverageShsOutDil": 263610181,
    "link": "https://www.sec.gov/Archives/edgar/data/1393818/000119312508171618/0001193125-08-171618-index.htm",
    "finalLink": "https://www.sec.gov/Archives/edgar/data/1393818/000119312508171618/d10q.htm"
  },
  {
    "date": "2008-03-31",
    "symbol": "BX",
    "reportedCurrency": "USD",
    "cik": "0001393818",
    "fillingDate": "2008-05-15",
    "acceptedDate": "2008-05-15 16:32:25",
    "calendarYear": "2008",
    "period": "Q1",
    "revenue": -149856000,
    "costOfRevenue": 0,
    "grossProfit": 68523000,
    "grossProfitRatio": -0.4572589686,
    "researchAndDevelopmentExpenses": 0,
    "generalAndAdministrativeExpenses": 118173000,
    "sellingAndMarketingExpenses": 0,
    "sellingGeneralAndAdministrativeExpenses": 118173000,
    "otherExpenses": 761511000,
    "operatingExpenses": 879684000,
    "costAndExpenses": 879684000,
    "interestIncome": 0,
    "interestExpense": 2743000,
    "depreciationAndAmortization": 33528000,
    "ebitda": 0,
    "ebitdaratio": 0,
    "operatingIncome": -1029540000,
    "operatingIncomeRatio": 6.8701953876,
    "totalOtherIncomeExpensesNet": -215636000,
    "incomeBeforeTax": -1245176000,
    "incomeBeforeTaxRatio": 8.3091501174,
    "incomeTaxExpense": 8981000,
    "netIncome": -250993000,
    "netIncomeRatio": 1.6748945654,
    "eps": -0.95,
    "epsdiluted": -0.95,
    "weightedAverageShsOut": 263147120,
    "weightedAverageShsOutDil": 263147120,
    "link": "https://www.sec.gov/Archives/edgar/data/1393818/000119312508116484/0001193125-08-116484-index.htm",
    "finalLink": "https://www.sec.gov/Archives/edgar/data/1393818/000119312508116484/d10q.htm"
  },
  {
    "date": "2007-12-31",
    "symbol": "BX",
    "reportedCurrency": "USD",
    "cik": "0001393818",
    "fillingDate": "2008-03-12",
    "acceptedDate": "2008-03-11 17:55:02",
    "calendarYear": "2007",
    "period": "Q4",
    "revenue": -1895258000,
    "costOfRevenue": 3520000,
    "grossProfit": -1898778000,
    "grossProfitRatio": 1.0018572669,
    "researchAndDevelopmentExpenses": 0,
    "generalAndAdministrativeExpenses": 159036000,
    "sellingAndMarketingExpenses": 0,
    "sellingGeneralAndAdministrativeExpenses": 159036000,
    "otherExpenses": -1341569000,
    "operatingExpenses": -1182533000,
    "costAndExpenses": -1179013000,
    "interestIncome": 0,
    "interestExpense": 3520000,
    "depreciationAndAmortization": 55203000,
    "ebitda": -661042000,
    "ebitdaratio": 0.3487873419,
    "operatingIncome": -716245000,
    "operatingIncomeRatio": 0.377914247,
    "totalOtherIncomeExpensesNet": 12903000,
    "incomeBeforeTax": -703342000,
    "incomeBeforeTaxRatio": 0.371106203,
    "incomeTaxExpense": 8576000,
    "netIncome": -170000000,
    "netIncomeRatio": 0.0896975504,
    "eps": -0.65,
    "epsdiluted": -0.65,
    "weightedAverageShsOut": 259826700,
    "weightedAverageShsOutDil": 259860669,
    "link": "https://www.sec.gov/Archives/edgar/data/1393818/000119312508053079/0001193125-08-053079-index.htm",
    "finalLink": "https://www.sec.gov/Archives/edgar/data/1393818/000119312508053079/d10k.htm"
  },
  {
    "date": "2007-09-30",
    "symbol": "BX",
    "reportedCurrency": "USD",
    "cik": "0001393818",
    "fillingDate": "2007-11-13",
    "acceptedDate": "2007-11-13 09:29:00",
    "calendarYear": "2007",
    "period": "Q3",
    "revenue": 534312000,
    "costOfRevenue": 0,
    "grossProfit": 526686000,
    "grossProfitRatio": 0.9857274401,
    "researchAndDevelopmentExpenses": 0,
    "generalAndAdministrativeExpenses": 119016000,
    "sellingAndMarketingExpenses": 0,
    "sellingGeneralAndAdministrativeExpenses": 119016000,
    "otherExpenses": 939605000,
    "operatingExpenses": 1058621000,
    "costAndExpenses": 1058621000,
    "interestIncome": 0,
    "interestExpense": 2258000,
    "depreciationAndAmortization": 55204000,
    "ebitda": 0,
    "ebitdaratio": 0,
    "operatingIncome": -524309000,
    "operatingIncomeRatio": -0.9812787285,
    "totalOtherIncomeExpensesNet": 9884000,
    "incomeBeforeTax": -514425000,
    "incomeBeforeTaxRatio": -0.9627801734,
    "incomeTaxExpense": 5841000,
    "netIncome": -113190000,
    "netIncomeRatio": -0.211842519,
    "eps": -0.44,
    "epsdiluted": -0.44,
    "weightedAverageShsOut": 260194486,
    "weightedAverageShsOutDil": 260194486,
    "link": "https://www.sec.gov/Archives/edgar/data/1393818/000119312507244254/0001193125-07-244254-index.htm",
    "finalLink": "https://www.sec.gov/Archives/edgar/data/1393818/000119312507244254/d10q.htm"
  },
  {
    "date": "2007-06-30",
    "symbol": "BX",
    "reportedCurrency": "USD",
    "cik": "0001393818",
    "fillingDate": "2007-08-13",
    "acceptedDate": "2007-08-13 16:38:14",
    "calendarYear": "2007",
    "period": "Q2",
    "revenue": 3297291000,
    "costOfRevenue": 0,
    "grossProfit": 952128000,
    "grossProfitRatio": 0.2887606826,
    "researchAndDevelopmentExpenses": 0,
    "generalAndAdministrativeExpenses": 116243000,
    "sellingAndMarketingExpenses": 0,
    "sellingGeneralAndAdministrativeExpenses": 116243000,
    "otherExpenses": 2705888000,
    "operatingExpenses": 2822131000,
    "costAndExpenses": 2822131000,
    "interestIncome": 0,
    "interestExpense": 15180000,
    "depreciationAndAmortization": 7200000,
    "ebitda": 0,
    "ebitdaratio": 0,
    "operatingIncome": 475160000,
    "operatingIncomeRatio": 0.1441061769,
    "totalOtherIncomeExpensesNet": 2360343000,
    "incomeBeforeTax": 2835503000,
    "incomeBeforeTaxRatio": 0.8599492735,
    "incomeTaxExpense": -2409000,
    "netIncome": 774351000,
    "netIncomeRatio": 0.2348446043,
    "eps": 10.08,
    "epsdiluted": 10.08,
    "weightedAverageShsOut": 189208003,
    "weightedAverageShsOutDil": 189208003,
    "link": "https://www.sec.gov/Archives/edgar/data/1393818/000119312507180760/0001193125-07-180760-index.htm",
    "finalLink": "https://www.sec.gov/Archives/edgar/data/1393818/000119312507180760/d10q.htm"
  },
  {
    "date": "2007-03-31",
    "symbol": "BX",
    "reportedCurrency": "USD",
    "cik": "0001393818",
    "fillingDate": "2007-03-31",
    "acceptedDate": "2007-03-31 00:00:00",
    "calendarYear": "2007",
    "period": "Q1",
    "revenue": 4262850000,
    "costOfRevenue": 11122000,
    "grossProfit": 4251728000,
    "grossProfitRatio": 0.9973909474,
    "researchAndDevelopmentExpenses": 0,
    "generalAndAdministrativeExpenses": 81821000,
    "sellingAndMarketingExpenses": 0,
    "sellingGeneralAndAdministrativeExpenses": 81821000,
    "otherExpenses": 3115689000,
    "operatingExpenses": 3197510000,
    "costAndExpenses": 3208632000,
    "interestIncome": 0,
    "interestExpense": 11122000,
    "depreciationAndAmortization": 0,
    "ebitda": 1054218000,
    "ebitdaratio": 0.2473035645,
    "operatingIncome": 1054218000,
    "operatingIncomeRatio": 0.2473035645,
    "totalOtherIncomeExpensesNet": 3036482000,
    "incomeBeforeTax": 4090700000,
    "incomeBeforeTaxRatio": 0.9596162192,
    "incomeTaxExpense": 13970000,
    "netIncome": 1132076000,
    "netIncomeRatio": 0.2655678713,
    "eps": 4.35,
    "epsdiluted": 4.35,
    "weightedAverageShsOut": 260171676,
    "weightedAverageShsOutDil": 260171676,
    "link": null,
    "finalLink": null
  },
  {
    "date": "2006-12-31",
    "symbol": "BX",
    "reportedCurrency": "USD",
    "cik": "0001393818",
    "fillingDate": "2006-12-31",
    "acceptedDate": "2006-12-31 00:00:00",
    "calendarYear": "2006",
    "period": "Q4",
    "revenue": 7850126000,
    "costOfRevenue": 0,
    "grossProfit": 7850126000,
    "grossProfitRatio": 1,
    "researchAndDevelopmentExpenses": 0,
    "generalAndAdministrativeExpenses": 0,
    "sellingAndMarketingExpenses": 0,
    "sellingGeneralAndAdministrativeExpenses": 0,
    "otherExpenses": 8066521000,
    "operatingExpenses": 8066521000,
    "costAndExpenses": 8066521000,
    "interestIncome": 0,
    "interestExpense": 0,
    "depreciationAndAmortization": 0,
    "ebitda": 0,
    "ebitdaratio": 0,
    "operatingIncome": -216395000,
    "operatingIncomeRatio": -0.0275657996,
    "totalOtherIncomeExpensesNet": 0,
    "incomeBeforeTax": -216395000,
    "incomeBeforeTaxRatio": -0.0275657996,
    "incomeTaxExpense": 0,
    "netIncome": 593017000,
    "netIncomeRatio": 0.0755423544,
    "eps": 3.23,
    "epsdiluted": 3.23,
    "weightedAverageShsOut": 183868331,
    "weightedAverageShsOutDil": 183868331,
    "link": null,
    "finalLink": null
  },
  {
    "date": "2006-09-30",
    "symbol": "BX",
    "reportedCurrency": "USD",
    "cik": "0001393818",
    "fillingDate": "2006-09-30",
    "acceptedDate": "2006-09-30 00:00:00",
    "calendarYear": "2006",
    "period": "Q3",
    "revenue": 1276702000,
    "costOfRevenue": 7268000,
    "grossProfit": 1269434000,
    "grossProfitRatio": 0.9943072072,
    "researchAndDevelopmentExpenses": 0,
    "generalAndAdministrativeExpenses": 63946000,
    "sellingAndMarketingExpenses": 0,
    "sellingGeneralAndAdministrativeExpenses": 63946000,
    "otherExpenses": 869465000,
    "operatingExpenses": 933411000,
    "costAndExpenses": 940679000,
    "interestIncome": 0,
    "interestExpense": 7268000,
    "depreciationAndAmortization": 0,
    "ebitda": 336023000,
    "ebitdaratio": 0.26319611,
    "operatingIncome": 336023000,
    "operatingIncomeRatio": 0.26319611,
    "totalOtherIncomeExpensesNet": 807904000,
    "incomeBeforeTax": 1143927000,
    "incomeBeforeTaxRatio": 0.8960015728,
    "incomeTaxExpense": 10041000,
    "netIncome": 372548000,
    "netIncomeRatio": 0.2918049788,
    "eps": 3.23,
    "epsdiluted": 3.23,
    "weightedAverageShsOut": 183868331,
    "weightedAverageShsOutDil": 183868331,
    "link": null,
    "finalLink": null
  },
  {
    "date": "2006-06-30",
    "symbol": "BX",
    "reportedCurrency": "USD",
    "cik": "0001393818",
    "fillingDate": "2006-06-30",
    "acceptedDate": "2006-06-30 00:00:00",
    "calendarYear": "2006",
    "period": "Q2",
    "revenue": 1577002000,
    "costOfRevenue": 15180000,
    "grossProfit": 1561822000,
    "grossProfitRatio": 0.9903741403,
    "researchAndDevelopmentExpenses": 0,
    "generalAndAdministrativeExpenses": 70218000,
    "sellingAndMarketingExpenses": 0,
    "sellingGeneralAndAdministrativeExpenses": 70218000,
    "otherExpenses": 1293204000,
    "operatingExpenses": 1363422000,
    "costAndExpenses": 1378602000,
    "interestIncome": 0,
    "interestExpense": 15180000,
    "depreciationAndAmortization": 0,
    "ebitda": 198400000,
    "ebitdaratio": 0.1258083376,
    "operatingIncome": 198400000,
    "operatingIncomeRatio": 0.1258083376,
    "totalOtherIncomeExpensesNet": 947659000,
    "incomeBeforeTax": 1146059000,
    "incomeBeforeTaxRatio": 0.7267327499,
    "incomeTaxExpense": -2409000,
    "netIncome": 774351000,
    "netIncomeRatio": 0.4910272783,
    "eps": 3.13,
    "epsdiluted": 3.13,
    "weightedAverageShsOut": 189208003,
    "weightedAverageShsOutDil": 189208003,
    "link": null,
    "finalLink": null
  },
  {
    "date": "2006-03-31",
    "symbol": "BX",
    "reportedCurrency": "USD",
    "cik": "0001393818",
    "fillingDate": "2006-03-31",
    "acceptedDate": "2006-03-31 00:00:00",
    "calendarYear": "2006",
    "period": "Q1",
    "revenue": 220989000,
    "costOfRevenue": 0,
    "grossProfit": 220989000,
    "grossProfitRatio": 1,
    "researchAndDevelopmentExpenses": 0,
    "generalAndAdministrativeExpenses": 0,
    "sellingAndMarketingExpenses": 0,
    "sellingGeneralAndAdministrativeExpenses": 0,
    "otherExpenses": 0,
    "operatingExpenses": 0,
    "costAndExpenses": 0,
    "interestIncome": 0,
    "interestExpense": 0,
    "depreciationAndAmortization": 0,
    "ebitda": 0,
    "ebitdaratio": 0,
    "operatingIncome": 220989000,
    "operatingIncomeRatio": 1,
    "totalOtherIncomeExpensesNet": 0,
    "incomeBeforeTax": 220989000,
    "incomeBeforeTaxRatio": 1,
    "incomeTaxExpense": 0,
    "netIncome": 487155000,
    "netIncomeRatio": 2.2044309898,
    "eps": 2.57,
    "epsdiluted": 2.57,
    "weightedAverageShsOut": 189208003,
    "weightedAverageShsOutDil": 189208003,
    "link": null,
    "finalLink": null
  },
  {
    "date": "2005-12-31",
    "symbol": "BX",
    "reportedCurrency": "USD",
    "cik": "0001393818",
    "fillingDate": "2005-12-31",
    "acceptedDate": "2005-12-31 00:00:00",
    "calendarYear": "2005",
    "period": "Q4",
    "revenue": 5266717000,
    "costOfRevenue": 0,
    "grossProfit": 5266717000,
    "grossProfitRatio": 1,
    "researchAndDevelopmentExpenses": 0,
    "generalAndAdministrativeExpenses": 0,
    "sellingAndMarketingExpenses": 0,
    "sellingGeneralAndAdministrativeExpenses": 0,
    "otherExpenses": -155385000,
    "operatingExpenses": -155385000,
    "costAndExpenses": -155385000,
    "interestIncome": 0,
    "interestExpense": 0,
    "depreciationAndAmortization": 0,
    "ebitda": 0,
    "ebitdaratio": 0,
    "operatingIncome": 5422102000,
    "operatingIncomeRatio": 1.0295031991,
    "totalOtherIncomeExpensesNet": 0,
    "incomeBeforeTax": 5422102000,
    "incomeBeforeTaxRatio": 1.0295031991,
    "incomeTaxExpense": 0,
    "netIncome": 332666000,
    "netIncomeRatio": 0.0631638267,
    "eps": 1.81,
    "epsdiluted": 1.81,
    "weightedAverageShsOut": 183868331,
    "weightedAverageShsOutDil": 183868331,
    "link": null,
    "finalLink": null
  },
  {
    "date": "2005-09-30",
    "symbol": "BX",
    "reportedCurrency": "USD",
    "cik": "0001393818",
    "fillingDate": "2005-09-30",
    "acceptedDate": "2005-09-30 00:00:00",
    "calendarYear": "2005",
    "period": "Q3",
    "revenue": 124187000,
    "costOfRevenue": 0,
    "grossProfit": 124187000,
    "grossProfitRatio": 1,
    "researchAndDevelopmentExpenses": 0,
    "generalAndAdministrativeExpenses": 0,
    "sellingAndMarketingExpenses": 0,
    "sellingGeneralAndAdministrativeExpenses": 0,
    "otherExpenses": 0,
    "operatingExpenses": 0,
    "costAndExpenses": 0,
    "interestIncome": 0,
    "interestExpense": 0,
    "depreciationAndAmortization": 0,
    "ebitda": 0,
    "ebitdaratio": 0,
    "operatingIncome": 124187000,
    "operatingIncomeRatio": 1,
    "totalOtherIncomeExpensesNet": 0,
    "incomeBeforeTax": 124187000,
    "incomeBeforeTaxRatio": 1,
    "incomeTaxExpense": 0,
    "netIncome": 332666000,
    "netIncomeRatio": 2.6787505939,
    "eps": 1.81,
    "epsdiluted": 1.81,
    "weightedAverageShsOut": 183868331,
    "weightedAverageShsOutDil": 183868331,
    "link": null,
    "finalLink": null
  },
  {
    "date": "2005-06-30",
    "symbol": "BX",
    "reportedCurrency": "USD",
    "cik": "0001393818",
    "fillingDate": "2005-06-30",
    "acceptedDate": "2005-06-30 00:00:00",
    "calendarYear": "2005",
    "period": "Q2",
    "revenue": 124187000,
    "costOfRevenue": 0,
    "grossProfit": 124187000,
    "grossProfitRatio": 1,
    "researchAndDevelopmentExpenses": 0,
    "generalAndAdministrativeExpenses": 0,
    "sellingAndMarketingExpenses": 0,
    "sellingGeneralAndAdministrativeExpenses": 0,
    "otherExpenses": 0,
    "operatingExpenses": 0,
    "costAndExpenses": 0,
    "interestIncome": 0,
    "interestExpense": 0,
    "depreciationAndAmortization": 0,
    "ebitda": 0,
    "ebitdaratio": 0,
    "operatingIncome": 124187000,
    "operatingIncomeRatio": 1,
    "totalOtherIncomeExpensesNet": 0,
    "incomeBeforeTax": 124187000,
    "incomeBeforeTaxRatio": 1,
    "incomeTaxExpense": 0,
    "netIncome": 332666000,
    "netIncomeRatio": 2.6787505939,
    "eps": 1.81,
    "epsdiluted": 1.81,
    "weightedAverageShsOut": 183868331,
    "weightedAverageShsOutDil": 183868331,
    "link": null,
    "finalLink": null
  },
  {
    "date": "2005-03-31",
    "symbol": "BX",
    "reportedCurrency": "USD",
    "cik": "0001393818",
    "fillingDate": "2005-03-31",
    "acceptedDate": "2005-03-31 00:00:00",
    "calendarYear": "2005",
    "period": "Q1",
    "revenue": 124187000,
    "costOfRevenue": 0,
    "grossProfit": 124187000,
    "grossProfitRatio": 1,
    "researchAndDevelopmentExpenses": 0,
    "generalAndAdministrativeExpenses": 0,
    "sellingAndMarketingExpenses": 0,
    "sellingGeneralAndAdministrativeExpenses": 0,
    "otherExpenses": 0,
    "operatingExpenses": 0,
    "costAndExpenses": 0,
    "interestIncome": 0,
    "interestExpense": 0,
    "depreciationAndAmortization": 0,
    "ebitda": 0,
    "ebitdaratio": 0,
    "operatingIncome": 124187000,
    "operatingIncomeRatio": 1,
    "totalOtherIncomeExpensesNet": 0,
    "incomeBeforeTax": 124187000,
    "incomeBeforeTaxRatio": 1,
    "incomeTaxExpense": 0,
    "netIncome": 332666000,
    "netIncomeRatio": 2.6787505939,
    "eps": 1.81,
    "epsdiluted": 1.81,
    "weightedAverageShsOut": 183868331,
    "weightedAverageShsOutDil": 183868331,
    "link": null,
    "finalLink": null
  }
]