[
  {
    "date": "2025-06-30",
    "symbol": "BXP",
    "reportedCurrency": "USD",
    "cik": "0001037540",
    "fillingDate": "2025-08-06",
    "acceptedDate": "2025-08-06 14:20:09",
    "calendarYear": "2025",
    "period": "Q2",
    "revenue": 868457000,
    "costOfRevenue": 341429000,
    "grossProfit": 299107000,
    "grossProfitRatio": 0.3444119859,
    "researchAndDevelopmentExpenses": 0,
    "generalAndAdministrativeExpenses": 42516000,
    "sellingAndMarketingExpenses": 0,
    "sellingGeneralAndAdministrativeExpenses": 42516000,
    "otherExpenses": 0,
    "operatingExpenses": 42516000,
    "costAndExpenses": 611866000,
    "interestIncome": 8063000,
    "interestExpense": 162783000,
    "depreciationAndAmortization": 223819000,
    "ebitda": 480014000,
    "ebitdaratio": 0.5527205147,
    "operatingIncome": 256591000,
    "operatingIncomeRatio": 0.2954561941,
    "totalOtherIncomeExpensesNet": -137450000,
    "incomeBeforeTax": 119141000,
    "incomeBeforeTaxRatio": 0.137186988,
    "incomeTaxExpense": 0,
    "netIncome": 88977000,
    "netIncomeRatio": 0.1024541227,
    "eps": 0.56,
    "epsdiluted": 0.56,
    "weightedAverageShsOut": 158202000,
    "weightedAverageShsOutDil": 158632000,
    "link": "https://www.sec.gov/Archives/edgar/data/1037540/000165642325000046/0001656423-25-000046-index.htm",
    "finalLink": "https://www.sec.gov/Archives/edgar/data/1037540/000165642325000046/bxp-20250630.htm"
  },
  {
    "date": "2025-03-31",
    "symbol": "BXP",
    "reportedCurrency": "USD",
    "cik": "0001037540",
    "fillingDate": "2025-05-06",
    "acceptedDate": "2025-05-06 15:19:58",
    "calendarYear": "2025",
    "period": "Q1",
    "revenue": 865215000,
    "costOfRevenue": 339911000,
    "grossProfit": 525304000,
    "grossProfitRatio": 0.6071369544,
    "researchAndDevelopmentExpenses": 0,
    "generalAndAdministrativeExpenses": 52284000,
    "sellingAndMarketingExpenses": 0,
    "sellingGeneralAndAdministrativeExpenses": 52284000,
    "otherExpenses": 0,
    "operatingExpenses": 52284000,
    "costAndExpenses": 392195000,
    "interestIncome": 7750000,
    "interestExpense": 163444000,
    "depreciationAndAmortization": 221798000,
    "ebitda": 470212000,
    "ebitdaratio": 0.5434626076,
    "operatingIncome": 473020000,
    "operatingIncomeRatio": 0.5467080437,
    "totalOtherIncomeExpensesNet": -386115000,
    "incomeBeforeTax": 86905000,
    "incomeBeforeTaxRatio": 0.1004432424,
    "incomeTaxExpense": 0,
    "netIncome": 61177000,
    "netIncomeRatio": 0.0707072808,
    "eps": 0.39,
    "epsdiluted": 0.39,
    "weightedAverageShsOut": 158202000,
    "weightedAverageShsOutDil": 158632000,
    "link": "https://www.sec.gov/Archives/edgar/data/1037540/000165642325000034/0001656423-25-000034-index.htm",
    "finalLink": "https://www.sec.gov/Archives/edgar/data/1037540/000165642325000034/bxp-20250331.htm"
  },
  {
    "date": "2024-12-31",
    "symbol": "BXP",
    "reportedCurrency": "USD",
    "cik": "0001037540",
    "fillingDate": "2025-02-27",
    "acceptedDate": "2025-02-27 15:36:49",
    "calendarYear": "2024",
    "period": "Q4",
    "revenue": 858571000,
    "costOfRevenue": 333666000,
    "grossProfit": 524905000,
    "grossProfitRatio": 0.6113705215,
    "researchAndDevelopmentExpenses": 0,
    "generalAndAdministrativeExpenses": 36902000,
    "sellingAndMarketingExpenses": 0,
    "sellingGeneralAndAdministrativeExpenses": 36902000,
    "otherExpenses": 226043000,
    "operatingExpenses": 262945000,
    "costAndExpenses": 595904000,
    "interestIncome": 20452000,
    "interestExpense": 170390000,
    "depreciationAndAmortization": 230577000,
    "ebitda": 163150000,
    "ebitdaratio": 0.1900250533,
    "operatingIncome": 262667000,
    "operatingIncomeRatio": 0.3059350945,
    "totalOtherIncomeExpensesNet": -500484000,
    "incomeBeforeTax": -237817000,
    "incomeBeforeTaxRatio": -0.2769916524,
    "incomeTaxExpense": 0,
    "netIncome": -228854000,
    "netIncomeRatio": -0.2665522129,
    "eps": -1.45,
    "epsdiluted": -1.45,
    "weightedAverageShsOut": 157468000,
    "weightedAverageShsOutDil": 157468000,
    "link": "https://www.sec.gov/Archives/edgar/data/1037540/000165642325000009/0001656423-25-000009-index.htm",
    "finalLink": "https://www.sec.gov/Archives/edgar/data/1037540/000165642325000009/bxp-20241231.htm"
  },
  {
    "date": "2024-09-30",
    "symbol": "BXP",
    "reportedCurrency": "USD",
    "cik": "0001037540",
    "fillingDate": "2024-11-05",
    "acceptedDate": "2024-11-05 13:23:51",
    "calendarYear": "2024",
    "period": "Q3",
    "revenue": 859227000,
    "costOfRevenue": 564269000,
    "grossProfit": 294958000,
    "grossProfitRatio": 0.3432829741,
    "researchAndDevelopmentExpenses": 0,
    "generalAndAdministrativeExpenses": 33352000,
    "sellingAndMarketingExpenses": 0,
    "sellingGeneralAndAdministrativeExpenses": 33352000,
    "otherExpenses": 0,
    "operatingExpenses": 33352000,
    "costAndExpenses": 597715000,
    "interestIncome": 14430000,
    "interestExpense": 163194000,
    "depreciationAndAmortization": 222890000,
    "ebitda": 484402000,
    "ebitdaratio": 0.5637648724,
    "operatingIncome": 261512000,
    "operatingIncomeRatio": 0.3043572886,
    "totalOtherIncomeExpensesNet": -153060000,
    "incomeBeforeTax": 108452000,
    "incomeBeforeTaxRatio": 0.1262204284,
    "incomeTaxExpense": 0,
    "netIncome": 83628000,
    "netIncomeRatio": 0.0973293437,
    "eps": 0.53,
    "epsdiluted": 0.53,
    "weightedAverageShsOut": 157725000,
    "weightedAverageShsOutDil": 158213000,
    "link": "https://www.sec.gov/Archives/edgar/data/1037540/000165642324000059/0001656423-24-000059-index.htm",
    "finalLink": "https://www.sec.gov/Archives/edgar/data/1037540/000165642324000059/bxp-20240930.htm"
  },
  {
    "date": "2024-06-30",
    "symbol": "BXP",
    "reportedCurrency": "USD",
    "cik": "0001037540",
    "fillingDate": "2024-08-05",
    "acceptedDate": "2024-08-05 16:49:38",
    "calendarYear": "2024",
    "period": "Q2",
    "revenue": 850482000,
    "costOfRevenue": 331265000,
    "grossProfit": 519217000,
    "grossProfitRatio": 0.6104973415,
    "researchAndDevelopmentExpenses": 0,
    "generalAndAdministrativeExpenses": 48257000,
    "sellingAndMarketingExpenses": 0,
    "sellingGeneralAndAdministrativeExpenses": 48257000,
    "otherExpenses": 219542000,
    "operatingExpenses": 267799000,
    "costAndExpenses": 599195000,
    "interestIncome": 10788000,
    "interestExpense": 149642000,
    "depreciationAndAmortization": 219542000,
    "ebitda": 470829000,
    "ebitdaratio": 0.5536025454,
    "operatingIncome": 251287000,
    "operatingIncomeRatio": 0.2954642191,
    "totalOtherIncomeExpensesNet": 0,
    "incomeBeforeTax": 106949000,
    "incomeBeforeTaxRatio": 0.1257510447,
    "incomeTaxExpense": 27334000,
    "netIncome": 79615000,
    "netIncomeRatio": 0.0936116226,
    "eps": 0.51,
    "epsdiluted": 0.51,
    "weightedAverageShsOut": 157039000,
    "weightedAverageShsOutDil": 157291000,
    "link": "https://www.sec.gov/Archives/edgar/data/1037540/000165642324000046/0001656423-24-000046-index.htm",
    "finalLink": "https://www.sec.gov/Archives/edgar/data/1037540/000165642324000046/bxp-20240630.htm"
  },
  {
    "date": "2024-03-31",
    "symbol": "BXP",
    "reportedCurrency": "USD",
    "cik": "0001037540",
    "fillingDate": "2024-05-10",
    "acceptedDate": "2024-05-10 10:48:23",
    "calendarYear": "2024",
    "period": "Q1",
    "revenue": 839439000,
    "costOfRevenue": 543181000,
    "grossProfit": 296258000,
    "grossProfitRatio": 0.3529237979,
    "researchAndDevelopmentExpenses": 0,
    "generalAndAdministrativeExpenses": 50018000,
    "sellingAndMarketingExpenses": 0,
    "sellingGeneralAndAdministrativeExpenses": 50018000,
    "otherExpenses": 117000,
    "operatingExpenses": 50135000,
    "costAndExpenses": 593316000,
    "interestIncome": 14529000,
    "interestExpense": 161891000,
    "depreciationAndAmortization": 218716000,
    "ebitda": 464839000,
    "ebitdaratio": 0.5537495875,
    "operatingIncome": 246123000,
    "operatingIncomeRatio": 0.2931993867,
    "totalOtherIncomeExpensesNet": 0,
    "incomeBeforeTax": 106604000,
    "incomeBeforeTaxRatio": 0.1269943379,
    "incomeTaxExpense": 42368000,
    "netIncome": 79883000,
    "netIncomeRatio": 0.0951623644,
    "eps": 0.51,
    "epsdiluted": 0.51,
    "weightedAverageShsOut": 156983000,
    "weightedAverageShsOutDil": 157132000,
    "link": "https://www.sec.gov/Archives/edgar/data/1037540/000165642324000028/0001656423-24-000028-index.htm",
    "finalLink": "https://www.sec.gov/Archives/edgar/data/1037540/000165642324000028/bxp-20240331.htm"
  },
  {
    "date": "2023-12-31",
    "symbol": "BXP",
    "reportedCurrency": "USD",
    "cik": "0001037540",
    "fillingDate": "2024-02-27",
    "acceptedDate": "2024-02-27 15:56:05",
    "calendarYear": "2023",
    "period": "Q4",
    "revenue": 828933000,
    "costOfRevenue": 525872000,
    "grossProfit": 303061000,
    "grossProfitRatio": 0.365603734,
    "researchAndDevelopmentExpenses": 0,
    "generalAndAdministrativeExpenses": 42792000,
    "sellingAndMarketingExpenses": 0,
    "sellingGeneralAndAdministrativeExpenses": 42792000,
    "otherExpenses": -4021000,
    "operatingExpenses": 38771000,
    "costAndExpenses": 567079000,
    "interestIncome": 20965000,
    "interestExpense": 155080000,
    "depreciationAndAmortization": 212067000,
    "ebitda": 464554000,
    "ebitdaratio": 0.5604240632,
    "operatingIncome": 261854000,
    "operatingIncomeRatio": 0.3158928406,
    "totalOtherIncomeExpensesNet": -108619999,
    "incomeBeforeTax": 153155000,
    "incomeBeforeTaxRatio": 0.1847616152,
    "incomeTaxExpense": 0,
    "netIncome": 119925000,
    "netIncomeRatio": 0.1446739363,
    "eps": 0.76,
    "epsdiluted": 0.76,
    "weightedAverageShsOut": 156945000,
    "weightedAverageShsOutDil": 157276000,
    "link": "https://www.sec.gov/Archives/edgar/data/1037540/000165642324000007/0001656423-24-000007-index.htm",
    "finalLink": "https://www.sec.gov/Archives/edgar/data/1037540/000165642324000007/bxp-20231231.htm"
  },
  {
    "date": "2023-09-30",
    "symbol": "BXP",
    "reportedCurrency": "USD",
    "cik": "0001037540",
    "fillingDate": "2023-11-07",
    "acceptedDate": "2023-11-07 16:07:16",
    "calendarYear": "2023",
    "period": "Q3",
    "revenue": 824283000,
    "costOfRevenue": 312598000,
    "grossProfit": 511685000,
    "grossProfitRatio": 0.6207637425,
    "researchAndDevelopmentExpenses": 0,
    "generalAndAdministrativeExpenses": 31930000,
    "sellingAndMarketingExpenses": 0,
    "sellingGeneralAndAdministrativeExpenses": 31930000,
    "otherExpenses": -32212000,
    "operatingExpenses": 239365000,
    "costAndExpenses": 551963000,
    "interestIncome": 20715000,
    "interestExpense": 147812000,
    "depreciationAndAmortization": 207435000,
    "ebitda": 237681000,
    "ebitdaratio": 0.2883487831,
    "operatingIncome": 45479000,
    "operatingIncomeRatio": 0.0551740118,
    "totalOtherIncomeExpensesNet": -341224000,
    "incomeBeforeTax": -103543000,
    "incomeBeforeTaxRatio": -0.1256158382,
    "incomeTaxExpense": -91461000,
    "netIncome": -111826000,
    "netIncomeRatio": -0.1356645715,
    "eps": -0.71,
    "epsdiluted": -0.71,
    "weightedAverageShsOut": 156880000,
    "weightedAverageShsOutDil": 156880000,
    "link": "https://www.sec.gov/Archives/edgar/data/1037540/000165642323000047/0001656423-23-000047-index.htm",
    "finalLink": "https://www.sec.gov/Archives/edgar/data/1037540/000165642323000047/bxp-20230930.htm"
  },
  {
    "date": "2023-06-30",
    "symbol": "BXP",
    "reportedCurrency": "USD",
    "cik": "0001037540",
    "fillingDate": "2023-08-07",
    "acceptedDate": "2023-08-07 16:03:22",
    "calendarYear": "2023",
    "period": "Q2",
    "revenue": 817153000,
    "costOfRevenue": 301809000,
    "grossProfit": 515344000,
    "grossProfitRatio": 0.6306579062,
    "researchAndDevelopmentExpenses": 0,
    "generalAndAdministrativeExpenses": 46172000,
    "sellingAndMarketingExpenses": 0,
    "sellingGeneralAndAdministrativeExpenses": 46172000,
    "otherExpenses": -44359000,
    "operatingExpenses": 248749000,
    "costAndExpenses": 550558000,
    "interestIncome": 17343000,
    "interestExpense": 142473000,
    "depreciationAndAmortization": 202577000,
    "ebitda": 468988000,
    "ebitdaratio": 0.5739292397,
    "operatingIncome": 277270000,
    "operatingIncomeRatio": 0.3393122218,
    "totalOtherIncomeExpensesNet": -130411000,
    "incomeBeforeTax": 136184000,
    "incomeBeforeTaxRatio": 0.1666566726,
    "incomeTaxExpense": 167690000,
    "netIncome": 104299000,
    "netIncomeRatio": 0.1276370521,
    "eps": 0.67,
    "epsdiluted": 0.66,
    "weightedAverageShsOut": 156826000,
    "weightedAverageShsOutDil": 157218000,
    "link": "https://www.sec.gov/Archives/edgar/data/1037540/000165642323000040/0001656423-23-000040-index.htm",
    "finalLink": "https://www.sec.gov/Archives/edgar/data/1037540/000165642323000040/bxp-20230630.htm"
  },
  {
    "date": "2023-03-31",
    "symbol": "BXP",
    "reportedCurrency": "USD",
    "cik": "0001037540",
    "fillingDate": "2023-05-03",
    "acceptedDate": "2023-05-03 16:35:21",
    "calendarYear": "2023",
    "period": "Q1",
    "revenue": 803200000,
    "costOfRevenue": 297979000,
    "grossProfit": 505221000,
    "grossProfitRatio": 0.6290102092,
    "researchAndDevelopmentExpenses": 0,
    "generalAndAdministrativeExpenses": 61037000,
    "sellingAndMarketingExpenses": 0,
    "sellingGeneralAndAdministrativeExpenses": 61037000,
    "otherExpenses": 444184000,
    "operatingExpenses": 505221000,
    "costAndExpenses": 803200000,
    "interestIncome": 10941000,
    "interestExpense": 134207000,
    "depreciationAndAmortization": 209386000,
    "ebitda": 449221000,
    "ebitdaratio": 0.5592890936,
    "operatingIncome": 436371000,
    "operatingIncomeRatio": 0.5432905876,
    "totalOtherIncomeExpensesNet": -330743000,
    "incomeBeforeTax": 105628000,
    "incomeBeforeTaxRatio": 0.1315089641,
    "incomeTaxExpense": 0,
    "netIncome": 77890000,
    "netIncomeRatio": 0.0969746016,
    "eps": 0.5,
    "epsdiluted": 0.5,
    "weightedAverageShsOut": 156803000,
    "weightedAverageShsOutDil": 157043000,
    "link": "https://www.sec.gov/Archives/edgar/data/1037540/000165642323000024/0001656423-23-000024-index.htm",
    "finalLink": "https://www.sec.gov/Archives/edgar/data/1037540/000165642323000024/bxp-20230331.htm"
  },
  {
    "date": "2022-12-31",
    "symbol": "BXP",
    "reportedCurrency": "USD",
    "cik": "0001037540",
    "fillingDate": "2023-02-27",
    "acceptedDate": "2023-02-27 16:48:19",
    "calendarYear": "2022",
    "period": "Q4",
    "revenue": 789824000,
    "costOfRevenue": 292292000,
    "grossProfit": 497532000,
    "grossProfitRatio": 0.6299276801,
    "researchAndDevelopmentExpenses": 0,
    "generalAndAdministrativeExpenses": 37865000,
    "sellingAndMarketingExpenses": 0,
    "sellingGeneralAndAdministrativeExpenses": 37865000,
    "otherExpenses": 198330000,
    "operatingExpenses": 236195000,
    "costAndExpenses": 528487000,
    "interestIncome": 5789000,
    "interestExpense": 119923000,
    "depreciationAndAmortization": 198330000,
    "ebitda": 458758000,
    "ebitdaratio": 0.5808357305,
    "operatingIncome": 208675000,
    "operatingIncomeRatio": 0.2642044304,
    "totalOtherIncomeExpensesNet": -105614000,
    "incomeBeforeTax": 155723000,
    "incomeBeforeTaxRatio": 0.1971616461,
    "incomeTaxExpense": 119923000,
    "netIncome": 35800000,
    "netIncomeRatio": 0.0453265538,
    "eps": 0.23,
    "epsdiluted": 0.23,
    "weightedAverageShsOut": 156773000,
    "weightedAverageShsOutDil": 157112000,
    "link": "https://www.sec.gov/Archives/edgar/data/1037540/000165642323000013/0001656423-23-000013-index.htm",
    "finalLink": "https://www.sec.gov/Archives/edgar/data/1037540/000165642323000013/bxp-20221231.htm"
  },
  {
    "date": "2022-09-30",
    "symbol": "BXP",
    "reportedCurrency": "USD",
    "cik": "0001037540",
    "fillingDate": "2022-11-04",
    "acceptedDate": "2022-11-04 14:39:26",
    "calendarYear": "2022",
    "period": "Q3",
    "revenue": 790523000,
    "costOfRevenue": 294150000,
    "grossProfit": 496373000,
    "grossProfitRatio": 0.6279045644,
    "researchAndDevelopmentExpenses": 0,
    "generalAndAdministrativeExpenses": 32519000,
    "sellingAndMarketingExpenses": 0,
    "sellingGeneralAndAdministrativeExpenses": 32519000,
    "otherExpenses": 190675000,
    "operatingExpenses": 223194000,
    "costAndExpenses": 517344000,
    "interestIncome": 3728000,
    "interestExpense": 111846000,
    "depreciationAndAmortization": 190675000,
    "ebitda": 464058000,
    "ebitdaratio": 0.5870265634,
    "operatingIncome": 273383000,
    "operatingIncomeRatio": 0.3458254852,
    "totalOtherIncomeExpensesNet": -39292000,
    "incomeBeforeTax": 420661000,
    "incomeBeforeTaxRatio": 0.532129995,
    "incomeTaxExpense": 111846000,
    "netIncome": 360977000,
    "netIncomeRatio": 0.4566306104,
    "eps": 2.3,
    "epsdiluted": 2.3,
    "weightedAverageShsOut": 156754000,
    "weightedAverageShsOutDil": 157133000,
    "link": "https://www.sec.gov/Archives/edgar/data/1037540/000165642322000043/0001656423-22-000043-index.htm",
    "finalLink": "https://www.sec.gov/Archives/edgar/data/1037540/000165642322000043/bxp-20220930.htm"
  },
  {
    "date": "2022-06-30",
    "symbol": "BXP",
    "reportedCurrency": "USD",
    "cik": "0001037540",
    "fillingDate": "2022-08-05",
    "acceptedDate": "2022-08-05 17:11:33",
    "calendarYear": "2022",
    "period": "Q2",
    "revenue": 773927000,
    "costOfRevenue": 283531000,
    "grossProfit": 490396000,
    "grossProfitRatio": 0.6336463258,
    "researchAndDevelopmentExpenses": 0,
    "generalAndAdministrativeExpenses": 34665000,
    "sellingAndMarketingExpenses": 0,
    "sellingGeneralAndAdministrativeExpenses": 34665000,
    "otherExpenses": 183146000,
    "operatingExpenses": 217811000,
    "costAndExpenses": 501342000,
    "interestIncome": 1195000,
    "interestExpense": 104142000,
    "depreciationAndAmortization": 183146000,
    "ebitda": 574286000,
    "ebitdaratio": 0.7420415621,
    "operatingIncome": 280350000,
    "operatingIncomeRatio": 0.3622434674,
    "totalOtherIncomeExpensesNet": -5342000,
    "incomeBeforeTax": 267243000,
    "incomeBeforeTaxRatio": 0.3453077616,
    "incomeTaxExpense": 104142000,
    "netIncome": 163101000,
    "netIncomeRatio": 0.2107446826,
    "eps": 1.04,
    "epsdiluted": 1.04,
    "weightedAverageShsOut": 156720000,
    "weightedAverageShsOutDil": 157192000,
    "link": "https://www.sec.gov/Archives/edgar/data/1037540/000165642322000032/0001656423-22-000032-index.htm",
    "finalLink": "https://www.sec.gov/Archives/edgar/data/1037540/000165642322000032/bxp-20220630.htm"
  },
  {
    "date": "2022-03-31",
    "symbol": "BXP",
    "reportedCurrency": "USD",
    "cik": "0001037540",
    "fillingDate": "2022-05-02",
    "acceptedDate": "2022-05-02 17:14:02",
    "calendarYear": "2022",
    "period": "Q1",
    "revenue": 754307000,
    "costOfRevenue": 279160000,
    "grossProfit": 475147000,
    "grossProfitRatio": 0.6299119589,
    "researchAndDevelopmentExpenses": 0,
    "generalAndAdministrativeExpenses": 43194000,
    "sellingAndMarketingExpenses": 0,
    "sellingGeneralAndAdministrativeExpenses": 43194000,
    "otherExpenses": 177624000,
    "operatingExpenses": 220818000,
    "costAndExpenses": 499978000,
    "interestIncome": 1228000,
    "interestExpense": 101228000,
    "depreciationAndAmortization": 177624000,
    "ebitda": 431953000,
    "ebitdaratio": 0.5726488021,
    "operatingIncome": 257746000,
    "operatingIncomeRatio": 0.3416990695,
    "totalOtherIncomeExpensesNet": -77372000,
    "incomeBeforeTax": 176957000,
    "incomeBeforeTaxRatio": 0.2345954631,
    "incomeTaxExpense": 101228000,
    "netIncome": 75729000,
    "netIncomeRatio": 0.1003954623,
    "eps": 0.48,
    "epsdiluted": 0.48,
    "weightedAverageShsOut": 156650000,
    "weightedAverageShsOutDil": 157004000,
    "link": "https://www.sec.gov/Archives/edgar/data/1037540/000165642322000020/0001656423-22-000020-index.htm",
    "finalLink": "https://www.sec.gov/Archives/edgar/data/1037540/000165642322000020/bxp-20220331.htm"
  },
  {
    "date": "2021-12-31",
    "symbol": "BXP",
    "reportedCurrency": "USD",
    "cik": "0001037540",
    "fillingDate": "2022-02-25",
    "acceptedDate": "2022-02-25 14:38:50",
    "calendarYear": "2021",
    "period": "Q4",
    "revenue": 731063000,
    "costOfRevenue": 264824000,
    "grossProfit": 466239000,
    "grossProfitRatio": 0.6377548857,
    "researchAndDevelopmentExpenses": 0,
    "generalAndAdministrativeExpenses": 33929000,
    "sellingAndMarketingExpenses": 0,
    "sellingGeneralAndAdministrativeExpenses": 33929000,
    "otherExpenses": 177521000,
    "operatingExpenses": 211450000,
    "costAndExpenses": 476274000,
    "interestIncome": 1564000,
    "interestExpense": 103331000,
    "depreciationAndAmortization": 177521000,
    "ebitda": 430244000,
    "ebitdaratio": 0.588518363,
    "operatingIncome": 153022000,
    "operatingIncomeRatio": 0.2093143819,
    "totalOtherIncomeExpensesNet": -31504000,
    "incomeBeforeTax": 223285000,
    "incomeBeforeTaxRatio": 0.3054251138,
    "incomeTaxExpense": 103331000,
    "netIncome": 184537000,
    "netIncomeRatio": 0.2524228418,
    "eps": 1.18,
    "epsdiluted": 1.18,
    "weightedAverageShsOut": 156297000,
    "weightedAverageShsOutDil": 156654000,
    "link": "https://www.sec.gov/Archives/edgar/data/1037540/000165642322000013/0001656423-22-000013-index.htm",
    "finalLink": "https://www.sec.gov/Archives/edgar/data/1037540/000165642322000013/bxp-20211231.htm"
  },
  {
    "date": "2021-09-30",
    "symbol": "BXP",
    "reportedCurrency": "USD",
    "cik": "0001037540",
    "fillingDate": "2021-11-05",
    "acceptedDate": "2021-11-05 14:30:10",
    "calendarYear": "2021",
    "period": "Q3",
    "revenue": 730056000,
    "costOfRevenue": 265233000,
    "grossProfit": 464823000,
    "grossProfitRatio": 0.6366949933,
    "researchAndDevelopmentExpenses": 0,
    "generalAndAdministrativeExpenses": 34560000,
    "sellingAndMarketingExpenses": 0,
    "sellingGeneralAndAdministrativeExpenses": 34560000,
    "otherExpenses": 179412000,
    "operatingExpenses": 213972000,
    "costAndExpenses": 479205000,
    "interestIncome": 1520000,
    "interestExpense": 105794000,
    "depreciationAndAmortization": 179412000,
    "ebitda": 423884000,
    "ebitdaratio": 0.5806184731,
    "operatingIncome": 250851000,
    "operatingIncomeRatio": 0.3436051481,
    "totalOtherIncomeExpensesNet": -111601000,
    "incomeBeforeTax": 139250000,
    "incomeBeforeTaxRatio": 0.1907387926,
    "incomeTaxExpense": 0,
    "netIncome": 108297000,
    "netIncomeRatio": 0.1483406752,
    "eps": 0.69,
    "epsdiluted": 0.69,
    "weightedAverageShsOut": 156183000,
    "weightedAverageShsOutDil": 156598000,
    "link": "https://www.sec.gov/Archives/edgar/data/1037540/000165642321000033/0001656423-21-000033-index.htm",
    "finalLink": "https://www.sec.gov/Archives/edgar/data/1037540/000165642321000033/bxp-20210930.htm"
  },
  {
    "date": "2021-06-30",
    "symbol": "BXP",
    "reportedCurrency": "USD",
    "cik": "0001037540",
    "fillingDate": "2021-08-06",
    "acceptedDate": "2021-08-06 12:18:43",
    "calendarYear": "2021",
    "period": "Q2",
    "revenue": 713807000,
    "costOfRevenue": 253354000,
    "grossProfit": 460453000,
    "grossProfitRatio": 0.6450665236,
    "researchAndDevelopmentExpenses": 0,
    "generalAndAdministrativeExpenses": 38405000,
    "sellingAndMarketingExpenses": 0,
    "sellingGeneralAndAdministrativeExpenses": 38405000,
    "otherExpenses": 183838000,
    "operatingExpenses": 222243000,
    "costAndExpenses": 475597000,
    "interestIncome": 1452000,
    "interestExpense": 106319000,
    "depreciationAndAmortization": 183838000,
    "ebitda": 421297000,
    "ebitdaratio": 0.5902113597,
    "operatingIncome": 238210000,
    "operatingIncomeRatio": 0.3337176576,
    "totalOtherIncomeExpensesNet": -96960000,
    "incomeBeforeTax": 141250000,
    "incomeBeforeTaxRatio": 0.1978826209,
    "incomeTaxExpense": 0,
    "netIncome": 111703000,
    "netIncomeRatio": 0.156489079,
    "eps": 0.72,
    "epsdiluted": 0.71,
    "weightedAverageShsOut": 156107000,
    "weightedAverageShsOutDil": 156519000,
    "link": "https://www.sec.gov/Archives/edgar/data/1037540/000165642321000024/0001656423-21-000024-index.htm",
    "finalLink": "https://www.sec.gov/Archives/edgar/data/1037540/000165642321000024/bxp-20210630.htm"
  },
  {
    "date": "2021-03-31",
    "symbol": "BXP",
    "reportedCurrency": "USD",
    "cik": "0001037540",
    "fillingDate": "2021-05-07",
    "acceptedDate": "2021-05-07 13:18:19",
    "calendarYear": "2021",
    "period": "Q1",
    "revenue": 713695000,
    "costOfRevenue": 260485000,
    "grossProfit": 453210000,
    "grossProfitRatio": 0.6350191608,
    "researchAndDevelopmentExpenses": 0,
    "generalAndAdministrativeExpenses": 47419000,
    "sellingAndMarketingExpenses": 0,
    "sellingGeneralAndAdministrativeExpenses": 47419000,
    "otherExpenses": 176565000,
    "operatingExpenses": 223984000,
    "costAndExpenses": 484469000,
    "interestIncome": 1168000,
    "interestExpense": 107902000,
    "depreciationAndAmortization": 176565000,
    "ebitda": 405460000,
    "ebitdaratio": 0.5681138301,
    "operatingIncome": 229226000,
    "operatingIncomeRatio": 0.3211820175,
    "totalOtherIncomeExpensesNet": -101079000,
    "incomeBeforeTax": 128147000,
    "incomeBeforeTaxRatio": 0.1795542914,
    "incomeTaxExpense": 0,
    "netIncome": 100596000,
    "netIncomeRatio": 0.1409509664,
    "eps": 0.59,
    "epsdiluted": 0.59,
    "weightedAverageShsOut": 155928000,
    "weightedAverageShsOutDil": 156099000,
    "link": "https://www.sec.gov/Archives/edgar/data/1037540/000165642321000013/0001656423-21-000013-index.htm",
    "finalLink": "https://www.sec.gov/Archives/edgar/data/1037540/000165642321000013/bxp-20210331.htm"
  },
  {
    "date": "2020-12-31",
    "symbol": "BXP",
    "reportedCurrency": "USD",
    "cik": "0001037540",
    "fillingDate": "2021-02-26",
    "acceptedDate": "2021-02-26 13:01:59",
    "calendarYear": "2020",
    "period": "Q4",
    "revenue": 665089000,
    "costOfRevenue": 260381000,
    "grossProfit": 404708000,
    "grossProfitRatio": 0.60850202,
    "researchAndDevelopmentExpenses": 0,
    "generalAndAdministrativeExpenses": 31053000,
    "sellingAndMarketingExpenses": 0,
    "sellingGeneralAndAdministrativeExpenses": 31053000,
    "otherExpenses": 168013000,
    "operatingExpenses": 199066000,
    "costAndExpenses": 459447000,
    "interestIncome": 1676000,
    "interestExpense": 111991000,
    "depreciationAndAmortization": 168013000,
    "ebitda": 373378000,
    "ebitdaratio": 0.5613955426,
    "operatingIncome": 205642000,
    "operatingIncomeRatio": 0.3091947093,
    "totalOtherIncomeExpensesNet": -180737000,
    "incomeBeforeTax": 24905000,
    "incomeBeforeTaxRatio": 0.0374461162,
    "incomeTaxExpense": -132036000,
    "netIncome": 9935000,
    "netIncomeRatio": 0.0149378504,
    "eps": 0.05,
    "epsdiluted": 0.05,
    "weightedAverageShsOut": 155682000,
    "weightedAverageShsOutDil": 155731000,
    "link": "https://www.sec.gov/Archives/edgar/data/1037540/000165642321000006/0001656423-21-000006-index.htm",
    "finalLink": "https://www.sec.gov/Archives/edgar/data/1037540/000165642321000006/bxp-20201231.htm"
  },
  {
    "date": "2020-09-30",
    "symbol": "BXP",
    "reportedCurrency": "USD",
    "cik": "0001037540",
    "fillingDate": "2020-11-06",
    "acceptedDate": "2020-11-06 15:19:32",
    "calendarYear": "2020",
    "period": "Q3",
    "revenue": 693268000,
    "costOfRevenue": 264321000,
    "grossProfit": 428947000,
    "grossProfitRatio": 0.6187318613,
    "researchAndDevelopmentExpenses": 0,
    "generalAndAdministrativeExpenses": 27862000,
    "sellingAndMarketingExpenses": 0,
    "sellingGeneralAndAdministrativeExpenses": 27862000,
    "otherExpenses": 166456000,
    "operatingExpenses": 194318000,
    "costAndExpenses": 458639000,
    "interestIncome": 0,
    "interestExpense": 111038000,
    "depreciationAndAmortization": 166456000,
    "ebitda": 396357000,
    "ebitdaratio": 0.5717226239,
    "operatingIncome": 234629000,
    "operatingIncomeRatio": 0.3384391029,
    "totalOtherIncomeExpensesNet": -116569000,
    "incomeBeforeTax": 118060000,
    "incomeBeforeTaxRatio": 0.1702948932,
    "incomeTaxExpense": 0,
    "netIncome": 92479000,
    "netIncomeRatio": 0.1333957431,
    "eps": 0.58,
    "epsdiluted": 0.58,
    "weightedAverageShsOut": 155645000,
    "weightedAverageShsOutDil": 155670000,
    "link": "https://www.sec.gov/Archives/edgar/data/1037540/000165642320000046/0001656423-20-000046-index.htm",
    "finalLink": "https://www.sec.gov/Archives/edgar/data/1037540/000165642320000046/bxp-20200930.htm"
  },
  {
    "date": "2020-06-30",
    "symbol": "BXP",
    "reportedCurrency": "USD",
    "cik": "0001037540",
    "fillingDate": "2020-08-07",
    "acceptedDate": "2020-08-07 18:51:47",
    "calendarYear": "2020",
    "period": "Q2",
    "revenue": 654773000,
    "costOfRevenue": 244244000,
    "grossProfit": 410529000,
    "grossProfitRatio": 0.626979121,
    "researchAndDevelopmentExpenses": 0,
    "generalAndAdministrativeExpenses": 37743000,
    "sellingAndMarketingExpenses": 0,
    "sellingGeneralAndAdministrativeExpenses": 37743000,
    "otherExpenses": 178188000,
    "operatingExpenses": 215931000,
    "costAndExpenses": 460175000,
    "interestIncome": 1305000,
    "interestExpense": 107142000,
    "depreciationAndAmortization": 178188000,
    "ebitda": 375923000,
    "ebitdaratio": 0.5741272166,
    "operatingIncome": 194598000,
    "operatingIncomeRatio": 0.297199182,
    "totalOtherIncomeExpensesNet": -72098000,
    "incomeBeforeTax": 298580000,
    "incomeBeforeTaxRatio": 0.4560053637,
    "incomeTaxExpense": 138404000,
    "netIncome": 269150000,
    "netIncomeRatio": 0.411058489,
    "eps": 1.71,
    "epsdiluted": 1.71,
    "weightedAverageShsOut": 155386000,
    "weightedAverageShsOutDil": 155407000,
    "link": "https://www.sec.gov/Archives/edgar/data/1037540/000165642320000036/0001656423-20-000036-index.htm",
    "finalLink": "https://www.sec.gov/Archives/edgar/data/1037540/000165642320000036/bxp-20200630.htm"
  },
  {
    "date": "2020-03-31",
    "symbol": "BXP",
    "reportedCurrency": "USD",
    "cik": "0001037540",
    "fillingDate": "2020-05-11",
    "acceptedDate": "2020-05-08 17:34:17",
    "calendarYear": "2020",
    "period": "Q1",
    "revenue": 752556000,
    "costOfRevenue": 273024000,
    "grossProfit": 479532000,
    "grossProfitRatio": 0.6372044074,
    "researchAndDevelopmentExpenses": 0,
    "generalAndAdministrativeExpenses": 36454000,
    "sellingAndMarketingExpenses": 0,
    "sellingGeneralAndAdministrativeExpenses": 36454000,
    "otherExpenses": 171094000,
    "operatingExpenses": 207548000,
    "costAndExpenses": 480572000,
    "interestIncome": 3017000,
    "interestExpense": 101591000,
    "depreciationAndAmortization": 171094000,
    "ebitda": 445726000,
    "ebitdaratio": 0.5922828334,
    "operatingIncome": 271984000,
    "operatingIncomeRatio": 0.3614136357,
    "totalOtherIncomeExpensesNet": 133431000,
    "incomeBeforeTax": 577146000,
    "incomeBeforeTaxRatio": 0.7669143559,
    "incomeTaxExpense": 178247000,
    "netIncome": 500121000,
    "netIncomeRatio": 0.6645631687,
    "eps": 3.2,
    "epsdiluted": 3.2,
    "weightedAverageShsOut": 155011000,
    "weightedAverageShsOutDil": 155258000,
    "link": "https://www.sec.gov/Archives/edgar/data/1037540/000165642320000023/0001656423-20-000023-index.htm",
    "finalLink": "https://www.sec.gov/Archives/edgar/data/1037540/000165642320000023/bxpandbplp2020033110-q.htm"
  },
  {
    "date": "2019-12-31",
    "symbol": "BXP",
    "reportedCurrency": "USD",
    "cik": "0001037540",
    "fillingDate": "2020-03-02",
    "acceptedDate": "2020-03-02 10:14:37",
    "calendarYear": "2019",
    "period": "Q4",
    "revenue": 757501000,
    "costOfRevenue": 279396000,
    "grossProfit": 478105000,
    "grossProfitRatio": 0.631160883,
    "researchAndDevelopmentExpenses": 0,
    "generalAndAdministrativeExpenses": 32797000,
    "sellingAndMarketingExpenses": 0,
    "sellingGeneralAndAdministrativeExpenses": 32797000,
    "otherExpenses": 169897000,
    "operatingExpenses": 202694000,
    "costAndExpenses": 482090000,
    "interestIncome": 4393000,
    "interestExpense": 102880000,
    "depreciationAndAmortization": 169897000,
    "ebitda": 444739000,
    "ebitdaratio": 0.5871134164,
    "operatingIncome": 275411000,
    "operatingIncomeRatio": 0.3635783979,
    "totalOtherIncomeExpensesNet": -99402000,
    "incomeBeforeTax": 176009000,
    "incomeBeforeTaxRatio": 0.2323548088,
    "incomeTaxExpense": 0,
    "netIncome": 143449000,
    "netIncomeRatio": 0.1893713672,
    "eps": 0.91,
    "epsdiluted": 0.91,
    "weightedAverageShsOut": 154667000,
    "weightedAverageShsOutDil": 154992000,
    "link": "https://www.sec.gov/Archives/edgar/data/1037540/000165642320000007/0001656423-20-000007-index.htm",
    "finalLink": "https://www.sec.gov/Archives/edgar/data/1037540/000165642320000007/bxpandbplp201910-k.htm"
  },
  {
    "date": "2019-09-30",
    "symbol": "BXP",
    "reportedCurrency": "USD",
    "cik": "0001037540",
    "fillingDate": "2019-11-08",
    "acceptedDate": "2019-11-08 15:47:11",
    "calendarYear": "2019",
    "period": "Q3",
    "revenue": 743553000,
    "costOfRevenue": 276775000,
    "grossProfit": 466778000,
    "grossProfitRatio": 0.6277669514,
    "researchAndDevelopmentExpenses": 0,
    "generalAndAdministrativeExpenses": 31147000,
    "sellingAndMarketingExpenses": 0,
    "sellingGeneralAndAdministrativeExpenses": 31147000,
    "otherExpenses": 165862000,
    "operatingExpenses": 197009000,
    "costAndExpenses": 473784000,
    "interestIncome": 7178000,
    "interestExpense": 106471000,
    "depreciationAndAmortization": 165862000,
    "ebitda": 435093000,
    "ebitdaratio": 0.5851539836,
    "operatingIncome": 269769000,
    "operatingIncomeRatio": 0.362810721,
    "totalOtherIncomeExpensesNet": -128399000,
    "incomeBeforeTax": 141370000,
    "incomeBeforeTaxRatio": 0.1901276708,
    "incomeTaxExpense": 0,
    "netIncome": 110396000,
    "netIncomeRatio": 0.1484709227,
    "eps": 0.7,
    "epsdiluted": 0.7,
    "weightedAverageShsOut": 154577000,
    "weightedAverageShsOutDil": 154820000,
    "link": "https://www.sec.gov/Archives/edgar/data/1037540/000165642319000033/0001656423-19-000033-index.htm",
    "finalLink": "https://www.sec.gov/Archives/edgar/data/1037540/000165642319000033/bxpandbplp10-q20190930.htm"
  },
  {
    "date": "2019-06-30",
    "symbol": "BXP",
    "reportedCurrency": "USD",
    "cik": "0001037540",
    "fillingDate": "2019-08-07",
    "acceptedDate": "2019-08-07 16:08:34",
    "calendarYear": "2019",
    "period": "Q2",
    "revenue": 733741000,
    "costOfRevenue": 269454000,
    "grossProfit": 464287000,
    "grossProfitRatio": 0.6327668755,
    "researchAndDevelopmentExpenses": 0,
    "generalAndAdministrativeExpenses": 35071000,
    "sellingAndMarketingExpenses": 0,
    "sellingGeneralAndAdministrativeExpenses": 35071000,
    "otherExpenses": 177411000,
    "operatingExpenses": 212482000,
    "costAndExpenses": 481936000,
    "interestIncome": 3615000,
    "interestExpense": 102357000,
    "depreciationAndAmortization": 177411000,
    "ebitda": 428799000,
    "ebitdaratio": 0.5844010352,
    "operatingIncome": 251805000,
    "operatingIncomeRatio": 0.3431796778,
    "totalOtherIncomeExpensesNet": -48344000,
    "incomeBeforeTax": 203461000,
    "incomeBeforeTaxRatio": 0.2772926687,
    "incomeTaxExpense": 0,
    "netIncome": 166943000,
    "netIncomeRatio": 0.2275230633,
    "eps": 1.06,
    "epsdiluted": 1.06,
    "weightedAverageShsOut": 154555000,
    "weightedAverageShsOutDil": 154874000,
    "link": "https://www.sec.gov/Archives/edgar/data/1037540/000165642319000023/0001656423-19-000023-index.htm",
    "finalLink": "https://www.sec.gov/Archives/edgar/data/1037540/000165642319000023/bxpandbplp10-q20190630.htm"
  },
  {
    "date": "2019-03-31",
    "symbol": "BXP",
    "reportedCurrency": "USD",
    "cik": "0001037540",
    "fillingDate": "2019-05-08",
    "acceptedDate": "2019-05-08 16:53:00",
    "calendarYear": "2019",
    "period": "Q1",
    "revenue": 725767000,
    "costOfRevenue": 268775000,
    "grossProfit": 456992000,
    "grossProfitRatio": 0.6296676482,
    "researchAndDevelopmentExpenses": 0,
    "generalAndAdministrativeExpenses": 41762000,
    "sellingAndMarketingExpenses": 0,
    "sellingGeneralAndAdministrativeExpenses": 41762000,
    "otherExpenses": 164594000,
    "operatingExpenses": 206356000,
    "costAndExpenses": 475131000,
    "interestIncome": 3753000,
    "interestExpense": 101009000,
    "depreciationAndAmortization": 164594000,
    "ebitda": 414770000,
    "ebitdaratio": 0.5714919527,
    "operatingIncome": 250636000,
    "operatingIncomeRatio": 0.3453394822,
    "totalOtherIncomeExpensesNet": -119477000,
    "incomeBeforeTax": 131159000,
    "incomeBeforeTaxRatio": 0.1807177786,
    "incomeTaxExpense": 0,
    "netIncome": 100730000,
    "netIncomeRatio": 0.1387910996,
    "eps": 0.63,
    "epsdiluted": 0.63,
    "weightedAverageShsOut": 154525000,
    "weightedAverageShsOutDil": 154844000,
    "link": "https://www.sec.gov/Archives/edgar/data/1037540/000165642319000012/0001656423-19-000012-index.htm",
    "finalLink": "https://www.sec.gov/Archives/edgar/data/1037540/000165642319000012/bxpandbplp10-q20190331.htm"
  },
  {
    "date": "2018-12-31",
    "symbol": "BXP",
    "reportedCurrency": "USD",
    "cik": "0001037540",
    "fillingDate": "2019-02-28",
    "acceptedDate": "2019-02-28 17:00:35",
    "calendarYear": "2018",
    "period": "Q4",
    "revenue": 705157000,
    "costOfRevenue": 263483000,
    "grossProfit": 441674000,
    "grossProfitRatio": 0.6263484586,
    "researchAndDevelopmentExpenses": 0,
    "generalAndAdministrativeExpenses": 27683000,
    "sellingAndMarketingExpenses": 0,
    "sellingGeneralAndAdministrativeExpenses": 27683000,
    "otherExpenses": 165439000,
    "operatingExpenses": 193122000,
    "costAndExpenses": 456605000,
    "interestIncome": 3774000,
    "interestExpense": 100378000,
    "depreciationAndAmortization": 165439000,
    "ebitda": 412537000,
    "ebitdaratio": 0.5850285823,
    "operatingIncome": 236545000,
    "operatingIncomeRatio": 0.3354501196,
    "totalOtherIncomeExpensesNet": -63311000,
    "incomeBeforeTax": 185241000,
    "incomeBeforeTaxRatio": 0.2626946907,
    "incomeTaxExpense": 19062000,
    "netIncome": 151154000,
    "netIncomeRatio": 0.2143551011,
    "eps": 0.96,
    "epsdiluted": 0.96,
    "weightedAverageShsOut": 154467000,
    "weightedAverageShsOutDil": 154773000,
    "link": "https://www.sec.gov/Archives/edgar/data/1037540/000165642319000006/0001656423-19-000006-index.htm",
    "finalLink": "https://www.sec.gov/Archives/edgar/data/1037540/000165642319000006/bxpandbplp201810-k.htm"
  },
  {
    "date": "2018-09-30",
    "symbol": "BXP",
    "reportedCurrency": "USD",
    "cik": "0001037540",
    "fillingDate": "2018-11-07",
    "acceptedDate": "2018-11-07 17:23:15",
    "calendarYear": "2018",
    "period": "Q3",
    "revenue": 686284000,
    "costOfRevenue": 259333000,
    "grossProfit": 426951000,
    "grossProfitRatio": 0.622119997,
    "researchAndDevelopmentExpenses": 0,
    "generalAndAdministrativeExpenses": 29677000,
    "sellingAndMarketingExpenses": 0,
    "sellingGeneralAndAdministrativeExpenses": 29677000,
    "otherExpenses": 157996000,
    "operatingExpenses": 187673000,
    "costAndExpenses": 447006000,
    "interestIncome": 2822000,
    "interestExpense": 95366000,
    "depreciationAndAmortization": 157996000,
    "ebitda": 396360000,
    "ebitdaratio": 0.5775451562,
    "operatingIncome": 238364000,
    "operatingIncomeRatio": 0.347325597,
    "totalOtherIncomeExpensesNet": -87919000,
    "incomeBeforeTax": 150445000,
    "incomeBeforeTaxRatio": 0.2192168257,
    "incomeTaxExpense": 0,
    "netIncome": 121743000,
    "netIncomeRatio": 0.1773944897,
    "eps": 0.77,
    "epsdiluted": 0.77,
    "weightedAverageShsOut": 154440000,
    "weightedAverageShsOutDil": 154678000,
    "link": "https://www.sec.gov/Archives/edgar/data/1037540/000165642318000029/0001656423-18-000029-index.htm",
    "finalLink": "https://www.sec.gov/Archives/edgar/data/1037540/000165642318000029/bxpandbplp10-q20180930.htm"
  },
  {
    "date": "2018-06-30",
    "symbol": "BXP",
    "reportedCurrency": "USD",
    "cik": "0001037540",
    "fillingDate": "2018-08-07",
    "acceptedDate": "2018-08-07 17:28:13",
    "calendarYear": "2018",
    "period": "Q2",
    "revenue": 664484000,
    "costOfRevenue": 248501000,
    "grossProfit": 415983000,
    "grossProfitRatio": 0.6260241029,
    "researchAndDevelopmentExpenses": 0,
    "generalAndAdministrativeExpenses": 28468000,
    "sellingAndMarketingExpenses": 0,
    "sellingGeneralAndAdministrativeExpenses": 28468000,
    "otherExpenses": 156417000,
    "operatingExpenses": 184885000,
    "costAndExpenses": 433386000,
    "interestIncome": 2579000,
    "interestExpense": 92204000,
    "depreciationAndAmortization": 156417000,
    "ebitda": 387041000,
    "ebitdaratio": 0.5824685019,
    "operatingIncome": 230624000,
    "operatingIncomeRatio": 0.3470723148,
    "totalOtherIncomeExpensesNet": -70059000,
    "incomeBeforeTax": 142273000,
    "incomeBeforeTaxRatio": 0.2141104978,
    "incomeTaxExpense": 103940000,
    "netIncome": 131306000,
    "netIncomeRatio": 0.1976059619,
    "eps": 0.83,
    "epsdiluted": 0.83,
    "weightedAverageShsOut": 154415000,
    "weightedAverageShsOutDil": 154571000,
    "link": "https://www.sec.gov/Archives/edgar/data/1037540/000165642318000020/0001656423-18-000020-index.htm",
    "finalLink": "https://www.sec.gov/Archives/edgar/data/1037540/000165642318000020/bxpandbplp10-q20180630.htm"
  },
  {
    "date": "2018-03-31",
    "symbol": "BXP",
    "reportedCurrency": "USD",
    "cik": "0001037540",
    "fillingDate": "2018-05-08",
    "acceptedDate": "2018-05-08 17:28:13",
    "calendarYear": "2018",
    "period": "Q1",
    "revenue": 661151000,
    "costOfRevenue": 251287000,
    "grossProfit": 409864000,
    "grossProfitRatio": 0.6199249491,
    "researchAndDevelopmentExpenses": 0,
    "generalAndAdministrativeExpenses": 35894000,
    "sellingAndMarketingExpenses": 0,
    "sellingGeneralAndAdministrativeExpenses": 35894000,
    "otherExpenses": 165797000,
    "operatingExpenses": 201691000,
    "costAndExpenses": 452978000,
    "interestIncome": 1648000,
    "interestExpense": 90220000,
    "depreciationAndAmortization": 165797000,
    "ebitda": 373949000,
    "ebitdaratio": 0.5656030166,
    "operatingIncome": 208152000,
    "operatingIncomeRatio": 0.3148327689,
    "totalOtherIncomeExpensesNet": 8160000,
    "incomeBeforeTax": 119915000,
    "incomeBeforeTaxRatio": 0.1813730903,
    "incomeTaxExpense": 31950000,
    "netIncome": 178646000,
    "netIncomeRatio": 0.2702045372,
    "eps": 1.14,
    "epsdiluted": 1.14,
    "weightedAverageShsOut": 154385000,
    "weightedAverageShsOutDil": 154705000,
    "link": "https://www.sec.gov/Archives/edgar/data/1037540/000165642318000012/0001656423-18-000012-index.htm",
    "finalLink": "https://www.sec.gov/Archives/edgar/data/1037540/000165642318000012/bxpandbplp10-q20180331.htm"
  },
  {
    "date": "2017-12-31",
    "symbol": "BXP",
    "reportedCurrency": "USD",
    "cik": "0001037540",
    "fillingDate": "2018-02-28",
    "acceptedDate": "2018-02-28 16:06:22",
    "calendarYear": "2017",
    "period": "Q4",
    "revenue": 655229000,
    "costOfRevenue": 242012000,
    "grossProfit": 413217000,
    "grossProfitRatio": 0.6306451638,
    "researchAndDevelopmentExpenses": 0,
    "generalAndAdministrativeExpenses": 29396000,
    "sellingAndMarketingExpenses": 0,
    "sellingGeneralAndAdministrativeExpenses": 29396000,
    "otherExpenses": 154259000,
    "operatingExpenses": 183655000,
    "costAndExpenses": 425667000,
    "interestIncome": 2336000,
    "interestExpense": 91772000,
    "depreciationAndAmortization": 154259000,
    "ebitda": 383725000,
    "ebitdaratio": 0.585634946,
    "operatingIncome": 229466000,
    "operatingIncomeRatio": 0.3502073321,
    "totalOtherIncomeExpensesNet": -98135000,
    "incomeBeforeTax": 131331000,
    "incomeBeforeTaxRatio": 0.2004352677,
    "incomeTaxExpense": 0,
    "netIncome": 106454000,
    "netIncomeRatio": 0.1624683889,
    "eps": 0.67,
    "epsdiluted": 0.67,
    "weightedAverageShsOut": 154362000,
    "weightedAverageShsOutDil": 154526000,
    "link": "https://www.sec.gov/Archives/edgar/data/1037540/000165642318000004/0001656423-18-000004-index.htm",
    "finalLink": "https://www.sec.gov/Archives/edgar/data/1037540/000165642318000004/bxpandbplp201710-k.htm"
  },
  {
    "date": "2017-09-30",
    "symbol": "BXP",
    "reportedCurrency": "USD",
    "cik": "0001037540",
    "fillingDate": "2017-11-07",
    "acceptedDate": "2017-11-06 18:52:15",
    "calendarYear": "2017",
    "period": "Q3",
    "revenue": 657712000,
    "costOfRevenue": 245788000,
    "grossProfit": 411924000,
    "grossProfitRatio": 0.6262984407,
    "researchAndDevelopmentExpenses": 0,
    "generalAndAdministrativeExpenses": 25792000,
    "sellingAndMarketingExpenses": 0,
    "sellingGeneralAndAdministrativeExpenses": 25792000,
    "otherExpenses": 152164000,
    "operatingExpenses": 177956000,
    "costAndExpenses": 423744000,
    "interestIncome": 1329000,
    "interestExpense": 92032000,
    "depreciationAndAmortization": 152164000,
    "ebitda": 385893000,
    "ebitdaratio": 0.5867203274,
    "operatingIncome": 233729000,
    "operatingIncomeRatio": 0.3553667867,
    "totalOtherIncomeExpensesNet": -86025000,
    "incomeBeforeTax": 144813000,
    "incomeBeforeTaxRatio": 0.2201769163,
    "incomeTaxExpense": 117726000,
    "netIncome": 119962000,
    "netIncomeRatio": 0.1823929015,
    "eps": 0.76,
    "epsdiluted": 0.76,
    "weightedAverageShsOut": 154355000,
    "weightedAverageShsOutDil": 154483000,
    "link": "https://www.sec.gov/Archives/edgar/data/1037540/000165642317000018/0001656423-17-000018-index.htm",
    "finalLink": "https://www.sec.gov/Archives/edgar/data/1037540/000165642317000018/bxpandbplp10-q20170930.htm"
  },
  {
    "date": "2017-06-30",
    "symbol": "BXP",
    "reportedCurrency": "USD",
    "cik": "0001037540",
    "fillingDate": "2017-08-08",
    "acceptedDate": "2017-08-08 14:43:24",
    "calendarYear": "2017",
    "period": "Q2",
    "revenue": 656907000,
    "costOfRevenue": 238858000,
    "grossProfit": 418049000,
    "grossProfitRatio": 0.6363899304,
    "researchAndDevelopmentExpenses": 0,
    "generalAndAdministrativeExpenses": 27141000,
    "sellingAndMarketingExpenses": 0,
    "sellingGeneralAndAdministrativeExpenses": 27141000,
    "otherExpenses": 151919000,
    "operatingExpenses": 179060000,
    "costAndExpenses": 417918000,
    "interestIncome": 1504000,
    "interestExpense": 95143000,
    "depreciationAndAmortization": 151919000,
    "ebitda": 390609000,
    "ebitdaratio": 0.5946184163,
    "operatingIncome": 238690000,
    "operatingIncomeRatio": 0.3633543257,
    "totalOtherIncomeExpensesNet": -75447000,
    "incomeBeforeTax": 163243000,
    "incomeBeforeTaxRatio": 0.2485024516,
    "incomeTaxExpense": 125160000,
    "netIncome": 136334000,
    "netIncomeRatio": 0.2075392712,
    "eps": 0.87,
    "epsdiluted": 0.87,
    "weightedAverageShsOut": 154177000,
    "weightedAverageShsOutDil": 154331000,
    "link": "https://www.sec.gov/Archives/edgar/data/1037540/000165642317000015/0001656423-17-000015-index.htm",
    "finalLink": "https://www.sec.gov/Archives/edgar/data/1037540/000165642317000015/bxpandbplp10-q20170630.htm"
  },
  {
    "date": "2017-03-31",
    "symbol": "BXP",
    "reportedCurrency": "USD",
    "cik": "0001037540",
    "fillingDate": "2017-05-08",
    "acceptedDate": "2017-05-08 16:52:06",
    "calendarYear": "2017",
    "period": "Q1",
    "revenue": 632228000,
    "costOfRevenue": 235378000,
    "grossProfit": 396850000,
    "grossProfitRatio": 0.6277007662,
    "researchAndDevelopmentExpenses": 0,
    "generalAndAdministrativeExpenses": 31386000,
    "sellingAndMarketingExpenses": 0,
    "sellingGeneralAndAdministrativeExpenses": 31386000,
    "otherExpenses": 159205000,
    "operatingExpenses": 190591000,
    "costAndExpenses": 425969000,
    "interestIncome": 614000,
    "interestExpense": 95534000,
    "depreciationAndAmortization": 159205000,
    "ebitda": 365430000,
    "ebitdaratio": 0.5780035051,
    "operatingIncome": 206225000,
    "operatingIncomeRatio": 0.3261877044,
    "totalOtherIncomeExpensesNet": -90794000,
    "incomeBeforeTax": 115431000,
    "incomeBeforeTaxRatio": 0.1825781206,
    "incomeTaxExpense": 114341000,
    "netIncome": 99708000,
    "netIncomeRatio": 0.1577089278,
    "eps": 0.63,
    "epsdiluted": 0.63,
    "weightedAverageShsOut": 153860000,
    "weightedAverageShsOutDil": 154214000,
    "link": "https://www.sec.gov/Archives/edgar/data/1037540/000165642317000006/0001656423-17-000006-index.htm",
    "finalLink": "https://www.sec.gov/Archives/edgar/data/1037540/000165642317000006/bxpandbplp10-q20170331.htm"
  },
  {
    "date": "2016-12-31",
    "symbol": "BXP",
    "reportedCurrency": "USD",
    "cik": "0001037540",
    "fillingDate": "2017-02-28",
    "acceptedDate": "2017-02-28 15:06:12",
    "calendarYear": "2016",
    "period": "Q4",
    "revenue": 636061000,
    "costOfRevenue": 231834000,
    "grossProfit": 404227000,
    "grossProfitRatio": 0.6355160904,
    "researchAndDevelopmentExpenses": 0,
    "generalAndAdministrativeExpenses": 25293000,
    "sellingAndMarketingExpenses": 0,
    "sellingGeneralAndAdministrativeExpenses": 25293000,
    "otherExpenses": 178032000,
    "operatingExpenses": 205201000,
    "costAndExpenses": 437035000,
    "interestIncome": 573000,
    "interestExpense": 97896000,
    "depreciationAndAmortization": 179908000,
    "ebitda": 380777000,
    "ebitdaratio": 0.5986485573,
    "operatingIncome": 197826000,
    "operatingIncomeRatio": 0.3110173395,
    "totalOtherIncomeExpensesNet": -34808000,
    "incomeBeforeTax": 163018000,
    "incomeBeforeTaxRatio": 0.2562930285,
    "incomeTaxExpense": 38416000,
    "netIncome": 148234000,
    "netIncomeRatio": 0.2330499748,
    "eps": 0.95,
    "epsdiluted": 0.94,
    "weightedAverageShsOut": 153814000,
    "weightedAverageShsOutDil": 153991000,
    "link": "https://www.sec.gov/Archives/edgar/data/1037540/000165642317000003/0001656423-17-000003-index.htm",
    "finalLink": "https://www.sec.gov/Archives/edgar/data/1037540/000165642317000003/bxpandbplp201610-k.htm"
  },
  {
    "date": "2016-09-30",
    "symbol": "BXP",
    "reportedCurrency": "USD",
    "cik": "0001037540",
    "fillingDate": "2016-11-07",
    "acceptedDate": "2016-11-07 16:32:50",
    "calendarYear": "2016",
    "period": "Q3",
    "revenue": 625228000,
    "costOfRevenue": 236678000,
    "grossProfit": 388550000,
    "grossProfitRatio": 0.6214532938,
    "researchAndDevelopmentExpenses": 0,
    "generalAndAdministrativeExpenses": 25165000,
    "sellingAndMarketingExpenses": 0,
    "sellingGeneralAndAdministrativeExpenses": 25165000,
    "otherExpenses": 203748000,
    "operatingExpenses": 228913000,
    "costAndExpenses": 465591000,
    "interestIncome": 3628000,
    "interestExpense": 104641000,
    "depreciationAndAmortization": 203748000,
    "ebitda": 361353000,
    "ebitdaratio": 0.5779539624,
    "operatingIncome": 157605000,
    "operatingIncomeRatio": 0.2520760427,
    "totalOtherIncomeExpensesNet": -99084000,
    "incomeBeforeTax": 58521000,
    "incomeBeforeTaxRatio": 0.0935994549,
    "incomeTaxExpense": 85284000,
    "netIncome": 79342000,
    "netIncomeRatio": 0.1269009065,
    "eps": 0.5,
    "epsdiluted": 0.5,
    "weightedAverageShsOut": 153754000,
    "weightedAverageShsOutDil": 154136000,
    "link": "https://www.sec.gov/Archives/edgar/data/1037540/000165642316000023/0001656423-16-000023-index.htm",
    "finalLink": "https://www.sec.gov/Archives/edgar/data/1037540/000165642316000023/bxpandbplp10-q20160930.htm"
  },
  {
    "date": "2016-06-30",
    "symbol": "BXP",
    "reportedCurrency": "USD",
    "cik": "0001037540",
    "fillingDate": "2016-08-04",
    "acceptedDate": "2016-08-04 17:25:29",
    "calendarYear": "2016",
    "period": "Q2",
    "revenue": 623546000,
    "costOfRevenue": 225916000,
    "grossProfit": 397630000,
    "grossProfitRatio": 0.6376915256,
    "researchAndDevelopmentExpenses": 0,
    "generalAndAdministrativeExpenses": 25418000,
    "sellingAndMarketingExpenses": 0,
    "sellingGeneralAndAdministrativeExpenses": 25418000,
    "otherExpenses": 153175000,
    "operatingExpenses": 178593000,
    "costAndExpenses": 404509000,
    "interestIncome": 1524000,
    "interestExpense": 105003000,
    "depreciationAndAmortization": 153175000,
    "ebitda": 373351000,
    "ebitdaratio": 0.5987545426,
    "operatingIncome": 218124000,
    "operatingIncomeRatio": 0.3498122031,
    "totalOtherIncomeExpensesNet": -100767000,
    "incomeBeforeTax": 117357000,
    "incomeBeforeTaxRatio": 0.1882090495,
    "incomeTaxExpense": 0,
    "netIncome": 99186000,
    "netIncomeRatio": 0.159067655,
    "eps": 0.63,
    "epsdiluted": 0.63,
    "weightedAverageShsOut": 153662000,
    "weightedAverageShsOutDil": 153860000,
    "link": "https://www.sec.gov/Archives/edgar/data/1037540/000165642316000020/0001656423-16-000020-index.htm",
    "finalLink": "https://www.sec.gov/Archives/edgar/data/1037540/000165642316000020/bxpandbplp10-q20160630.htm"
  },
  {
    "date": "2016-03-31",
    "symbol": "BXP",
    "reportedCurrency": "USD",
    "cik": "0001037540",
    "fillingDate": "2016-05-06",
    "acceptedDate": "2016-05-06 17:08:08",
    "calendarYear": "2016",
    "period": "Q1",
    "revenue": 665985000,
    "costOfRevenue": 226806000,
    "grossProfit": 439179000,
    "grossProfitRatio": 0.6594427802,
    "researchAndDevelopmentExpenses": 0,
    "generalAndAdministrativeExpenses": 29353000,
    "sellingAndMarketingExpenses": 0,
    "sellingGeneralAndAdministrativeExpenses": 29353000,
    "otherExpenses": 159448000,
    "operatingExpenses": 188801000,
    "costAndExpenses": 415607000,
    "interestIncome": 1505000,
    "interestExpense": 105309000,
    "depreciationAndAmortization": 159448000,
    "ebitda": 411400000,
    "ebitdaratio": 0.6177316306,
    "operatingIncome": 250353000,
    "operatingIncomeRatio": 0.3759138719,
    "totalOtherIncomeExpensesNet": -34131000,
    "incomeBeforeTax": 148599000,
    "incomeBeforeTaxRatio": 0.223126647,
    "incomeTaxExpense": 71334000,
    "netIncome": 184365000,
    "netIncomeRatio": 0.2768305592,
    "eps": 1.18,
    "epsdiluted": 1.18,
    "weightedAverageShsOut": 153626000,
    "weightedAverageShsOutDil": 153917000,
    "link": "https://www.sec.gov/Archives/edgar/data/1037540/000165642316000017/0001656423-16-000017-index.htm",
    "finalLink": "https://www.sec.gov/Archives/edgar/data/1037540/000165642316000017/bxpandbplp10-q20160331.htm"
  },
  {
    "date": "2015-12-31",
    "symbol": "BXP",
    "reportedCurrency": "USD",
    "cik": "0001037540",
    "fillingDate": "2016-02-29",
    "acceptedDate": "2016-02-29 15:00:44",
    "calendarYear": "2015",
    "period": "Q4",
    "revenue": 624240000,
    "costOfRevenue": 224530000,
    "grossProfit": 399710000,
    "grossProfitRatio": 0.6403146226,
    "researchAndDevelopmentExpenses": 0,
    "generalAndAdministrativeExpenses": 24300000,
    "sellingAndMarketingExpenses": 0,
    "sellingGeneralAndAdministrativeExpenses": 24300000,
    "otherExpenses": 164460000,
    "operatingExpenses": 188760000,
    "costAndExpenses": 413290000,
    "interestIncome": 440000,
    "interestExpense": 106178000,
    "depreciationAndAmortization": 164460000,
    "ebitda": 376946000,
    "ebitdaratio": 0.603847879,
    "operatingIncome": 210480000,
    "operatingIncomeRatio": 0.3371780085,
    "totalOtherIncomeExpensesNet": -43742000,
    "incomeBeforeTax": 85406000,
    "incomeBeforeTaxRatio": 0.1368159682,
    "incomeTaxExpense": 103961000,
    "netIncome": 140497000,
    "netIncomeRatio": 0.2250688838,
    "eps": 0.9,
    "epsdiluted": 0.9,
    "weightedAverageShsOut": 153602000,
    "weightedAverageShsOutDil": 153897000,
    "link": "https://www.sec.gov/Archives/edgar/data/1037540/000165642316000013/0001656423-16-000013-index.htm",
    "finalLink": "https://www.sec.gov/Archives/edgar/data/1037540/000165642316000013/bxpandbplp201510-k.htm"
  },
  {
    "date": "2015-09-30",
    "symbol": "BXP",
    "reportedCurrency": "USD",
    "cik": "0001037540",
    "fillingDate": "2015-11-06",
    "acceptedDate": "2015-11-06 15:18:29",
    "calendarYear": "2015",
    "period": "Q3",
    "revenue": 629884000,
    "costOfRevenue": 227921000,
    "grossProfit": 401963000,
    "grossProfitRatio": 0.6381540093,
    "researchAndDevelopmentExpenses": 0,
    "generalAndAdministrativeExpenses": 20944000,
    "sellingAndMarketingExpenses": 0,
    "sellingGeneralAndAdministrativeExpenses": 20944000,
    "otherExpenses": 153015000,
    "operatingExpenses": 173959000,
    "costAndExpenses": 401880000,
    "interestIncome": 3637000,
    "interestExpense": 108727000,
    "depreciationAndAmortization": 153015000,
    "ebitda": 383246000,
    "ebitdaratio": 0.6084390142,
    "operatingIncome": 227750000,
    "operatingIncomeRatio": 0.3615745121,
    "totalOtherIncomeExpensesNet": -43668000,
    "incomeBeforeTax": 123792000,
    "incomeBeforeTaxRatio": 0.1965314248,
    "incomeTaxExpense": 48437000,
    "netIncome": 186729000,
    "netIncomeRatio": 0.2964498225,
    "eps": 1.2,
    "epsdiluted": 1.2,
    "weightedAverageShsOut": 153595000,
    "weightedAverageShsOutDil": 153786000,
    "link": "https://www.sec.gov/Archives/edgar/data/1037540/000165642315000007/0001656423-15-000007-index.htm",
    "finalLink": "https://www.sec.gov/Archives/edgar/data/1037540/000165642315000007/bxp10-q20150930.htm"
  },
  {
    "date": "2015-06-30",
    "symbol": "BXP",
    "reportedCurrency": "USD",
    "cik": "0001037540",
    "fillingDate": "2015-08-07",
    "acceptedDate": "2015-08-07 15:33:13",
    "calendarYear": "2015",
    "period": "Q2",
    "revenue": 618221000,
    "costOfRevenue": 222959000,
    "grossProfit": 395262000,
    "grossProfitRatio": 0.639353888,
    "researchAndDevelopmentExpenses": 0,
    "generalAndAdministrativeExpenses": 22284000,
    "sellingAndMarketingExpenses": 0,
    "sellingGeneralAndAdministrativeExpenses": 22284000,
    "otherExpenses": 167844000,
    "operatingExpenses": 190128000,
    "costAndExpenses": 413087000,
    "interestIncome": 1293000,
    "interestExpense": 108534000,
    "depreciationAndAmortization": 167844000,
    "ebitda": 375672000,
    "ebitdaratio": 0.6076661906,
    "operatingIncome": 204926000,
    "operatingIncomeRatio": 0.3314769314,
    "totalOtherIncomeExpensesNet": -104187000,
    "incomeBeforeTax": 100739000,
    "incomeBeforeTaxRatio": 0.1629498189,
    "incomeTaxExpense": 0,
    "netIncome": 82078000,
    "netIncomeRatio": 0.1327648203,
    "eps": 0.52,
    "epsdiluted": 0.52,
    "weightedAverageShsOut": 153450000,
    "weightedAverageShsOutDil": 153815000,
    "link": "https://www.sec.gov/Archives/edgar/data/1037540/000119312515282990/0001193125-15-282990-index.htm",
    "finalLink": "https://www.sec.gov/Archives/edgar/data/1037540/000119312515282990/d74328d10q.htm"
  },
  {
    "date": "2015-03-31",
    "symbol": "BXP",
    "reportedCurrency": "USD",
    "cik": "0001037540",
    "fillingDate": "2015-05-11",
    "acceptedDate": "2015-05-08 17:45:47",
    "calendarYear": "2015",
    "period": "Q1",
    "revenue": 618476000,
    "costOfRevenue": 228926000,
    "grossProfit": 389550000,
    "grossProfitRatio": 0.629854675,
    "researchAndDevelopmentExpenses": 0,
    "generalAndAdministrativeExpenses": 28791000,
    "sellingAndMarketingExpenses": 0,
    "sellingGeneralAndAdministrativeExpenses": 28791000,
    "otherExpenses": 154223000,
    "operatingExpenses": 183014000,
    "costAndExpenses": 411940000,
    "interestIncome": 1407000,
    "interestExpense": 108757000,
    "depreciationAndAmortization": 154223000,
    "ebitda": 375074000,
    "ebitdaratio": 0.6064487547,
    "operatingIncome": 206209000,
    "operatingIncomeRatio": 0.3334147162,
    "totalOtherIncomeExpensesNet": -35027000,
    "incomeBeforeTax": 114086000,
    "incomeBeforeTaxRatio": 0.1844630996,
    "incomeTaxExpense": 63906000,
    "netIncome": 173771000,
    "netIncomeRatio": 0.2809664401,
    "eps": 1.12,
    "epsdiluted": 1.11,
    "weightedAverageShsOut": 153230000,
    "weightedAverageShsOutDil": 153873000,
    "link": "https://www.sec.gov/Archives/edgar/data/1037540/000119312515179921/0001193125-15-179921-index.htm",
    "finalLink": "https://www.sec.gov/Archives/edgar/data/1037540/000119312515179921/d908830d10q.htm"
  },
  {
    "date": "2014-12-31",
    "symbol": "BXP",
    "reportedCurrency": "USD",
    "cik": "0001037540",
    "fillingDate": "2015-03-02",
    "acceptedDate": "2015-03-02 15:38:04",
    "calendarYear": "2014",
    "period": "Q4",
    "revenue": 613707000,
    "costOfRevenue": 218616000,
    "grossProfit": 395091000,
    "grossProfitRatio": 0.643777894,
    "researchAndDevelopmentExpenses": 0,
    "generalAndAdministrativeExpenses": 23172000,
    "sellingAndMarketingExpenses": 0,
    "sellingGeneralAndAdministrativeExpenses": 23172000,
    "otherExpenses": 162430000,
    "operatingExpenses": 185602000,
    "costAndExpenses": 404218000,
    "interestIncome": 1924000,
    "interestExpense": 117904000,
    "depreciationAndAmortization": 162430000,
    "ebitda": 373789000,
    "ebitdaratio": 0.6090675192,
    "operatingIncome": 208849000,
    "operatingIncomeRatio": 0.3403073454,
    "totalOtherIncomeExpensesNet": -123526000,
    "incomeBeforeTax": 85323000,
    "incomeBeforeTaxRatio": 0.1390288851,
    "incomeTaxExpense": 0,
    "netIncome": 177156000,
    "netIncomeRatio": 0.2886654381,
    "eps": 1.14,
    "epsdiluted": 1.14,
    "weightedAverageShsOut": 153128000,
    "weightedAverageShsOutDil": 153550000,
    "link": "https://www.sec.gov/Archives/edgar/data/1037540/000119312515073115/0001193125-15-073115-index.htm",
    "finalLink": "https://www.sec.gov/Archives/edgar/data/1037540/000119312515073115/d846762d10k.htm"
  },
  {
    "date": "2014-09-30",
    "symbol": "BXP",
    "reportedCurrency": "USD",
    "cik": "0001037540",
    "fillingDate": "2014-11-07",
    "acceptedDate": "2014-11-07 17:28:39",
    "calendarYear": "2014",
    "period": "Q3",
    "revenue": 618803000,
    "costOfRevenue": 222764000,
    "grossProfit": 396039000,
    "grossProfitRatio": 0.6400082094,
    "researchAndDevelopmentExpenses": 0,
    "generalAndAdministrativeExpenses": 22589000,
    "sellingAndMarketingExpenses": 0,
    "sellingGeneralAndAdministrativeExpenses": 22589000,
    "otherExpenses": 157245000,
    "operatingExpenses": 179834000,
    "costAndExpenses": 402598000,
    "interestIncome": 3421000,
    "interestExpense": 113308000,
    "depreciationAndAmortization": 157245000,
    "ebitda": 376248000,
    "ebitdaratio": 0.6080254944,
    "operatingIncome": 214803000,
    "operatingIncomeRatio": 0.34712663,
    "totalOtherIncomeExpensesNet": -105765000,
    "incomeBeforeTax": 109038000,
    "incomeBeforeTaxRatio": 0.1762079369,
    "incomeTaxExpense": 96394000,
    "netIncome": 130371000,
    "netIncomeRatio": 0.2106825597,
    "eps": 0.83,
    "epsdiluted": 0.83,
    "weightedAverageShsOut": 153120000,
    "weightedAverageShsOutDil": 153273000,
    "link": "https://www.sec.gov/Archives/edgar/data/1037540/000119312514403697/0001193125-14-403697-index.htm",
    "finalLink": "https://www.sec.gov/Archives/edgar/data/1037540/000119312514403697/d811657d10q.htm"
  },
  {
    "date": "2014-06-30",
    "symbol": "BXP",
    "reportedCurrency": "USD",
    "cik": "0001037540",
    "fillingDate": "2014-08-08",
    "acceptedDate": "2014-08-08 13:59:39",
    "calendarYear": "2014",
    "period": "Q2",
    "revenue": 589794000,
    "costOfRevenue": 209961000,
    "grossProfit": 379833000,
    "grossProfitRatio": 0.6440096034,
    "researchAndDevelopmentExpenses": 0,
    "generalAndAdministrativeExpenses": 23271000,
    "sellingAndMarketingExpenses": 0,
    "sellingGeneralAndAdministrativeExpenses": 23271000,
    "otherExpenses": 154628000,
    "operatingExpenses": 177899000,
    "costAndExpenses": 387860000,
    "interestIncome": 2109000,
    "interestExpense": 110977000,
    "depreciationAndAmortization": 154628000,
    "ebitda": 358479000,
    "ebitdaratio": 0.6078037416,
    "operatingIncome": 201273000,
    "operatingIncomeRatio": 0.3412598297,
    "totalOtherIncomeExpensesNet": -105372000,
    "incomeBeforeTax": 95901000,
    "incomeBeforeTaxRatio": 0.1626008403,
    "incomeTaxExpense": 0,
    "netIncome": 79145000,
    "netIncomeRatio": 0.1341909209,
    "eps": 0.5,
    "epsdiluted": 0.5,
    "weightedAverageShsOut": 153078000,
    "weightedAverageShsOutDil": 153238000,
    "link": "https://www.sec.gov/Archives/edgar/data/1037540/000119312514302695/0001193125-14-302695-index.htm",
    "finalLink": "https://www.sec.gov/Archives/edgar/data/1037540/000119312514302695/d771875d10q.htm"
  },
  {
    "date": "2014-03-31",
    "symbol": "BXP",
    "reportedCurrency": "USD",
    "cik": "0001037540",
    "fillingDate": "2014-05-09",
    "acceptedDate": "2014-05-09 16:08:21",
    "calendarYear": "2014",
    "period": "Q1",
    "revenue": 574694000,
    "costOfRevenue": 213185000,
    "grossProfit": 361509000,
    "grossProfitRatio": 0.6290460663,
    "researchAndDevelopmentExpenses": 0,
    "generalAndAdministrativeExpenses": 29905000,
    "sellingAndMarketingExpenses": 0,
    "sellingGeneralAndAdministrativeExpenses": 29905000,
    "otherExpenses": 154270000,
    "operatingExpenses": 184175000,
    "costAndExpenses": 397360000,
    "interestIncome": 1311000,
    "interestExpense": 113554000,
    "depreciationAndAmortization": 154270000,
    "ebitda": 333792000,
    "ebitdaratio": 0.5808169217,
    "operatingIncome": 176897000,
    "operatingIncomeRatio": 0.3078107654,
    "totalOtherIncomeExpensesNet": -109141000,
    "incomeBeforeTax": 67756000,
    "incomeBeforeTaxRatio": 0.1178992647,
    "incomeTaxExpense": 0,
    "netIncome": 56623000,
    "netIncomeRatio": 0.0985272162,
    "eps": 0.35,
    "epsdiluted": 0.35,
    "weightedAverageShsOut": 153030000,
    "weightedAverageShsOutDil": 153169000,
    "link": "https://www.sec.gov/Archives/edgar/data/1037540/000119312514192441/0001193125-14-192441-index.htm",
    "finalLink": "https://www.sec.gov/Archives/edgar/data/1037540/000119312514192441/d712279d10q.htm"
  },
  {
    "date": "2013-12-31",
    "symbol": "BXP",
    "reportedCurrency": "USD",
    "cik": "0001037540",
    "fillingDate": "2014-02-28",
    "acceptedDate": "2014-02-28 17:22:48",
    "calendarYear": "2013",
    "period": "Q4",
    "revenue": 576199000,
    "costOfRevenue": 206076000,
    "grossProfit": 370123000,
    "grossProfitRatio": 0.6423527288,
    "researchAndDevelopmentExpenses": 0,
    "generalAndAdministrativeExpenses": 20656000,
    "sellingAndMarketingExpenses": 0,
    "sellingGeneralAndAdministrativeExpenses": 20656000,
    "otherExpenses": 151714000,
    "operatingExpenses": 175131000,
    "costAndExpenses": 381207000,
    "interestIncome": 1664000,
    "interestExpense": 121134000,
    "depreciationAndAmortization": 154475000,
    "ebitda": 354105000,
    "ebitdaratio": 0.6145533054,
    "operatingIncome": 194992000,
    "operatingIncomeRatio": 0.3384108615,
    "totalOtherIncomeExpensesNet": -115597000,
    "incomeBeforeTax": 79395000,
    "incomeBeforeTaxRatio": 0.1377909368,
    "incomeTaxExpense": 28632000,
    "netIncome": 91365000,
    "netIncomeRatio": 0.1585650097,
    "eps": 0.58,
    "epsdiluted": 0.58,
    "weightedAverageShsOut": 152798000,
    "weightedAverageShsOutDil": 152932000,
    "link": "https://www.sec.gov/Archives/edgar/data/1037540/000119312514077846/0001193125-14-077846-index.htm",
    "finalLink": "https://www.sec.gov/Archives/edgar/data/1037540/000119312514077846/d636175d10k.htm"
  },
  {
    "date": "2013-09-30",
    "symbol": "BXP",
    "reportedCurrency": "USD",
    "cik": "0001037540",
    "fillingDate": "2013-11-08",
    "acceptedDate": "2013-11-08 16:33:17",
    "calendarYear": "2013",
    "period": "Q3",
    "revenue": 574082000,
    "costOfRevenue": 206930000,
    "grossProfit": 367152000,
    "grossProfitRatio": 0.6395462669,
    "researchAndDevelopmentExpenses": 0,
    "generalAndAdministrativeExpenses": 24841000,
    "sellingAndMarketingExpenses": 0,
    "sellingGeneralAndAdministrativeExpenses": 24841000,
    "otherExpenses": 154193000,
    "operatingExpenses": 179034000,
    "costAndExpenses": 385964000,
    "interestIncome": 3879000,
    "interestExpense": 122173000,
    "depreciationAndAmortization": 154193000,
    "ebitda": 358677000,
    "ebitdaratio": 0.6247835675,
    "operatingIncome": 187352000,
    "operatingIncomeRatio": 0.326350591,
    "totalOtherIncomeExpensesNet": -34076000,
    "incomeBeforeTax": 82910000,
    "incomeBeforeTaxRatio": 0.144421877,
    "incomeTaxExpense": 64495000,
    "netIncome": 155324000,
    "netIncomeRatio": 0.2705606516,
    "eps": 1,
    "epsdiluted": 1,
    "weightedAverageShsOut": 152407000,
    "weightedAverageShsOutDil": 152692000,
    "link": "https://www.sec.gov/Archives/edgar/data/1037540/000119312513435327/0001193125-13-435327-index.htm",
    "finalLink": "https://www.sec.gov/Archives/edgar/data/1037540/000119312513435327/d607505d10q.htm"
  },
  {
    "date": "2013-06-30",
    "symbol": "BXP",
    "reportedCurrency": "USD",
    "cik": "0001037540",
    "fillingDate": "2013-08-09",
    "acceptedDate": "2013-08-09 17:03:55",
    "calendarYear": "2013",
    "period": "Q2",
    "revenue": 515320000,
    "costOfRevenue": 187172000,
    "grossProfit": 328148000,
    "grossProfitRatio": 0.6367849103,
    "researchAndDevelopmentExpenses": 0,
    "generalAndAdministrativeExpenses": 22194000,
    "sellingAndMarketingExpenses": 0,
    "sellingGeneralAndAdministrativeExpenses": 22194000,
    "otherExpenses": 134604000,
    "operatingExpenses": 156798000,
    "costAndExpenses": 343970000,
    "interestIncome": 1296000,
    "interestExpense": 103140000,
    "depreciationAndAmortization": 134604000,
    "ebitda": 356033000,
    "ebitdaratio": 0.6908969184,
    "operatingIncome": 170815000,
    "operatingIncomeRatio": 0.3314736474,
    "totalOtherIncomeExpensesNet": 337515000,
    "incomeBeforeTax": 505888000,
    "incomeBeforeTaxRatio": 0.9816968097,
    "incomeTaxExpense": 202776000,
    "netIncome": 455035000,
    "netIncomeRatio": 0.8830144376,
    "eps": 2.95,
    "epsdiluted": 2.94,
    "weightedAverageShsOut": 151938000,
    "weightedAverageShsOutDil": 152490000,
    "link": "https://www.sec.gov/Archives/edgar/data/1037540/000119312513329347/0001193125-13-329347-index.htm",
    "finalLink": "https://www.sec.gov/Archives/edgar/data/1037540/000119312513329347/d556999d10q.htm"
  },
  {
    "date": "2013-03-31",
    "symbol": "BXP",
    "reportedCurrency": "USD",
    "cik": "0001037540",
    "fillingDate": "2013-05-10",
    "acceptedDate": "2013-05-10 15:21:41",
    "calendarYear": "2013",
    "period": "Q1",
    "revenue": 483014000,
    "costOfRevenue": 179664000,
    "grossProfit": 303350000,
    "grossProfitRatio": 0.6280356263,
    "researchAndDevelopmentExpenses": 0,
    "generalAndAdministrativeExpenses": 43571000,
    "sellingAndMarketingExpenses": 0,
    "sellingGeneralAndAdministrativeExpenses": 43571000,
    "otherExpenses": 120595000,
    "operatingExpenses": 164166000,
    "costAndExpenses": 343830000,
    "interestIncome": 1471000,
    "interestExpense": 100433000,
    "depreciationAndAmortization": 120595000,
    "ebitda": 260120000,
    "ebitdaratio": 0.5385351149,
    "operatingIncome": 130435000,
    "operatingIncomeRatio": 0.2700439325,
    "totalOtherIncomeExpensesNet": -117000000,
    "incomeBeforeTax": 40929000,
    "incomeBeforeTaxRatio": 0.0847366743,
    "incomeTaxExpense": 102083000,
    "netIncome": 48000000,
    "netIncomeRatio": 0.0993760015,
    "eps": 0.32,
    "epsdiluted": 0.31,
    "weightedAverageShsOut": 151646000,
    "weightedAverageShsOutDil": 151952000,
    "link": "https://www.sec.gov/Archives/edgar/data/1037540/000119312513213882/0001193125-13-213882-index.htm",
    "finalLink": "https://www.sec.gov/Archives/edgar/data/1037540/000119312513213882/d531191d10q.htm"
  },
  {
    "date": "2012-12-31",
    "symbol": "BXP",
    "reportedCurrency": "USD",
    "cik": "0001037540",
    "fillingDate": "2013-02-28",
    "acceptedDate": "2013-02-28 17:13:01",
    "calendarYear": "2012",
    "period": "Q4",
    "revenue": 485405000,
    "costOfRevenue": 177652000,
    "grossProfit": 307753000,
    "grossProfitRatio": 0.6340128346,
    "researchAndDevelopmentExpenses": 0,
    "generalAndAdministrativeExpenses": 15940000,
    "sellingAndMarketingExpenses": 0,
    "sellingGeneralAndAdministrativeExpenses": 15940000,
    "otherExpenses": 121125000,
    "operatingExpenses": 136490000,
    "costAndExpenses": 314142000,
    "interestIncome": 2062000,
    "interestExpense": 103452000,
    "depreciationAndAmortization": 120550000,
    "ebitda": 290289000,
    "ebitdaratio": 0.5980346309,
    "operatingIncome": 170862000,
    "operatingIncomeRatio": 0.3519988463,
    "totalOtherIncomeExpensesNet": 7180000,
    "incomeBeforeTax": 76608000,
    "incomeBeforeTaxRatio": 0.157822849,
    "incomeTaxExpense": 87641000,
    "netIncome": 65400000,
    "netIncomeRatio": 0.1347328519,
    "eps": 0.43,
    "epsdiluted": 0.43,
    "weightedAverageShsOut": 151006000,
    "weightedAverageShsOutDil": 151401000,
    "link": "https://www.sec.gov/Archives/edgar/data/1037540/000119312513084781/0001193125-13-084781-index.htm",
    "finalLink": "https://www.sec.gov/Archives/edgar/data/1037540/000119312513084781/d440480d10k.htm"
  },
  {
    "date": "2012-09-30",
    "symbol": "BXP",
    "reportedCurrency": "USD",
    "cik": "0001037540",
    "fillingDate": "2012-11-08",
    "acceptedDate": "2012-11-08 16:45:01",
    "calendarYear": "2012",
    "period": "Q3",
    "revenue": 470904000,
    "costOfRevenue": 175825000,
    "grossProfit": 295079000,
    "grossProfitRatio": 0.6266224114,
    "researchAndDevelopmentExpenses": 0,
    "generalAndAdministrativeExpenses": 19757000,
    "sellingAndMarketingExpenses": 1140000,
    "sellingGeneralAndAdministrativeExpenses": 20897000,
    "otherExpenses": 110220000,
    "operatingExpenses": 132257000,
    "costAndExpenses": 308082000,
    "interestIncome": 4001000,
    "interestExpense": 105030000,
    "depreciationAndAmortization": 111360000,
    "ebitda": 280556000,
    "ebitdaratio": 0.5957817305,
    "operatingIncome": 162822000,
    "operatingIncomeRatio": 0.3457647419,
    "totalOtherIncomeExpensesNet": -105552000,
    "incomeBeforeTax": 57769000,
    "incomeBeforeTaxRatio": 0.1226768089,
    "incomeTaxExpense": 114270000,
    "netIncome": 57769000,
    "netIncomeRatio": 0.1226768089,
    "eps": 0.38,
    "epsdiluted": 0.38,
    "weightedAverageShsOut": 150801000,
    "weightedAverageShsOutDil": 151983000,
    "link": "https://www.sec.gov/Archives/edgar/data/1037540/000119312512460629/0001193125-12-460629-index.htm",
    "finalLink": "https://www.sec.gov/Archives/edgar/data/1037540/000119312512460629/d409336d10q.htm"
  },
  {
    "date": "2012-06-30",
    "symbol": "BXP",
    "reportedCurrency": "USD",
    "cik": "0001037540",
    "fillingDate": "2012-08-08",
    "acceptedDate": "2012-08-08 16:04:56",
    "calendarYear": "2012",
    "period": "Q2",
    "revenue": 472897000,
    "costOfRevenue": 168469000,
    "grossProfit": 304428000,
    "grossProfitRatio": 0.6437511763,
    "researchAndDevelopmentExpenses": 0,
    "generalAndAdministrativeExpenses": 19066000,
    "sellingAndMarketingExpenses": 8000,
    "sellingGeneralAndAdministrativeExpenses": 19074000,
    "otherExpenses": 111643000,
    "operatingExpenses": 130717000,
    "costAndExpenses": 299186000,
    "interestIncome": 2382000,
    "interestExpense": 99901000,
    "depreciationAndAmortization": 111643000,
    "ebitda": 285266000,
    "ebitdaratio": 0.6032307247,
    "operatingIncome": 173711000,
    "operatingIncomeRatio": 0.36733369,
    "totalOtherIncomeExpensesNet": -54249000,
    "incomeBeforeTax": 97471000,
    "incomeBeforeTaxRatio": 0.2061146508,
    "incomeTaxExpense": 75832000,
    "netIncome": 119070000,
    "netIncomeRatio": 0.2517884444,
    "eps": 0.79,
    "epsdiluted": 0.78,
    "weightedAverageShsOut": 150312000,
    "weightedAverageShsOutDil": 150694000,
    "link": "https://www.sec.gov/Archives/edgar/data/1037540/000119312512343982/0001193125-12-343982-index.htm",
    "finalLink": "https://www.sec.gov/Archives/edgar/data/1037540/000119312512343982/d366820d10q.htm"
  },
  {
    "date": "2012-03-31",
    "symbol": "BXP",
    "reportedCurrency": "USD",
    "cik": "0001037540",
    "fillingDate": "2012-05-08",
    "acceptedDate": "2012-05-08 17:10:15",
    "calendarYear": "2012",
    "period": "Q1",
    "revenue": 447662000,
    "costOfRevenue": 163605000,
    "grossProfit": 284057000,
    "grossProfitRatio": 0.6345345372,
    "researchAndDevelopmentExpenses": 0,
    "generalAndAdministrativeExpenses": 27619000,
    "sellingAndMarketingExpenses": 2104000,
    "sellingGeneralAndAdministrativeExpenses": 29723000,
    "otherExpenses": 109673000,
    "operatingExpenses": 139396000,
    "costAndExpenses": 303001000,
    "interestIncome": 1646000,
    "interestExpense": 103237000,
    "depreciationAndAmortization": 109673000,
    "ebitda": 253533000,
    "ebitdaratio": 0.5663491652,
    "operatingIncome": 144661000,
    "operatingIncomeRatio": 0.3231478213,
    "totalOtherIncomeExpensesNet": -89396000,
    "incomeBeforeTax": 56359000,
    "incomeBeforeTaxRatio": 0.1258963236,
    "incomeTaxExpense": 91750000,
    "netIncome": 64632000,
    "netIncomeRatio": 0.1443767843,
    "eps": 0.33,
    "epsdiluted": 0.33,
    "weightedAverageShsOut": 148343000,
    "weightedAverageShsOutDil": 148746000,
    "link": "https://www.sec.gov/Archives/edgar/data/1037540/000119312512218853/0001193125-12-218853-index.htm",
    "finalLink": "https://www.sec.gov/Archives/edgar/data/1037540/000119312512218853/d329678d10q.htm"
  },
  {
    "date": "2011-12-31",
    "symbol": "BXP",
    "reportedCurrency": "USD",
    "cik": "0001037540",
    "fillingDate": "2012-02-28",
    "acceptedDate": "2012-02-28 17:15:09",
    "calendarYear": "2011",
    "period": "Q4",
    "revenue": 452787000,
    "costOfRevenue": 162222000,
    "grossProfit": 290565000,
    "grossProfitRatio": 0.6417255796,
    "researchAndDevelopmentExpenses": 0,
    "generalAndAdministrativeExpenses": 81442000,
    "sellingAndMarketingExpenses": -62052000,
    "sellingGeneralAndAdministrativeExpenses": 19390000,
    "otherExpenses": 109181000,
    "operatingExpenses": 128571000,
    "costAndExpenses": 290793000,
    "interestIncome": 1179000,
    "interestExpense": 103967000,
    "depreciationAndAmortization": 109181000,
    "ebitda": 360337000,
    "ebitdaratio": 0.7958201097,
    "operatingIncome": 161975000,
    "operatingIncomeRatio": 0.3577289101,
    "totalOtherIncomeExpensesNet": 33919000,
    "incomeBeforeTax": 195894000,
    "incomeBeforeTaxRatio": 0.4326405131,
    "incomeTaxExpense": 53637000,
    "netIncome": 101320000,
    "netIncomeRatio": 0.2237696754,
    "eps": 0.68,
    "epsdiluted": 0.68,
    "weightedAverageShsOut": 147754000,
    "weightedAverageShsOutDil": 148343000,
    "link": "https://www.sec.gov/Archives/edgar/data/1037540/000119312512085764/0001193125-12-085764-index.htm",
    "finalLink": "https://www.sec.gov/Archives/edgar/data/1037540/000119312512085764/d277704d10k.htm"
  },
  {
    "date": "2011-09-30",
    "symbol": "BXP",
    "reportedCurrency": "USD",
    "cik": "0001037540",
    "fillingDate": "2011-11-08",
    "acceptedDate": "2011-11-08 17:23:50",
    "calendarYear": "2011",
    "period": "Q3",
    "revenue": 452413000,
    "costOfRevenue": 161017000,
    "grossProfit": 291396000,
    "grossProfitRatio": 0.6440928974,
    "researchAndDevelopmentExpenses": 0,
    "generalAndAdministrativeExpenses": 17340000,
    "sellingAndMarketingExpenses": 0,
    "sellingGeneralAndAdministrativeExpenses": 17340000,
    "otherExpenses": 109495000,
    "operatingExpenses": 126835000,
    "costAndExpenses": 287852000,
    "interestIncome": 1252000,
    "interestExpense": 95777000,
    "depreciationAndAmortization": 109495000,
    "ebitda": 273799000,
    "ebitdaratio": 0.6051970213,
    "operatingIncome": 164510000,
    "operatingIncomeRatio": 0.363627924,
    "totalOtherIncomeExpensesNet": -93968000,
    "incomeBeforeTax": 70542000,
    "incomeBeforeTaxRatio": 0.1559239014,
    "incomeTaxExpense": 105345000,
    "netIncome": 70542000,
    "netIncomeRatio": 0.1559239014,
    "eps": 0.48,
    "epsdiluted": 0.48,
    "weightedAverageShsOut": 147006000,
    "weightedAverageShsOutDil": 147622000,
    "link": "https://www.sec.gov/Archives/edgar/data/1037540/000119312511302448/0001193125-11-302448-index.htm",
    "finalLink": "https://www.sec.gov/Archives/edgar/data/1037540/000119312511302448/d234922d10q.htm"
  },
  {
    "date": "2011-06-30",
    "symbol": "BXP",
    "reportedCurrency": "USD",
    "cik": "0001037540",
    "fillingDate": "2011-08-08",
    "acceptedDate": "2011-08-08 16:49:54",
    "calendarYear": "2011",
    "period": "Q2",
    "revenue": 436451000,
    "costOfRevenue": 151156000,
    "grossProfit": 285295000,
    "grossProfitRatio": 0.6536701715,
    "researchAndDevelopmentExpenses": 0,
    "generalAndAdministrativeExpenses": 20069000,
    "sellingAndMarketingExpenses": 0,
    "sellingGeneralAndAdministrativeExpenses": 20069000,
    "otherExpenses": 111080000,
    "operatingExpenses": 131149000,
    "costAndExpenses": 282305000,
    "interestIncome": 1953000,
    "interestExpense": 95236000,
    "depreciationAndAmortization": 111080000,
    "ebitda": 265233000,
    "ebitdaratio": 0.6077039576,
    "operatingIncome": 154133000,
    "operatingIncomeRatio": 0.3531507546,
    "totalOtherIncomeExpensesNet": -83742000,
    "incomeBeforeTax": 69738000,
    "incomeBeforeTaxRatio": 0.1597842599,
    "incomeTaxExpense": 102814000,
    "netIncome": 60214000,
    "netIncomeRatio": 0.1379627954,
    "eps": 0.41,
    "epsdiluted": 0.41,
    "weightedAverageShsOut": 145864000,
    "weightedAverageShsOutDil": 146695000,
    "link": "https://www.sec.gov/Archives/edgar/data/1037540/000119312511214359/0001193125-11-214359-index.htm",
    "finalLink": "https://www.sec.gov/Archives/edgar/data/1037540/000119312511214359/d10q.htm"
  },
  {
    "date": "2011-03-31",
    "symbol": "BXP",
    "reportedCurrency": "USD",
    "cik": "0001037540",
    "fillingDate": "2011-05-09",
    "acceptedDate": "2011-05-09 17:21:15",
    "calendarYear": "2011",
    "period": "Q1",
    "revenue": 417875000,
    "costOfRevenue": 145710000,
    "grossProfit": 272165000,
    "grossProfitRatio": 0.6513072091,
    "researchAndDevelopmentExpenses": 0,
    "generalAndAdministrativeExpenses": 24643000,
    "sellingAndMarketingExpenses": 0,
    "sellingGeneralAndAdministrativeExpenses": 24643000,
    "otherExpenses": 109428000,
    "operatingExpenses": 134071000,
    "costAndExpenses": 279781000,
    "interestIncome": 974000,
    "interestExpense": 99151000,
    "depreciationAndAmortization": 109428000,
    "ebitda": 247221000,
    "ebitdaratio": 0.5916147173,
    "operatingIncome": 138022000,
    "operatingIncomeRatio": 0.3302949447,
    "totalOtherIncomeExpensesNet": -89202000,
    "incomeBeforeTax": 48194000,
    "incomeBeforeTaxRatio": 0.1153311397,
    "incomeTaxExpense": 105257000,
    "netIncome": 40813000,
    "netIncomeRatio": 0.0976679629,
    "eps": 0.29,
    "epsdiluted": 0.29,
    "weightedAverageShsOut": 142095000,
    "weightedAverageShsOutDil": 142504000,
    "link": "https://www.sec.gov/Archives/edgar/data/1037540/000119312511132592/0001193125-11-132592-index.htm",
    "finalLink": "https://www.sec.gov/Archives/edgar/data/1037540/000119312511132592/d10q.htm"
  },
  {
    "date": "2010-12-31",
    "symbol": "BXP",
    "reportedCurrency": "USD",
    "cik": "0001037540",
    "fillingDate": "2011-02-25",
    "acceptedDate": "2011-02-25 16:39:20",
    "calendarYear": "2010",
    "period": "Q4",
    "revenue": 386841000,
    "costOfRevenue": 132986000,
    "grossProfit": 253855000,
    "grossProfitRatio": 0.6562256845,
    "researchAndDevelopmentExpenses": 0,
    "generalAndAdministrativeExpenses": 79658000,
    "sellingAndMarketingExpenses": -62537000,
    "sellingGeneralAndAdministrativeExpenses": 17121000,
    "otherExpenses": 84795000,
    "operatingExpenses": 101916000,
    "costAndExpenses": 234902000,
    "interestIncome": 7332000,
    "interestExpense": 92192000,
    "depreciationAndAmortization": 92763000,
    "ebitda": 244702000,
    "ebitdaratio": 0.6325648005,
    "operatingIncome": 437105000,
    "operatingIncomeRatio": 1.1299345209,
    "totalOtherIncomeExpensesNet": -246778000,
    "incomeBeforeTax": 190327000,
    "incomeBeforeTaxRatio": 0.4920031744,
    "incomeTaxExpense": 171794000,
    "netIncome": -12714000,
    "netIncomeRatio": -0.0328662164,
    "eps": -0.0907,
    "epsdiluted": -0.0895,
    "weightedAverageShsOut": 140115000,
    "weightedAverageShsOutDil": 142095000,
    "link": "https://www.sec.gov/Archives/edgar/data/1037540/000119312511047496/0001193125-11-047496-index.htm",
    "finalLink": "https://www.sec.gov/Archives/edgar/data/1037540/000119312511047496/d10k.htm"
  },
  {
    "date": "2010-09-30",
    "symbol": "BXP",
    "reportedCurrency": "USD",
    "cik": "0001037540",
    "fillingDate": "2010-11-05",
    "acceptedDate": "2010-11-05 17:07:32",
    "calendarYear": "2010",
    "period": "Q3",
    "revenue": 388224000,
    "costOfRevenue": 134235000,
    "grossProfit": 253989000,
    "grossProfitRatio": 0.6542331231,
    "researchAndDevelopmentExpenses": 0,
    "generalAndAdministrativeExpenses": 18067000,
    "sellingAndMarketingExpenses": 0,
    "sellingGeneralAndAdministrativeExpenses": 18067000,
    "otherExpenses": 80402000,
    "operatingExpenses": 98469000,
    "costAndExpenses": 232704000,
    "interestIncome": 1814000,
    "interestExpense": 97103000,
    "depreciationAndAmortization": 81133000,
    "ebitda": 234108000,
    "ebitdaratio": 0.603022997,
    "operatingIncome": 56524000,
    "operatingIncomeRatio": 0.1455963567,
    "totalOtherIncomeExpensesNet": -93414000,
    "incomeBeforeTax": 57668000,
    "incomeBeforeTaxRatio": 0.1485431091,
    "incomeTaxExpense": 109417000,
    "netIncome": 57668000,
    "netIncomeRatio": 0.1485431091,
    "eps": 0.41,
    "epsdiluted": 0.41,
    "weightedAverageShsOut": 139595000,
    "weightedAverageShsOutDil": 140193000,
    "link": "https://www.sec.gov/Archives/edgar/data/1037540/000119312510250260/0001193125-10-250260-index.htm",
    "finalLink": "https://www.sec.gov/Archives/edgar/data/1037540/000119312510250260/d10q.htm"
  },
  {
    "date": "2010-06-30",
    "symbol": "BXP",
    "reportedCurrency": "USD",
    "cik": "0001037540",
    "fillingDate": "2010-08-06",
    "acceptedDate": "2010-08-06 12:16:46",
    "calendarYear": "2010",
    "period": "Q2",
    "revenue": 395958000,
    "costOfRevenue": 129373000,
    "grossProfit": 266585000,
    "grossProfitRatio": 0.6732658514,
    "researchAndDevelopmentExpenses": 0,
    "generalAndAdministrativeExpenses": 17648000,
    "sellingAndMarketingExpenses": 0,
    "sellingGeneralAndAdministrativeExpenses": 17648000,
    "otherExpenses": 88129000,
    "operatingExpenses": 99048000,
    "costAndExpenses": 228421000,
    "interestIncome": 2117000,
    "interestExpense": 96755000,
    "depreciationAndAmortization": 81400000,
    "ebitda": 249673000,
    "ebitdaratio": 0.6305542507,
    "operatingIncome": 70782000,
    "operatingIncomeRatio": 0.1787613838,
    "totalOtherIncomeExpensesNet": -93902000,
    "incomeBeforeTax": 61412000,
    "incomeBeforeTaxRatio": 0.1550972578,
    "incomeTaxExpense": 113590000,
    "netIncome": 61412000,
    "netIncomeRatio": 0.1550972578,
    "eps": 0.44,
    "epsdiluted": 0.44,
    "weightedAverageShsOut": 139113000,
    "weightedAverageShsOutDil": 139826000,
    "link": "https://www.sec.gov/Archives/edgar/data/1037540/000119312510180850/0001193125-10-180850-index.htm",
    "finalLink": "https://www.sec.gov/Archives/edgar/data/1037540/000119312510180850/d10q.htm"
  },
  {
    "date": "2010-03-31",
    "symbol": "BXP",
    "reportedCurrency": "USD",
    "cik": "0001037540",
    "fillingDate": "2010-05-06",
    "acceptedDate": "2010-05-06 16:51:23",
    "calendarYear": "2010",
    "period": "Q1",
    "revenue": 379781000,
    "costOfRevenue": 130253000,
    "grossProfit": 249528000,
    "grossProfitRatio": 0.6570312891,
    "researchAndDevelopmentExpenses": 0,
    "generalAndAdministrativeExpenses": 26822000,
    "sellingAndMarketingExpenses": 0,
    "sellingGeneralAndAdministrativeExpenses": 26822000,
    "otherExpenses": 77845000,
    "operatingExpenses": 109897000,
    "costAndExpenses": 240150000,
    "interestIncome": 1710000,
    "interestExpense": 92029000,
    "depreciationAndAmortization": 83075000,
    "ebitda": 235846000,
    "ebitdaratio": 0.6210052636,
    "operatingIncome": 47602000,
    "operatingIncomeRatio": 0.1253406569,
    "totalOtherIncomeExpensesNet": -84379000,
    "incomeBeforeTax": 52714000,
    "incomeBeforeTaxRatio": 0.1388010459,
    "incomeTaxExpense": 94827000,
    "netIncome": 52714000,
    "netIncomeRatio": 0.1388010459,
    "eps": 0.38,
    "epsdiluted": 0.38,
    "weightedAverageShsOut": 138931000,
    "weightedAverageShsOutDil": 139597000,
    "link": "https://www.sec.gov/Archives/edgar/data/1037540/000119312510111041/0001193125-10-111041-index.htm",
    "finalLink": "https://www.sec.gov/Archives/edgar/data/1037540/000119312510111041/d10q.htm"
  },
  {
    "date": "2009-12-31",
    "symbol": "BXP",
    "reportedCurrency": "USD",
    "cik": "0001037540",
    "fillingDate": "2010-02-25",
    "acceptedDate": "2010-02-25 16:57:24",
    "calendarYear": "2009",
    "period": "Q4",
    "revenue": 377912000,
    "costOfRevenue": 131905000,
    "grossProfit": 246007000,
    "grossProfitRatio": 0.6509637164,
    "researchAndDevelopmentExpenses": -27766000,
    "generalAndAdministrativeExpenses": 75447000,
    "sellingAndMarketingExpenses": -55941000,
    "sellingGeneralAndAdministrativeExpenses": 19506000,
    "otherExpenses": 51359000,
    "operatingExpenses": 70865000,
    "costAndExpenses": 202770000,
    "interestIncome": -2275000,
    "interestExpense": 88180000,
    "depreciationAndAmortization": 79125000,
    "ebitda": 254267000,
    "ebitdaratio": 0.6728206567,
    "operatingIncome": 86962000,
    "operatingIncomeRatio": 0.2301117721,
    "totalOtherIncomeExpensesNet": 189674000,
    "incomeBeforeTax": 274499000,
    "incomeBeforeTaxRatio": 0.7263569297,
    "incomeTaxExpense": 177545000,
    "netIncome": 53410000,
    "netIncomeRatio": 0.1413291983,
    "eps": 0.38,
    "epsdiluted": 0.38,
    "weightedAverageShsOut": 138844000,
    "weightedAverageShsOutDil": 138931000,
    "link": "https://www.sec.gov/Archives/edgar/data/1037540/000119312510040826/0001193125-10-040826-index.htm",
    "finalLink": "https://www.sec.gov/Archives/edgar/data/1037540/000119312510040826/d10k.htm"
  },
  {
    "date": "2009-09-30",
    "symbol": "BXP",
    "reportedCurrency": "USD",
    "cik": "0001037540",
    "fillingDate": "2009-11-05",
    "acceptedDate": "2009-11-05 15:54:08",
    "calendarYear": "2009",
    "period": "Q3",
    "revenue": 377303000,
    "costOfRevenue": 75679000,
    "grossProfit": 301624000,
    "grossProfitRatio": 0.7994211549,
    "researchAndDevelopmentExpenses": 0,
    "generalAndAdministrativeExpenses": 19989000,
    "sellingAndMarketingExpenses": 0,
    "sellingGeneralAndAdministrativeExpenses": 19989000,
    "otherExpenses": 78181000,
    "operatingExpenses": 155628000,
    "costAndExpenses": 231307000,
    "interestIncome": 1513000,
    "interestExpense": 77090000,
    "depreciationAndAmortization": 78181000,
    "ebitda": 224177000,
    "ebitdaratio": 0.5941564207,
    "operatingIncome": 67605000,
    "operatingIncomeRatio": 0.1791795984,
    "totalOtherIncomeExpensesNet": -170846000,
    "incomeBeforeTax": 65795000,
    "incomeBeforeTaxRatio": 0.1743823929,
    "incomeTaxExpense": 86551000,
    "netIncome": 65795000,
    "netIncomeRatio": 0.1743823929,
    "eps": 0.47,
    "epsdiluted": 0.47,
    "weightedAverageShsOut": 138641000,
    "weightedAverageShsOutDil": 139225000,
    "link": "https://www.sec.gov/Archives/edgar/data/1037540/000119312509225470/0001193125-09-225470-index.htm",
    "finalLink": "https://www.sec.gov/Archives/edgar/data/1037540/000119312509225470/d10q.htm"
  },
  {
    "date": "2009-06-30",
    "symbol": "BXP",
    "reportedCurrency": "USD",
    "cik": "0001037540",
    "fillingDate": "2009-08-06",
    "acceptedDate": "2009-08-06 16:39:25",
    "calendarYear": "2009",
    "period": "Q2",
    "revenue": 389490000,
    "costOfRevenue": 130089000,
    "grossProfit": 259401000,
    "grossProfitRatio": 0.6660016945,
    "researchAndDevelopmentExpenses": 0,
    "generalAndAdministrativeExpenses": 18532000,
    "sellingAndMarketingExpenses": 0,
    "sellingGeneralAndAdministrativeExpenses": 18532000,
    "otherExpenses": 86305000,
    "operatingExpenses": 104837000,
    "costAndExpenses": 234926000,
    "interestIncome": 442000,
    "interestExpense": 78633000,
    "depreciationAndAmortization": 87005000,
    "ebitda": 241569000,
    "ebitdaratio": 0.6202187476,
    "operatingIncome": 75931000,
    "operatingIncomeRatio": 0.1949498062,
    "totalOtherIncomeExpensesNet": -186813000,
    "incomeBeforeTax": 67152000,
    "incomeBeforeTaxRatio": 0.1724100747,
    "incomeTaxExpense": 87061000,
    "netIncome": 67152000,
    "netIncomeRatio": 0.1724100747,
    "eps": 0.54,
    "epsdiluted": 0.53,
    "weightedAverageShsOut": 125267000,
    "weightedAverageShsOutDil": 125620000,
    "link": "https://www.sec.gov/Archives/edgar/data/1037540/000119312509167264/0001193125-09-167264-index.htm",
    "finalLink": "https://www.sec.gov/Archives/edgar/data/1037540/000119312509167264/d10q.htm"
  },
  {
    "date": "2009-03-31",
    "symbol": "BXP",
    "reportedCurrency": "USD",
    "cik": "0001037540",
    "fillingDate": "2009-05-11",
    "acceptedDate": "2009-05-11 17:17:34",
    "calendarYear": "2009",
    "period": "Q1",
    "revenue": 377544000,
    "costOfRevenue": 129333000,
    "grossProfit": 248211000,
    "grossProfitRatio": 0.6574359545,
    "researchAndDevelopmentExpenses": 27766000,
    "generalAndAdministrativeExpenses": 17420000,
    "sellingAndMarketingExpenses": 0,
    "sellingGeneralAndAdministrativeExpenses": 17420000,
    "otherExpenses": 77957000,
    "operatingExpenses": 123143000,
    "costAndExpenses": 252476000,
    "interestIncome": 320000,
    "interestExpense": 78930000,
    "depreciationAndAmortization": 77370000,
    "ebitda": 202438000,
    "ebitdaratio": 0.5361971055,
    "operatingIncome": 46138000,
    "operatingIncomeRatio": 0.1222056237,
    "totalOtherIncomeExpensesNet": -188360000,
    "incomeBeforeTax": 54030000,
    "incomeBeforeTaxRatio": 0.1431091475,
    "incomeTaxExpense": 85567000,
    "netIncome": 44598000,
    "netIncomeRatio": 0.1181266289,
    "eps": 0.37,
    "epsdiluted": 0.37,
    "weightedAverageShsOut": 121256000,
    "weightedAverageShsOutDil": 121468000,
    "link": "https://www.sec.gov/Archives/edgar/data/1037540/000119312509107355/0001193125-09-107355-index.htm",
    "finalLink": "https://www.sec.gov/Archives/edgar/data/1037540/000119312509107355/d10q.htm"
  },
  {
    "date": "2008-12-31",
    "symbol": "BXP",
    "reportedCurrency": "USD",
    "cik": "0001037540",
    "fillingDate": "2009-03-02",
    "acceptedDate": "2009-03-02 17:02:47",
    "calendarYear": "2008",
    "period": "Q4",
    "revenue": 392273000,
    "costOfRevenue": 132325000,
    "grossProfit": 259948000,
    "grossProfitRatio": 0.6626711499,
    "researchAndDevelopmentExpenses": 0,
    "generalAndAdministrativeExpenses": 72365000,
    "sellingAndMarketingExpenses": -55813000,
    "sellingGeneralAndAdministrativeExpenses": 16552000,
    "otherExpenses": 69917000,
    "operatingExpenses": 86469000,
    "costAndExpenses": 218794000,
    "interestIncome": -16106000,
    "interestExpense": 71261000,
    "depreciationAndAmortization": 79766000,
    "ebitda": 253245000,
    "ebitdaratio": 0.6455835604,
    "operatingIncome": 102218000,
    "operatingIncomeRatio": 0.2605787296,
    "totalOtherIncomeExpensesNet": 23014000,
    "incomeBeforeTax": 125232000,
    "incomeBeforeTaxRatio": 0.319247055,
    "incomeTaxExpense": 216501000,
    "netIncome": -91234000,
    "netIncomeRatio": -0.2325778221,
    "eps": -0.76,
    "epsdiluted": -0.75,
    "weightedAverageShsOut": 120796000,
    "weightedAverageShsOutDil": 121256000,
    "link": "https://www.sec.gov/Archives/edgar/data/1037540/000119312509042701/0001193125-09-042701-index.htm",
    "finalLink": "https://www.sec.gov/Archives/edgar/data/1037540/000119312509042701/d10k.htm"
  },
  {
    "date": "2008-09-30",
    "symbol": "BXP",
    "reportedCurrency": "USD",
    "cik": "0001037540",
    "fillingDate": "2008-11-10",
    "acceptedDate": "2008-11-10 17:18:13",
    "calendarYear": "2008",
    "period": "Q3",
    "revenue": 357048000,
    "costOfRevenue": 134033000,
    "grossProfit": 223015000,
    "grossProfitRatio": 0.6246078959,
    "researchAndDevelopmentExpenses": 0,
    "generalAndAdministrativeExpenses": 18758000,
    "sellingAndMarketingExpenses": 0,
    "sellingGeneralAndAdministrativeExpenses": 18758000,
    "otherExpenses": 81639000,
    "operatingExpenses": 100397000,
    "costAndExpenses": 234430000,
    "interestIncome": 212000,
    "interestExpense": 68308000,
    "depreciationAndAmortization": 75321000,
    "ebitda": 205197000,
    "ebitdaratio": 0.5747042414,
    "operatingIncome": 54310000,
    "operatingIncomeRatio": 0.1521084,
    "totalOtherIncomeExpensesNet": -152124000,
    "incomeBeforeTax": 58451000,
    "incomeBeforeTaxRatio": 0.1637062804,
    "incomeTaxExpense": 76756000,
    "netIncome": 48506000,
    "netIncomeRatio": 0.1358528825,
    "eps": 0.36,
    "epsdiluted": 0.35,
    "weightedAverageShsOut": 119832000,
    "weightedAverageShsOutDil": 121369000,
    "link": "https://www.sec.gov/Archives/edgar/data/1037540/000119312508231998/0001193125-08-231998-index.htm",
    "finalLink": "https://www.sec.gov/Archives/edgar/data/1037540/000119312508231998/d10q.htm"
  },
  {
    "date": "2008-06-30",
    "symbol": "BXP",
    "reportedCurrency": "USD",
    "cik": "0001037540",
    "fillingDate": "2008-08-11",
    "acceptedDate": "2008-08-11 11:18:12",
    "calendarYear": "2008",
    "period": "Q2",
    "revenue": 368520000,
    "costOfRevenue": 125552000,
    "grossProfit": 242968000,
    "grossProfitRatio": 0.6593075003,
    "researchAndDevelopmentExpenses": 0,
    "generalAndAdministrativeExpenses": 16291000,
    "sellingAndMarketingExpenses": 1176000,
    "sellingGeneralAndAdministrativeExpenses": 17467000,
    "otherExpenses": 74132000,
    "operatingExpenses": 91599000,
    "costAndExpenses": 217151000,
    "interestIncome": 4115000,
    "interestExpense": 64564000,
    "depreciationAndAmortization": 74389000,
    "ebitda": 225758000,
    "ebitdaratio": 0.6126071855,
    "operatingIncome": 86805000,
    "operatingIncomeRatio": 0.2355503093,
    "totalOtherIncomeExpensesNet": 7158000,
    "incomeBeforeTax": 93963000,
    "incomeBeforeTaxRatio": 0.2549739499,
    "incomeTaxExpense": 73690000,
    "netIncome": 79534000,
    "netIncomeRatio": 0.2158200369,
    "eps": 0.63,
    "epsdiluted": 0.62,
    "weightedAverageShsOut": 119753000,
    "weightedAverageShsOutDil": 121315000,
    "link": "https://www.sec.gov/Archives/edgar/data/1037540/000119312508172920/0001193125-08-172920-index.htm",
    "finalLink": "https://www.sec.gov/Archives/edgar/data/1037540/000119312508172920/d10q.htm"
  },
  {
    "date": "2008-03-31",
    "symbol": "BXP",
    "reportedCurrency": "USD",
    "cik": "0001037540",
    "fillingDate": "2008-05-12",
    "acceptedDate": "2008-05-12 13:21:30",
    "calendarYear": "2008",
    "period": "Q1",
    "revenue": 370559000,
    "costOfRevenue": 123630000,
    "grossProfit": 246929000,
    "grossProfitRatio": 0.6663689183,
    "researchAndDevelopmentExpenses": 0,
    "generalAndAdministrativeExpenses": 16808000,
    "sellingAndMarketingExpenses": 2780000,
    "sellingGeneralAndAdministrativeExpenses": 19588000,
    "otherExpenses": 202089000,
    "operatingExpenses": 221677000,
    "costAndExpenses": 345307000,
    "interestIncome": 12652000,
    "interestExpense": 72496000,
    "depreciationAndAmortization": 74671000,
    "ebitda": 79898000,
    "ebitdaratio": 0.2156147874,
    "operatingIncome": 148882000,
    "operatingIncomeRatio": 0.4017767751,
    "totalOtherIncomeExpensesNet": 20025000,
    "incomeBeforeTax": 168907000,
    "incomeBeforeTaxRatio": 0.4558167525,
    "incomeTaxExpense": -63209000,
    "netIncome": 88461000,
    "netIncomeRatio": 0.2387231183,
    "eps": 0.71,
    "epsdiluted": 0.7,
    "weightedAverageShsOut": 119536000,
    "weightedAverageShsOutDil": 121022000,
    "link": "https://www.sec.gov/Archives/edgar/data/1037540/000119312508111201/0001193125-08-111201-index.htm",
    "finalLink": "https://www.sec.gov/Archives/edgar/data/1037540/000119312508111201/d10q.htm"
  },
  {
    "date": "2007-12-31",
    "symbol": "BXP",
    "reportedCurrency": "USD",
    "cik": "0001037540",
    "fillingDate": "2008-02-29",
    "acceptedDate": "2008-02-29 17:01:40",
    "calendarYear": "2007",
    "period": "Q4",
    "revenue": 371959000,
    "costOfRevenue": 123560000,
    "grossProfit": 248399000,
    "grossProfitRatio": 0.6678128503,
    "researchAndDevelopmentExpenses": 0,
    "generalAndAdministrativeExpenses": 16594000,
    "sellingAndMarketingExpenses": 0,
    "sellingGeneralAndAdministrativeExpenses": 16594000,
    "otherExpenses": 69315000,
    "operatingExpenses": 85909000,
    "costAndExpenses": 209469000,
    "interestIncome": 0,
    "interestExpense": 0,
    "depreciationAndAmortization": 71655000,
    "ebitda": 234145000,
    "ebitdaratio": 0.6294914224,
    "operatingIncome": 94201000,
    "operatingIncomeRatio": 0.2532564073,
    "totalOtherIncomeExpensesNet": 1230489000,
    "incomeBeforeTax": 1324690000,
    "incomeBeforeTaxRatio": 3.5613871421,
    "incomeTaxExpense": 1199021000,
    "netIncome": 124218000,
    "netIncomeRatio": 0.3339561618,
    "eps": 1.04,
    "epsdiluted": 1.04,
    "weightedAverageShsOut": 119211000,
    "weightedAverageShsOutDil": 119536000,
    "link": "https://www.sec.gov/Archives/edgar/data/1037540/000119312508043857/0001193125-08-043857-index.htm",
    "finalLink": "https://www.sec.gov/Archives/edgar/data/1037540/000119312508043857/d10k.htm"
  },
  {
    "date": "2007-09-30",
    "symbol": "BXP",
    "reportedCurrency": "USD",
    "cik": "0001037540",
    "fillingDate": "2007-11-09",
    "acceptedDate": "2007-11-09 16:58:03",
    "calendarYear": "2007",
    "period": "Q3",
    "revenue": 371507000,
    "costOfRevenue": 120415000,
    "grossProfit": 251092000,
    "grossProfitRatio": 0.6758742096,
    "researchAndDevelopmentExpenses": 0,
    "generalAndAdministrativeExpenses": 20189000,
    "sellingAndMarketingExpenses": 0,
    "sellingGeneralAndAdministrativeExpenses": 20189000,
    "otherExpenses": 74311000,
    "operatingExpenses": 94500000,
    "costAndExpenses": 214915000,
    "interestIncome": 25081000,
    "interestExpense": 69929000,
    "depreciationAndAmortization": 71616000,
    "ebitda": 226619000,
    "ebitdaratio": 0.6099992732,
    "operatingIncome": 86663000,
    "operatingIncomeRatio": 0.2332742048,
    "totalOtherIncomeExpensesNet": 17980000,
    "incomeBeforeTax": 255158000,
    "incomeBeforeTaxRatio": 0.6868188217,
    "incomeTaxExpense": -85778000,
    "netIncome": 242370000,
    "netIncomeRatio": 0.6523968593,
    "eps": 2.02,
    "epsdiluted": 1.99,
    "weightedAverageShsOut": 119010000,
    "weightedAverageShsOutDil": 120655000,
    "link": "https://www.sec.gov/Archives/edgar/data/1037540/000119312507242608/0001193125-07-242608-index.htm",
    "finalLink": "https://www.sec.gov/Archives/edgar/data/1037540/000119312507242608/d10q.htm"
  },
  {
    "date": "2007-06-30",
    "symbol": "BXP",
    "reportedCurrency": "USD",
    "cik": "0001037540",
    "fillingDate": "2007-08-09",
    "acceptedDate": "2007-08-09 17:24:08",
    "calendarYear": "2007",
    "period": "Q2",
    "revenue": 375128000,
    "costOfRevenue": 120041000,
    "grossProfit": 255087000,
    "grossProfitRatio": 0.6799998934,
    "researchAndDevelopmentExpenses": 0,
    "generalAndAdministrativeExpenses": 16291000,
    "sellingAndMarketingExpenses": 0,
    "sellingGeneralAndAdministrativeExpenses": 16291000,
    "otherExpenses": 74621000,
    "operatingExpenses": 90912000,
    "costAndExpenses": 210953000,
    "interestIncome": 26205000,
    "interestExpense": 73743000,
    "depreciationAndAmortization": 74621000,
    "ebitda": 237207000,
    "ebitdaratio": 0.6323361626,
    "operatingIncome": 90432000,
    "operatingIncomeRatio": 0.2410697149,
    "totalOtherIncomeExpensesNet": 0,
    "incomeBeforeTax": 0,
    "incomeBeforeTaxRatio": 0,
    "incomeTaxExpense": 61831000,
    "netIncome": 102344000,
    "netIncomeRatio": 0.2728242093,
    "eps": 0.86,
    "epsdiluted": 0.84,
    "weightedAverageShsOut": 118961000,
    "weightedAverageShsOutDil": 120984000,
    "link": "https://www.sec.gov/Archives/edgar/data/1037540/000119312507177676/0001193125-07-177676-index.htm",
    "finalLink": "https://www.sec.gov/Archives/edgar/data/1037540/000119312507177676/d10q.htm"
  },
  {
    "date": "2007-03-31",
    "symbol": "BXP",
    "reportedCurrency": "USD",
    "cik": "0001037540",
    "fillingDate": "2007-05-10",
    "acceptedDate": "2007-05-10 17:18:16",
    "calendarYear": "2007",
    "period": "Q1",
    "revenue": 363695000,
    "costOfRevenue": 119589000,
    "grossProfit": 244106000,
    "grossProfitRatio": 0.6711832717,
    "researchAndDevelopmentExpenses": 0,
    "generalAndAdministrativeExpenses": 16808000,
    "sellingAndMarketingExpenses": 0,
    "sellingGeneralAndAdministrativeExpenses": 16808000,
    "otherExpenses": 71200000,
    "operatingExpenses": 88008000,
    "costAndExpenses": 207597000,
    "interestIncome": 0,
    "interestExpense": 0,
    "depreciationAndAmortization": 71086000,
    "ebitda": 106717000,
    "ebitdaratio": 0.2934244353,
    "operatingIncome": 82172000,
    "operatingIncomeRatio": 0.2259365677,
    "totalOtherIncomeExpensesNet": 546862000,
    "incomeBeforeTax": 701378000,
    "incomeBeforeTaxRatio": 1.9284785328,
    "incomeTaxExpense": -698209000,
    "netIncome": 854307000,
    "netIncomeRatio": 2.3489654793,
    "eps": 7.14,
    "epsdiluted": 6.99,
    "weightedAverageShsOut": 118177000,
    "weightedAverageShsOutDil": 120647000,
    "link": "https://www.sec.gov/Archives/edgar/data/1037540/000119312507110478/0001193125-07-110478-index.htm",
    "finalLink": "https://www.sec.gov/Archives/edgar/data/1037540/000119312507110478/d10q.htm"
  },
  {
    "date": "2006-12-31",
    "symbol": "BXP",
    "reportedCurrency": "USD",
    "cik": "0001037540",
    "fillingDate": "2007-03-01",
    "acceptedDate": "2007-03-01 17:23:27",
    "calendarYear": "2006",
    "period": "Q4",
    "revenue": 378673000,
    "costOfRevenue": 124766000,
    "grossProfit": 253907000,
    "grossProfitRatio": 0.6705178346,
    "researchAndDevelopmentExpenses": 0,
    "generalAndAdministrativeExpenses": 16198000,
    "sellingAndMarketingExpenses": 0,
    "sellingGeneralAndAdministrativeExpenses": 16198000,
    "otherExpenses": 70463000,
    "operatingExpenses": 86661000,
    "costAndExpenses": 211427000,
    "interestIncome": 0,
    "interestExpense": 0,
    "depreciationAndAmortization": 70452000,
    "ebitda": 237698000,
    "ebitdaratio": 0.6277130928,
    "operatingIncome": 95823000,
    "operatingIncomeRatio": 0.2530494648,
    "totalOtherIncomeExpensesNet": 777812000,
    "incomeBeforeTax": 873635000,
    "incomeBeforeTaxRatio": 2.3070960961,
    "incomeTaxExpense": 801430000,
    "netIncome": 72642000,
    "netIncomeRatio": 0.1918330591,
    "eps": 0.61,
    "epsdiluted": 0.61,
    "weightedAverageShsOut": 116917000,
    "weightedAverageShsOutDil": 118177000,
    "link": "https://www.sec.gov/Archives/edgar/data/1037540/000119312507044560/0001193125-07-044560-index.htm",
    "finalLink": "https://www.sec.gov/Archives/edgar/data/1037540/000119312507044560/d10k.htm"
  },
  {
    "date": "2006-09-30",
    "symbol": "BXP",
    "reportedCurrency": "USD",
    "cik": "0001037540",
    "fillingDate": "2006-11-09",
    "acceptedDate": "2006-11-09 17:13:25",
    "calendarYear": "2006",
    "period": "Q3",
    "revenue": 372460000,
    "costOfRevenue": 125493000,
    "grossProfit": 246967000,
    "grossProfitRatio": 0.6630698599,
    "researchAndDevelopmentExpenses": 0,
    "generalAndAdministrativeExpenses": 12739000,
    "sellingAndMarketingExpenses": 0,
    "sellingGeneralAndAdministrativeExpenses": 12739000,
    "otherExpenses": 71756000,
    "operatingExpenses": 84495000,
    "costAndExpenses": 209988000,
    "interestIncome": 0,
    "interestExpense": 0,
    "depreciationAndAmortization": 71548000,
    "ebitda": 230025000,
    "ebitdaratio": 0.6175830962,
    "operatingIncome": 88901000,
    "operatingIncomeRatio": 0.2386860334,
    "totalOtherIncomeExpensesNet": -141337000,
    "incomeBeforeTax": 106790000,
    "incomeBeforeTaxRatio": 0.286715352,
    "incomeTaxExpense": 54510000,
    "netIncome": 107962000,
    "netIncomeRatio": 0.2898619986,
    "eps": 0.93,
    "epsdiluted": 0.91,
    "weightedAverageShsOut": 115432000,
    "weightedAverageShsOutDil": 117728000,
    "link": "https://www.sec.gov/Archives/edgar/data/1037540/000119312506230594/0001193125-06-230594-index.htm",
    "finalLink": "https://www.sec.gov/Archives/edgar/data/1037540/000119312506230594/d10q.htm"
  },
  {
    "date": "2006-06-30",
    "symbol": "BXP",
    "reportedCurrency": "USD",
    "cik": "0001037540",
    "fillingDate": "2006-08-09",
    "acceptedDate": "2006-08-09 17:05:10",
    "calendarYear": "2006",
    "period": "Q2",
    "revenue": 370349000,
    "costOfRevenue": 123002000,
    "grossProfit": 247347000,
    "grossProfitRatio": 0.6678754364,
    "researchAndDevelopmentExpenses": 0,
    "generalAndAdministrativeExpenses": 15796000,
    "sellingAndMarketingExpenses": 0,
    "sellingGeneralAndAdministrativeExpenses": 15796000,
    "otherExpenses": 99369000,
    "operatingExpenses": 115165000,
    "costAndExpenses": 238167000,
    "interestIncome": 0,
    "interestExpense": 0,
    "depreciationAndAmortization": 67912000,
    "ebitda": 196247000,
    "ebitdaratio": 0.5298974751,
    "operatingIncome": 53733000,
    "operatingIncomeRatio": 0.1450874715,
    "totalOtherIncomeExpensesNet": 390714000,
    "incomeBeforeTax": 635035000,
    "incomeBeforeTaxRatio": 1.7146934378,
    "incomeTaxExpense": -493549000,
    "netIncome": 625731000,
    "netIncomeRatio": 1.6895711883,
    "eps": 5.33,
    "epsdiluted": 5.23,
    "weightedAverageShsOut": 113994000,
    "weightedAverageShsOutDil": 116176000,
    "link": "https://www.sec.gov/Archives/edgar/data/1037540/000119312506167935/0001193125-06-167935-index.htm",
    "finalLink": "https://www.sec.gov/Archives/edgar/data/1037540/000119312506167935/d10q.htm"
  },
  {
    "date": "2006-03-31",
    "symbol": "BXP",
    "reportedCurrency": "USD",
    "cik": "0001037540",
    "fillingDate": "2006-05-10",
    "acceptedDate": "2006-05-10 17:18:40",
    "calendarYear": "2006",
    "period": "Q1",
    "revenue": 356104000,
    "costOfRevenue": 124091000,
    "grossProfit": 232013000,
    "grossProfitRatio": 0.651531575,
    "researchAndDevelopmentExpenses": 0,
    "generalAndAdministrativeExpenses": 14642000,
    "sellingAndMarketingExpenses": 0,
    "sellingGeneralAndAdministrativeExpenses": 14642000,
    "otherExpenses": 67314000,
    "operatingExpenses": 81956000,
    "costAndExpenses": 206047000,
    "interestIncome": 0,
    "interestExpense": 0,
    "depreciationAndAmortization": 66847000,
    "ebitda": 216168000,
    "ebitdaratio": 0.6070361467,
    "operatingIncome": 75240000,
    "operatingIncomeRatio": 0.2112865904,
    "totalOtherIncomeExpensesNet": -142726000,
    "incomeBeforeTax": 86122000,
    "incomeBeforeTaxRatio": 0.241845079,
    "incomeTaxExpense": 82320000,
    "netIncome": 67737000,
    "netIncomeRatio": 0.1902169029,
    "eps": 0.6,
    "epsdiluted": 0.59,
    "weightedAverageShsOut": 112509000,
    "weightedAverageShsOutDil": 115157000,
    "link": "https://www.sec.gov/Archives/edgar/data/1037540/000119312506107823/0001193125-06-107823-index.htm",
    "finalLink": "https://www.sec.gov/Archives/edgar/data/1037540/000119312506107823/d10q.htm"
  },
  {
    "date": "2005-12-31",
    "symbol": "BXP",
    "reportedCurrency": "USD",
    "cik": "0001037540",
    "fillingDate": "2006-03-16",
    "acceptedDate": "2006-03-16 17:15:23",
    "calendarYear": "2005",
    "period": "Q4",
    "revenue": 359187000,
    "costOfRevenue": 123922000,
    "grossProfit": 235265000,
    "grossProfitRatio": 0.6549930816,
    "researchAndDevelopmentExpenses": 0,
    "generalAndAdministrativeExpenses": 13136000,
    "sellingAndMarketingExpenses": 0,
    "sellingGeneralAndAdministrativeExpenses": 13136000,
    "otherExpenses": 65727000,
    "operatingExpenses": 78863000,
    "costAndExpenses": 202785000,
    "interestIncome": 0,
    "interestExpense": 0,
    "depreciationAndAmortization": 66353000,
    "ebitda": 222755000,
    "ebitdaratio": 0.6201644269,
    "operatingIncome": 81598000,
    "operatingIncomeRatio": 0.2271741461,
    "totalOtherIncomeExpensesNet": 161717000,
    "incomeBeforeTax": 438292000,
    "incomeBeforeTaxRatio": 1.2202334717,
    "incomeTaxExpense": 284283000,
    "netIncome": 153891000,
    "netIncomeRatio": 0.4284425661,
    "eps": 1.37,
    "epsdiluted": 1.37,
    "weightedAverageShsOut": 112351000,
    "weightedAverageShsOutDil": 112509000,
    "link": "https://www.sec.gov/Archives/edgar/data/1037540/000119312506056870/0001193125-06-056870-index.htm",
    "finalLink": "https://www.sec.gov/Archives/edgar/data/1037540/000119312506056870/d10k.htm"
  },
  {
    "date": "2005-09-30",
    "symbol": "BXP",
    "reportedCurrency": "USD",
    "cik": "0001037540",
    "fillingDate": "2005-11-09",
    "acceptedDate": "2005-11-09 17:26:25",
    "calendarYear": "2005",
    "period": "Q3",
    "revenue": 361786000,
    "costOfRevenue": 124898000,
    "grossProfit": 236888000,
    "grossProfitRatio": 0.6547738166,
    "researchAndDevelopmentExpenses": 0,
    "generalAndAdministrativeExpenses": 13270000,
    "sellingAndMarketingExpenses": 0,
    "sellingGeneralAndAdministrativeExpenses": 13270000,
    "otherExpenses": 65905000,
    "operatingExpenses": 79175000,
    "costAndExpenses": 204073000,
    "interestIncome": 0,
    "interestExpense": 0,
    "depreciationAndAmortization": 65907000,
    "ebitda": 222642000,
    "ebitdaratio": 0.6153969474,
    "operatingIncome": 82013000,
    "operatingIncomeRatio": 0.2266892583,
    "totalOtherIncomeExpensesNet": 0,
    "incomeBeforeTax": 0,
    "incomeBeforeTaxRatio": 0,
    "incomeTaxExpense": 100162000,
    "netIncome": 57551000,
    "netIncomeRatio": 0.1590747016,
    "eps": 0.51,
    "epsdiluted": 0.5,
    "weightedAverageShsOut": 111776000,
    "weightedAverageShsOutDil": 114090000,
    "link": "https://www.sec.gov/Archives/edgar/data/1037540/000119312505221763/0001193125-05-221763-index.htm",
    "finalLink": "https://www.sec.gov/Archives/edgar/data/1037540/000119312505221763/d10q.htm"
  },
  {
    "date": "2005-06-30",
    "symbol": "BXP",
    "reportedCurrency": "USD",
    "cik": "0001037540",
    "fillingDate": "2005-08-09",
    "acceptedDate": "2005-08-09 17:16:44",
    "calendarYear": "2005",
    "period": "Q2",
    "revenue": 360604000,
    "costOfRevenue": 120555000,
    "grossProfit": 240049000,
    "grossProfitRatio": 0.6656859048,
    "researchAndDevelopmentExpenses": 0,
    "generalAndAdministrativeExpenses": 14252000,
    "sellingAndMarketingExpenses": 0,
    "sellingGeneralAndAdministrativeExpenses": 14252000,
    "otherExpenses": 80115000,
    "operatingExpenses": 94367000,
    "costAndExpenses": 214922000,
    "interestIncome": 0,
    "interestExpense": 0,
    "depreciationAndAmortization": 67219000,
    "ebitda": 110828000,
    "ebitdaratio": 0.3073399075,
    "operatingIncome": 67449000,
    "operatingIncomeRatio": 0.1870445142,
    "totalOtherIncomeExpensesNet": -70254000,
    "incomeBeforeTax": 169522000,
    "incomeBeforeTaxRatio": 0.4701057115,
    "incomeTaxExpense": -19808000,
    "netIncome": 165490000,
    "netIncomeRatio": 0.4589244712,
    "eps": 1.46,
    "epsdiluted": 1.43,
    "weightedAverageShsOut": 110764000,
    "weightedAverageShsOutDil": 113103000,
    "link": "https://www.sec.gov/Archives/edgar/data/1037540/000119312505162822/0001193125-05-162822-index.htm",
    "finalLink": "https://www.sec.gov/Archives/edgar/data/1037540/000119312505162822/d10q.htm"
  },
  {
    "date": "2005-03-31",
    "symbol": "BXP",
    "reportedCurrency": "USD",
    "cik": "0001037540",
    "fillingDate": "2005-05-10",
    "acceptedDate": "2005-05-10 17:06:51",
    "calendarYear": "2005",
    "period": "Q1",
    "revenue": 356189000,
    "costOfRevenue": 120887000,
    "grossProfit": 235302000,
    "grossProfitRatio": 0.6606099571,
    "researchAndDevelopmentExpenses": 0,
    "generalAndAdministrativeExpenses": 14813000,
    "sellingAndMarketingExpenses": 0,
    "sellingGeneralAndAdministrativeExpenses": 14813000,
    "otherExpenses": 67983000,
    "operatingExpenses": 82796000,
    "costAndExpenses": 203683000,
    "interestIncome": 0,
    "interestExpense": 0,
    "depreciationAndAmortization": 68162000,
    "ebitda": 220533000,
    "ebitdaratio": 0.6191460152,
    "operatingIncome": 73152000,
    "operatingIncomeRatio": 0.2053741132,
    "totalOtherIncomeExpensesNet": 2551000,
    "incomeBeforeTax": 75568000,
    "incomeBeforeTaxRatio": 0.212157029,
    "incomeTaxExpense": 91264000,
    "netIncome": 61242000,
    "netIncomeRatio": 0.1719368088,
    "eps": 0.56,
    "epsdiluted": 0.55,
    "weightedAverageShsOut": 110187000,
    "weightedAverageShsOutDil": 112364000,
    "link": "https://www.sec.gov/Archives/edgar/data/1037540/000119312505102963/0001193125-05-102963-index.htm",
    "finalLink": "https://www.sec.gov/Archives/edgar/data/1037540/000119312505102963/d10q.htm"
  },
  {
    "date": "2004-12-31",
    "symbol": "BXP",
    "reportedCurrency": "USD",
    "cik": "0001037540",
    "fillingDate": "2005-03-15",
    "acceptedDate": "2005-03-15 12:28:45",
    "calendarYear": "2004",
    "period": "Q4",
    "revenue": 362615000,
    "costOfRevenue": 124035000,
    "grossProfit": 238580000,
    "grossProfitRatio": 0.6579429974,
    "researchAndDevelopmentExpenses": 0,
    "generalAndAdministrativeExpenses": 15541000,
    "sellingAndMarketingExpenses": 0,
    "sellingGeneralAndAdministrativeExpenses": 15541000,
    "otherExpenses": 74993000,
    "operatingExpenses": 90534000,
    "costAndExpenses": 214569000,
    "interestIncome": 0,
    "interestExpense": 0,
    "depreciationAndAmortization": 68735000,
    "ebitda": 216781000,
    "ebitdaratio": 0.5978268963,
    "operatingIncome": 74926000,
    "operatingIncomeRatio": 0.2066268632,
    "totalOtherIncomeExpensesNet": 515344000,
    "incomeBeforeTax": 284017000,
    "incomeBeforeTaxRatio": 0.7832466942,
    "incomeTaxExpense": 221708000,
    "netIncome": 62347000,
    "netIncomeRatio": 0.1719371786,
    "eps": 0.57,
    "epsdiluted": 0.57,
    "weightedAverageShsOut": 109356000,
    "weightedAverageShsOutDil": 110187000,
    "link": "https://www.sec.gov/Archives/edgar/data/1037540/000119312505050590/0001193125-05-050590-index.htm",
    "finalLink": "https://www.sec.gov/Archives/edgar/data/1037540/000119312505050590/d10k.htm"
  },
  {
    "date": "2004-09-30",
    "symbol": "BXP",
    "reportedCurrency": "USD",
    "cik": "0001037540",
    "fillingDate": "2004-11-09",
    "acceptedDate": "2004-11-09 17:18:04",
    "calendarYear": "2004",
    "period": "Q3",
    "revenue": 359716000,
    "costOfRevenue": 123104000,
    "grossProfit": 236612000,
    "grossProfitRatio": 0.6577744665,
    "researchAndDevelopmentExpenses": 0,
    "generalAndAdministrativeExpenses": 13002000,
    "sellingAndMarketingExpenses": 0,
    "sellingGeneralAndAdministrativeExpenses": 13002000,
    "otherExpenses": 66523000,
    "operatingExpenses": 79525000,
    "costAndExpenses": 202629000,
    "interestIncome": 0,
    "interestExpense": 0,
    "depreciationAndAmortization": 66560000,
    "ebitda": 224752000,
    "ebitdaratio": 0.6248040121,
    "operatingIncome": 79389000,
    "operatingIncomeRatio": 0.2206991071,
    "totalOtherIncomeExpensesNet": 0,
    "incomeBeforeTax": 0,
    "incomeBeforeTaxRatio": 0,
    "incomeTaxExpense": 88545000,
    "netIncome": 68542000,
    "netIncomeRatio": 0.1905447631,
    "eps": 0.63,
    "epsdiluted": 0.62,
    "weightedAverageShsOut": 108339000,
    "weightedAverageShsOutDil": 110581000,
    "link": "https://www.sec.gov/Archives/edgar/data/1037540/000119312504191503/0001193125-04-191503-index.htm",
    "finalLink": "https://www.sec.gov/Archives/edgar/data/1037540/000119312504191503/d10q.htm"
  },
  {
    "date": "2004-06-30",
    "symbol": "BXP",
    "reportedCurrency": "USD",
    "cik": "0001037540",
    "fillingDate": "2004-08-09",
    "acceptedDate": "2004-08-09 17:23:01",
    "calendarYear": "2004",
    "period": "Q2",
    "revenue": 345133000,
    "costOfRevenue": 115240000,
    "grossProfit": 229893000,
    "grossProfitRatio": 0.6660997355,
    "researchAndDevelopmentExpenses": 0,
    "generalAndAdministrativeExpenses": 12493000,
    "sellingAndMarketingExpenses": 0,
    "sellingGeneralAndAdministrativeExpenses": 12493000,
    "otherExpenses": 60737000,
    "operatingExpenses": 73230000,
    "costAndExpenses": 188470000,
    "interestIncome": 0,
    "interestExpense": 0,
    "depreciationAndAmortization": 60853000,
    "ebitda": 216689000,
    "ebitdaratio": 0.6278420203,
    "operatingIncome": 81874000,
    "operatingIncomeRatio": 0.2372244903,
    "totalOtherIncomeExpensesNet": 2204000,
    "incomeBeforeTax": 83251000,
    "incomeBeforeTaxRatio": 0.2412142565,
    "incomeTaxExpense": 69545000,
    "netIncome": 87118000,
    "netIncomeRatio": 0.2524186328,
    "eps": 0.81,
    "epsdiluted": 0.79,
    "weightedAverageShsOut": 107216000,
    "weightedAverageShsOutDil": 109016000,
    "link": "https://www.sec.gov/Archives/edgar/data/1037540/000119312504136104/0001193125-04-136104-index.htm",
    "finalLink": "https://www.sec.gov/Archives/edgar/data/1037540/000119312504136104/d10q.htm"
  },
  {
    "date": "2004-03-31",
    "symbol": "BXP",
    "reportedCurrency": "USD",
    "cik": "0001037540",
    "fillingDate": "2004-05-10",
    "acceptedDate": "2004-05-10 17:04:32",
    "calendarYear": "2004",
    "period": "Q1",
    "revenue": 333654000,
    "costOfRevenue": 112710000,
    "grossProfit": 220944000,
    "grossProfitRatio": 0.6621949684,
    "researchAndDevelopmentExpenses": 0,
    "generalAndAdministrativeExpenses": 12600000,
    "sellingAndMarketingExpenses": 0,
    "sellingGeneralAndAdministrativeExpenses": 12600000,
    "otherExpenses": 62735000,
    "operatingExpenses": 75335000,
    "costAndExpenses": 188045000,
    "interestIncome": 0,
    "interestExpense": 0,
    "depreciationAndAmortization": 56793000,
    "ebitda": 201657000,
    "ebitdaratio": 0.6043895772,
    "operatingIncome": 71304000,
    "operatingIncomeRatio": 0.2137064144,
    "totalOtherIncomeExpensesNet": 7883000,
    "incomeBeforeTax": 78442000,
    "incomeBeforeTaxRatio": 0.235099834,
    "incomeTaxExpense": 79561000,
    "netIncome": 66048000,
    "netIncomeRatio": 0.1979535687,
    "eps": 0.65,
    "epsdiluted": 0.64,
    "weightedAverageShsOut": 100890000,
    "weightedAverageShsOutDil": 103490000,
    "link": "https://www.sec.gov/Archives/edgar/data/1037540/000119312504083784/0001193125-04-083784-index.htm",
    "finalLink": "https://www.sec.gov/Archives/edgar/data/1037540/000119312504083784/d10q.htm"
  },
  {
    "date": "2003-12-31",
    "symbol": "BXP",
    "reportedCurrency": "USD",
    "cik": "0001037540",
    "fillingDate": "2004-02-26",
    "acceptedDate": "2004-02-25 22:01:01",
    "calendarYear": "2003",
    "period": "Q4",
    "revenue": 335409000,
    "costOfRevenue": 114436000,
    "grossProfit": 220973000,
    "grossProfitRatio": 0.6588165493,
    "researchAndDevelopmentExpenses": 0,
    "generalAndAdministrativeExpenses": 11749000,
    "sellingAndMarketingExpenses": 0,
    "sellingGeneralAndAdministrativeExpenses": 11749000,
    "otherExpenses": 54577000,
    "operatingExpenses": 66326000,
    "costAndExpenses": 180762000,
    "interestIncome": 0,
    "interestExpense": 0,
    "depreciationAndAmortization": 56329000,
    "ebitda": 210976000,
    "ebitdaratio": 0.6290111476,
    "operatingIncome": 78172000,
    "operatingIncomeRatio": 0.2330647061,
    "totalOtherIncomeExpensesNet": 287150000,
    "incomeBeforeTax": 365322000,
    "incomeBeforeTaxRatio": 1.0891836534,
    "incomeTaxExpense": 305251000,
    "netIncome": 60255000,
    "netIncomeRatio": 0.1796463422,
    "eps": 0.6,
    "epsdiluted": 0.6,
    "weightedAverageShsOut": 97959000,
    "weightedAverageShsOutDil": 100890000,
    "link": "https://www.sec.gov/Archives/edgar/data/1037540/000119312504029645/0001193125-04-029645-index.htm",
    "finalLink": "https://www.sec.gov/Archives/edgar/data/1037540/000119312504029645/d10k.htm"
  },
  {
    "date": "2003-09-30",
    "symbol": "BXP",
    "reportedCurrency": "USD",
    "cik": "0001037540",
    "fillingDate": "2003-11-13",
    "acceptedDate": "2003-11-13 10:23:12",
    "calendarYear": "2003",
    "period": "Q3",
    "revenue": 331169000,
    "costOfRevenue": 120233000,
    "grossProfit": 210936000,
    "grossProfitRatio": 0.6369436753,
    "researchAndDevelopmentExpenses": 0,
    "generalAndAdministrativeExpenses": 11183000,
    "sellingAndMarketingExpenses": 0,
    "sellingGeneralAndAdministrativeExpenses": 11183000,
    "otherExpenses": 52570000,
    "operatingExpenses": 63753000,
    "costAndExpenses": 183986000,
    "interestIncome": 0,
    "interestExpense": 0,
    "depreciationAndAmortization": 53455000,
    "ebitda": 199420000,
    "ebitdaratio": 0.6021698891,
    "operatingIncome": 71840000,
    "operatingIncomeRatio": 0.2169285169,
    "totalOtherIncomeExpensesNet": -139401000,
    "incomeBeforeTax": 73181000,
    "incomeBeforeTaxRatio": 0.2209778089,
    "incomeTaxExpense": 90213000,
    "netIncome": 56970000,
    "netIncomeRatio": 0.1720269711,
    "eps": 0.59,
    "epsdiluted": 0.57,
    "weightedAverageShsOut": 97360000,
    "weightedAverageShsOutDil": 99183000,
    "link": "https://www.sec.gov/Archives/edgar/data/1037540/000104746903037169/0001047469-03-037169-index.htm",
    "finalLink": "https://www.sec.gov/Archives/edgar/data/1037540/000104746903037169/a2122569z10-q.htm"
  },
  {
    "date": "2003-06-30",
    "symbol": "BXP",
    "reportedCurrency": "USD",
    "cik": "0001037540",
    "fillingDate": "2003-08-14",
    "acceptedDate": "2003-08-14 17:14:56",
    "calendarYear": "2003",
    "period": "Q2",
    "revenue": 323370000,
    "costOfRevenue": 107947000,
    "grossProfit": 215423000,
    "grossProfitRatio": 0.6661811547,
    "researchAndDevelopmentExpenses": 0,
    "generalAndAdministrativeExpenses": 11028000,
    "sellingAndMarketingExpenses": 0,
    "sellingGeneralAndAdministrativeExpenses": 11028000,
    "otherExpenses": 51733000,
    "operatingExpenses": 62761000,
    "costAndExpenses": 170708000,
    "interestIncome": 0,
    "interestExpense": 0,
    "depreciationAndAmortization": 50742000,
    "ebitda": 202247000,
    "ebitdaratio": 0.6254352599,
    "operatingIncome": 77215000,
    "operatingIncomeRatio": 0.2387822,
    "totalOtherIncomeExpensesNet": -135892000,
    "incomeBeforeTax": 80761000,
    "incomeBeforeTaxRatio": 0.2497479667,
    "incomeTaxExpense": 89426000,
    "netIncome": 63236000,
    "netIncomeRatio": 0.1955530816,
    "eps": 0.66,
    "epsdiluted": 0.64,
    "weightedAverageShsOut": 96531000,
    "weightedAverageShsOutDil": 98213000,
    "link": "https://www.sec.gov/Archives/edgar/data/1037540/000104746903027787/0001047469-03-027787-index.htm",
    "finalLink": "https://www.sec.gov/Archives/edgar/data/1037540/000104746903027787/a2116856z10-q.htm"
  },
  {
    "date": "2003-03-31",
    "symbol": "BXP",
    "reportedCurrency": "USD",
    "cik": "0001037540",
    "fillingDate": "2003-05-14",
    "acceptedDate": "2003-05-14 14:37:40",
    "calendarYear": "2003",
    "period": "Q1",
    "revenue": 319680000,
    "costOfRevenue": 110273000,
    "grossProfit": 209407000,
    "grossProfitRatio": 0.6550519269,
    "researchAndDevelopmentExpenses": 0,
    "generalAndAdministrativeExpenses": 11399000,
    "sellingAndMarketingExpenses": 0,
    "sellingGeneralAndAdministrativeExpenses": 11399000,
    "otherExpenses": 52230000,
    "operatingExpenses": 63629000,
    "costAndExpenses": 173902000,
    "interestIncome": 0,
    "interestExpense": 0,
    "depreciationAndAmortization": 49951000,
    "ebitda": 194504000,
    "ebitdaratio": 0.6084334334,
    "operatingIncome": 72133000,
    "operatingIncomeRatio": 0.2256412663,
    "totalOtherIncomeExpensesNet": 0,
    "incomeBeforeTax": 0,
    "incomeBeforeTaxRatio": 0,
    "incomeTaxExpense": -39267000,
    "netIncome": 185045000,
    "netIncomeRatio": 0.5788444695,
    "eps": 1.93,
    "epsdiluted": 1.91,
    "weightedAverageShsOut": 95733000,
    "weightedAverageShsOutDil": 96755000,
    "link": "https://www.sec.gov/Archives/edgar/data/1037540/000104746903018408/0001047469-03-018408-index.htm",
    "finalLink": "https://www.sec.gov/Archives/edgar/data/1037540/000104746903018408/a2110858z10-q.htm"
  },
  {
    "date": "2002-12-31",
    "symbol": "BXP",
    "reportedCurrency": "USD",
    "cik": "0001037540",
    "fillingDate": "2003-02-27",
    "acceptedDate": "2003-02-27 10:34:25",
    "calendarYear": "2002",
    "period": "Q4",
    "revenue": 362435000,
    "costOfRevenue": 137357000,
    "grossProfit": 225078000,
    "grossProfitRatio": 0.6210161822,
    "researchAndDevelopmentExpenses": 0,
    "generalAndAdministrativeExpenses": 12703000,
    "sellingAndMarketingExpenses": 0,
    "sellingGeneralAndAdministrativeExpenses": 12703000,
    "otherExpenses": 66675000,
    "operatingExpenses": 79378000,
    "costAndExpenses": 216735000,
    "interestIncome": 0,
    "interestExpense": 0,
    "depreciationAndAmortization": 54155000,
    "ebitda": 199855000,
    "ebitdaratio": 0.5514230138,
    "operatingIncome": 74452000,
    "operatingIncomeRatio": 0.2054216618,
    "totalOtherIncomeExpensesNet": 369931000,
    "incomeBeforeTax": 444383000,
    "incomeBeforeTaxRatio": 1.2261039911,
    "incomeTaxExpense": 185093000,
    "netIncome": 259290000,
    "netIncomeRatio": 0.7154110392,
    "eps": 2.71,
    "epsdiluted": 2.71,
    "weightedAverageShsOut": 95341000,
    "weightedAverageShsOutDil": 95733000,
    "link": "https://www.sec.gov/Archives/edgar/data/1037540/000104746903006975/0001047469-03-006975-index.htm",
    "finalLink": "https://www.sec.gov/Archives/edgar/data/1037540/000104746903006975/a2104055z10-k.htm"
  },
  {
    "date": "2002-09-30",
    "symbol": "BXP",
    "reportedCurrency": "USD",
    "cik": "0001037540",
    "fillingDate": "2002-11-12",
    "acceptedDate": "2002-11-12 17:09:21",
    "calendarYear": "2002",
    "period": "Q3",
    "revenue": 308053000,
    "costOfRevenue": 93741000,
    "grossProfit": 214312000,
    "grossProfitRatio": 0.6956984675,
    "researchAndDevelopmentExpenses": 0,
    "generalAndAdministrativeExpenses": 9956000,
    "sellingAndMarketingExpenses": 0,
    "sellingGeneralAndAdministrativeExpenses": 9956000,
    "otherExpenses": 153689000,
    "operatingExpenses": 163645000,
    "costAndExpenses": 163645000,
    "interestIncome": 0,
    "interestExpense": 0,
    "depreciationAndAmortization": 45534000,
    "ebitda": 178726000,
    "ebitdaratio": 0.5801793847,
    "operatingIncome": 145298000,
    "operatingIncomeRatio": 0.47166559,
    "totalOtherIncomeExpensesNet": -73631000,
    "incomeBeforeTax": 71667000,
    "incomeBeforeTaxRatio": 0.2326450319,
    "incomeTaxExpense": 72741000,
    "netIncome": 71667000,
    "netIncomeRatio": 0.2326450319,
    "eps": 0.75,
    "epsdiluted": 0.74,
    "weightedAverageShsOut": 94904000,
    "weightedAverageShsOutDil": 96181000,
    "link": "https://www.sec.gov/Archives/edgar/data/1037540/000091205702042065/0000912057-02-042065-index.htm",
    "finalLink": "https://www.sec.gov/Archives/edgar/data/1037540/000091205702042065/a2093356z10-q.htm"
  },
  {
    "date": "2002-06-30",
    "symbol": "BXP",
    "reportedCurrency": "USD",
    "cik": "0001037540",
    "fillingDate": "2002-08-14",
    "acceptedDate": "2002-08-14 18:03:05",
    "calendarYear": "2002",
    "period": "Q2",
    "revenue": 290015000,
    "costOfRevenue": 86866000,
    "grossProfit": 203149000,
    "grossProfitRatio": 0.7004775615,
    "researchAndDevelopmentExpenses": 0,
    "generalAndAdministrativeExpenses": 13564000,
    "sellingAndMarketingExpenses": 0,
    "sellingGeneralAndAdministrativeExpenses": 13564000,
    "otherExpenses": 43796000,
    "operatingExpenses": 57360000,
    "costAndExpenses": 144226000,
    "interestIncome": 0,
    "interestExpense": 0,
    "depreciationAndAmortization": 43796000,
    "ebitda": 178055000,
    "ebitdaratio": 0.6139510025,
    "operatingIncome": 78462000,
    "operatingIncomeRatio": 0.270544627,
    "totalOtherIncomeExpensesNet": -69707000,
    "incomeBeforeTax": 56418000,
    "incomeBeforeTaxRatio": 0.1945347654,
    "incomeTaxExpense": -43796000,
    "netIncome": 56418000,
    "netIncomeRatio": 0.1945347654,
    "eps": 0.6,
    "epsdiluted": 0.59,
    "weightedAverageShsOut": 91357000,
    "weightedAverageShsOutDil": 93016000,
    "link": "https://www.sec.gov/Archives/edgar/data/1037540/000091205702032278/0000912057-02-032278-index.htm",
    "finalLink": "https://www.sec.gov/Archives/edgar/data/1037540/000091205702032278/a2087056z10-q.htm"
  },
  {
    "date": "2002-03-31",
    "symbol": "BXP",
    "reportedCurrency": "USD",
    "cik": "0001037540",
    "fillingDate": "2002-05-15",
    "acceptedDate": "2002-05-15 16:47:34",
    "calendarYear": "2002",
    "period": "Q1",
    "revenue": 274320000,
    "costOfRevenue": 85089000,
    "grossProfit": 189231000,
    "grossProfitRatio": 0.6898184602,
    "researchAndDevelopmentExpenses": 0,
    "generalAndAdministrativeExpenses": 11069000,
    "sellingAndMarketingExpenses": 0,
    "sellingGeneralAndAdministrativeExpenses": 11069000,
    "otherExpenses": 47241000,
    "operatingExpenses": 58310000,
    "costAndExpenses": 143399000,
    "interestIncome": 0,
    "interestExpense": 0,
    "depreciationAndAmortization": 42944000,
    "ebitda": 167486000,
    "ebitdaratio": 0.610549723,
    "operatingIncome": 67134000,
    "operatingIncomeRatio": 0.2447287839,
    "totalOtherIncomeExpensesNet": 56438000,
    "incomeBeforeTax": 57008000,
    "incomeBeforeTaxRatio": 0.2078156897,
    "incomeTaxExpense": 130351000,
    "netIncome": 57008000,
    "netIncomeRatio": 0.2078156897,
    "eps": 0.61,
    "epsdiluted": 0.6,
    "weightedAverageShsOut": 90932000,
    "weightedAverageShsOutDil": 92783000,
    "link": "https://www.sec.gov/Archives/edgar/data/1037540/000091205702020829/0000912057-02-020829-index.htm",
    "finalLink": "https://www.sec.gov/Archives/edgar/data/1037540/000091205702020829/a2080047z10-q.htm"
  },
  {
    "date": "2001-12-31",
    "symbol": "BXP",
    "reportedCurrency": "USD",
    "cik": "0001037540",
    "fillingDate": "2002-03-01",
    "acceptedDate": "2002-03-01 00:00:00",
    "calendarYear": "2001",
    "period": "Q4",
    "revenue": 266094000,
    "costOfRevenue": 83611000,
    "grossProfit": 182483000,
    "grossProfitRatio": 0.6857839711,
    "researchAndDevelopmentExpenses": 0,
    "generalAndAdministrativeExpenses": 8663000,
    "sellingAndMarketingExpenses": 0,
    "sellingGeneralAndAdministrativeExpenses": 8663000,
    "otherExpenses": 38150000,
    "operatingExpenses": 46813000,
    "costAndExpenses": 130424000,
    "interestIncome": 0,
    "interestExpense": 0,
    "depreciationAndAmortization": 40230000,
    "ebitda": 175900000,
    "ebitdaratio": 0.6610445933,
    "operatingIncome": 73860000,
    "operatingIncomeRatio": 0.2775710839,
    "totalOtherIncomeExpensesNet": 134172000,
    "incomeBeforeTax": 208032000,
    "incomeBeforeTaxRatio": 0.7817989132,
    "incomeTaxExpense": 151104000,
    "netIncome": 56928000,
    "netIncomeRatio": 0.2139394349,
    "eps": 0.63,
    "epsdiluted": 0.63,
    "weightedAverageShsOut": 90455286,
    "weightedAverageShsOutDil": 90932000,
    "link": "https://www.sec.gov/Archives/edgar/data/1037540/000091205702008389/0000912057-02-008389-index.htm",
    "finalLink": "https://www.sec.gov/Archives/edgar/data/1037540/000091205702008389/a2072119z10-k.htm"
  },
  {
    "date": "2001-09-30",
    "symbol": "BXP",
    "reportedCurrency": "USD",
    "cik": "0001037540",
    "fillingDate": "2001-11-14",
    "acceptedDate": "2001-11-14 00:00:00",
    "calendarYear": "2001",
    "period": "Q3",
    "revenue": 277159000,
    "costOfRevenue": 81475000,
    "grossProfit": 195684000,
    "grossProfitRatio": 0.7060351639,
    "researchAndDevelopmentExpenses": 0,
    "generalAndAdministrativeExpenses": 9819000,
    "sellingAndMarketingExpenses": 0,
    "sellingGeneralAndAdministrativeExpenses": 9819000,
    "otherExpenses": 103373000,
    "operatingExpenses": 113192000,
    "costAndExpenses": 113192000,
    "interestIncome": 0,
    "interestExpense": 0,
    "depreciationAndAmortization": 38518000,
    "ebitda": 224383000,
    "ebitdaratio": 0.8095822254,
    "operatingIncome": 147347000,
    "operatingIncomeRatio": 0.5316334667,
    "totalOtherIncomeExpensesNet": -93398000,
    "incomeBeforeTax": 53168000,
    "incomeBeforeTaxRatio": 0.1918321252,
    "incomeTaxExpense": 110799000,
    "netIncome": 53168000,
    "netIncomeRatio": 0.1918321252,
    "eps": 0.57,
    "epsdiluted": 0.56,
    "weightedAverageShsOut": 90519000,
    "weightedAverageShsOutDil": 92828000,
    "link": "https://www.sec.gov/Archives/edgar/data/1037540/000091205701539563/0000912057-01-539563-index.htm",
    "finalLink": "https://www.sec.gov/Archives/edgar/data/1037540/000091205701539563/a2063700z10-q.htm"
  },
  {
    "date": "2001-06-30",
    "symbol": "BXP",
    "reportedCurrency": "USD",
    "cik": "0001037540",
    "fillingDate": "2001-08-13",
    "acceptedDate": "2001-08-13 00:00:00",
    "calendarYear": "2001",
    "period": "Q2",
    "revenue": 256269000,
    "costOfRevenue": 76865000,
    "grossProfit": 179404000,
    "grossProfitRatio": 0.7000612638,
    "researchAndDevelopmentExpenses": 0,
    "generalAndAdministrativeExpenses": 9880000,
    "sellingAndMarketingExpenses": 0,
    "sellingGeneralAndAdministrativeExpenses": 9880000,
    "otherExpenses": 43175000,
    "operatingExpenses": 53055000,
    "costAndExpenses": 129920000,
    "interestIncome": 0,
    "interestExpense": 0,
    "depreciationAndAmortization": 36675000,
    "ebitda": 162065000,
    "ebitdaratio": 0.6324018902,
    "operatingIncome": 70479000,
    "operatingIncomeRatio": 0.2750196083,
    "totalOtherIncomeExpensesNet": -69721000,
    "incomeBeforeTax": 50686000,
    "incomeBeforeTaxRatio": 0.1977843594,
    "incomeTaxExpense": -43175000,
    "netIncome": 50686000,
    "netIncomeRatio": 0.1977843594,
    "eps": 0.54,
    "epsdiluted": 0.53,
    "weightedAverageShsOut": 89990000,
    "weightedAverageShsOutDil": 92274000,
    "link": "https://www.sec.gov/Archives/edgar/data/1037540/000091205701528111/0000912057-01-528111-index.htm",
    "finalLink": "https://www.sec.gov/Archives/edgar/data/1037540/000091205701528111/a2056199z10-q.htm"
  },
  {
    "date": "2001-03-31",
    "symbol": "BXP",
    "reportedCurrency": "USD",
    "cik": "0001037540",
    "fillingDate": "2001-05-15",
    "acceptedDate": "2001-05-15 00:00:00",
    "calendarYear": "2001",
    "period": "Q1",
    "revenue": 233456000,
    "costOfRevenue": 70343000,
    "grossProfit": 163113000,
    "grossProfitRatio": 0.6986884038,
    "researchAndDevelopmentExpenses": 0,
    "generalAndAdministrativeExpenses": 9950000,
    "sellingAndMarketingExpenses": 0,
    "sellingGeneralAndAdministrativeExpenses": 9950000,
    "otherExpenses": 34740000,
    "operatingExpenses": 44690000,
    "costAndExpenses": 115033000,
    "interestIncome": 0,
    "interestExpense": 0,
    "depreciationAndAmortization": 34740000,
    "ebitda": 152425000,
    "ebitdaratio": 0.6529067576,
    "operatingIncome": 70570000,
    "operatingIncomeRatio": 0.3022839422,
    "totalOtherIncomeExpensesNet": 0,
    "incomeBeforeTax": 0,
    "incomeBeforeTaxRatio": 0,
    "incomeTaxExpense": 71173000,
    "netIncome": 47250000,
    "netIncomeRatio": 0.2023935988,
    "eps": 0.51,
    "epsdiluted": 0.5,
    "weightedAverageShsOut": 88688000,
    "weightedAverageShsOutDil": 91171000,
    "link": "https://www.sec.gov/Archives/edgar/data/1037540/000092701601501078/0000927016-01-501078-index.htm",
    "finalLink": "https://www.sec.gov/Archives/edgar/data/1037540/000092701601501078/d10q.txt"
  },
  {
    "date": "2000-12-31",
    "symbol": "BXP",
    "reportedCurrency": "USD",
    "cik": "0001037540",
    "fillingDate": "2001-03-30",
    "acceptedDate": "2001-03-30 00:00:00",
    "calendarYear": "2000",
    "period": "Q4",
    "revenue": 228527000,
    "costOfRevenue": 67335000,
    "grossProfit": 161192000,
    "grossProfitRatio": 0.7053521028,
    "researchAndDevelopmentExpenses": 0,
    "generalAndAdministrativeExpenses": 9791000,
    "sellingAndMarketingExpenses": 0,
    "sellingGeneralAndAdministrativeExpenses": 9791000,
    "otherExpenses": 35754000,
    "operatingExpenses": 45545000,
    "costAndExpenses": 112880000,
    "interestIncome": 0,
    "interestExpense": 0,
    "depreciationAndAmortization": 36088000,
    "ebitda": 151735000,
    "ebitdaratio": 0.6639696841,
    "operatingIncome": 64459000,
    "operatingIncomeRatio": 0.282062951,
    "totalOtherIncomeExpensesNet": -261000,
    "incomeBeforeTax": 64198000,
    "incomeBeforeTaxRatio": 0.280920854,
    "incomeTaxExpense": 70832000,
    "netIncome": 44815000,
    "netIncomeRatio": 0.1961037427,
    "eps": 0.51,
    "epsdiluted": 0.51,
    "weightedAverageShsOut": 88688000,
    "weightedAverageShsOutDil": 88688000,
    "link": "https://www.sec.gov/Archives/edgar/data/1037540/000092701601500108/0000927016-01-500108-index.htm",
    "finalLink": "https://www.sec.gov/Archives/edgar/data/1037540/000092701601500108/d10k405.txt"
  },
  {
    "date": "2000-09-30",
    "symbol": "BXP",
    "reportedCurrency": "USD",
    "cik": "0001037540",
    "fillingDate": "2000-11-14",
    "acceptedDate": "2000-11-14 00:00:00",
    "calendarYear": "2000",
    "period": "Q3",
    "revenue": 223313000,
    "costOfRevenue": 0,
    "grossProfit": 223313000,
    "grossProfitRatio": 1,
    "researchAndDevelopmentExpenses": 0,
    "generalAndAdministrativeExpenses": 9871000,
    "sellingAndMarketingExpenses": 0,
    "sellingGeneralAndAdministrativeExpenses": 9871000,
    "otherExpenses": 100590000,
    "operatingExpenses": 110461000,
    "costAndExpenses": 110461000,
    "interestIncome": 0,
    "interestExpense": 0,
    "depreciationAndAmortization": 32436000,
    "ebitda": 145288000,
    "ebitdaratio": 0.6506025175,
    "operatingIncome": 112852000,
    "operatingIncomeRatio": 0.5053534725,
    "totalOtherIncomeExpensesNet": -604000,
    "incomeBeforeTax": 112248000,
    "incomeBeforeTaxRatio": 0.5026487486,
    "incomeTaxExpense": 74679000,
    "netIncome": 38173000,
    "netIncomeRatio": 0.1709394437,
    "eps": 0.53,
    "epsdiluted": 0.52,
    "weightedAverageShsOut": 68752000,
    "weightedAverageShsOutDil": 70661000,
    "link": "https://www.sec.gov/Archives/edgar/data/1037540/000091205700050127/0000912057-00-050127-index.htm",
    "finalLink": "https://www.sec.gov/Archives/edgar/data/1037540/000091205700050127/a2030627z10-q.txt"
  },
  {
    "date": "2000-06-30",
    "symbol": "BXP",
    "reportedCurrency": "USD",
    "cik": "0001037540",
    "fillingDate": "2000-08-14",
    "acceptedDate": "2000-08-14 00:00:00",
    "calendarYear": "2000",
    "period": "Q2",
    "revenue": 217259000,
    "costOfRevenue": 0,
    "grossProfit": 217259000,
    "grossProfitRatio": 1,
    "researchAndDevelopmentExpenses": 0,
    "generalAndAdministrativeExpenses": 8589000,
    "sellingAndMarketingExpenses": 0,
    "sellingGeneralAndAdministrativeExpenses": 8589000,
    "otherExpenses": 96430000,
    "operatingExpenses": 105019000,
    "costAndExpenses": 105019000,
    "interestIncome": 0,
    "interestExpense": 0,
    "depreciationAndAmortization": 32395000,
    "ebitda": 144635000,
    "ebitdaratio": 0.6657261609,
    "operatingIncome": 112240000,
    "operatingIncomeRatio": 0.516618414,
    "totalOtherIncomeExpensesNet": 297000,
    "incomeBeforeTax": 112537000,
    "incomeBeforeTaxRatio": 0.5179854459,
    "incomeTaxExpense": 75717000,
    "netIncome": 36523000,
    "netIncomeRatio": 0.1681081106,
    "eps": 0.51,
    "epsdiluted": 0.5,
    "weightedAverageShsOut": 67991000,
    "weightedAverageShsOutDil": 69582000,
    "link": "https://www.sec.gov/Archives/edgar/data/1037540/000091205700037157/0000912057-00-037157-index.htm",
    "finalLink": "https://www.sec.gov/Archives/edgar/data/1037540/000091205700037157/a10-q.txt"
  },
  {
    "date": "2000-03-31",
    "symbol": "BXP",
    "reportedCurrency": "USD",
    "cik": "0001037540",
    "fillingDate": "2000-05-15",
    "acceptedDate": "2000-05-15 00:00:00",
    "calendarYear": "2000",
    "period": "Q1",
    "revenue": 210254000,
    "costOfRevenue": 65177000,
    "grossProfit": 145077000,
    "grossProfitRatio": 0.6900082757,
    "researchAndDevelopmentExpenses": 0,
    "generalAndAdministrativeExpenses": 7408000,
    "sellingAndMarketingExpenses": 0,
    "sellingGeneralAndAdministrativeExpenses": 7408000,
    "otherExpenses": 32231000,
    "operatingExpenses": 39639000,
    "costAndExpenses": 104816000,
    "interestIncome": 0,
    "interestExpense": 0,
    "depreciationAndAmortization": 32231000,
    "ebitda": 137669000,
    "ebitdaratio": 0.6547747011,
    "operatingIncome": 50223000,
    "operatingIncomeRatio": 0.2388682261,
    "totalOtherIncomeExpensesNet": 0,
    "incomeBeforeTax": 0,
    "incomeBeforeTaxRatio": 0,
    "incomeTaxExpense": 72818000,
    "netIncome": 32620000,
    "netIncomeRatio": 0.1551456809,
    "eps": 0.46,
    "epsdiluted": 0.45,
    "weightedAverageShsOut": 67943000,
    "weightedAverageShsOutDil": 68380000,
    "link": "https://www.sec.gov/Archives/edgar/data/1037540/000091205700024459/0000912057-00-024459-index.html",
    "finalLink": "https://www.sec.gov/Archives/edgar/data/1037540/000091205700024459/"
  },
  {
    "date": "1999-12-31",
    "symbol": "BXP",
    "reportedCurrency": "USD",
    "cik": "0001037540",
    "fillingDate": "2000-03-24",
    "acceptedDate": "2000-03-24 00:00:00",
    "calendarYear": "1999",
    "period": "Q4",
    "revenue": 204464000,
    "costOfRevenue": 0,
    "grossProfit": 204464000,
    "grossProfitRatio": 1,
    "researchAndDevelopmentExpenses": 0,
    "generalAndAdministrativeExpenses": 8155000,
    "sellingAndMarketingExpenses": 0,
    "sellingGeneralAndAdministrativeExpenses": 8155000,
    "otherExpenses": 413959000,
    "operatingExpenses": 422114000,
    "costAndExpenses": 671382000,
    "interestIncome": 0,
    "interestExpense": 0,
    "depreciationAndAmortization": 31759000,
    "ebitda": -435159000,
    "ebitdaratio": -2.128291533,
    "operatingIncome": -466918000,
    "operatingIncomeRatio": -2.2836196103,
    "totalOtherIncomeExpensesNet": 466918000,
    "incomeBeforeTax": 0,
    "incomeBeforeTaxRatio": 0,
    "incomeTaxExpense": -502894000,
    "netIncome": 35976000,
    "netIncomeRatio": 0.175952735,
    "eps": 0.53,
    "epsdiluted": 0.53,
    "weightedAverageShsOut": 67924000,
    "weightedAverageShsOutDil": 67943000,
    "link": "https://www.sec.gov/Archives/edgar/data/1037540/000092701600000992/0000927016-00-000992-index.html",
    "finalLink": "https://www.sec.gov/Archives/edgar/data/1037540/000092701600000992/"
  },
  {
    "date": "1999-09-30",
    "symbol": "BXP",
    "reportedCurrency": "USD",
    "cik": "0001037540",
    "fillingDate": "1999-11-05",
    "acceptedDate": "1999-11-05 00:00:00",
    "calendarYear": "1999",
    "period": "Q3",
    "revenue": 202400000,
    "costOfRevenue": 0,
    "grossProfit": 202400000,
    "grossProfitRatio": 1,
    "researchAndDevelopmentExpenses": 0,
    "generalAndAdministrativeExpenses": 7400000,
    "sellingAndMarketingExpenses": 0,
    "sellingGeneralAndAdministrativeExpenses": 7400000,
    "otherExpenses": -105200000,
    "operatingExpenses": -97800000,
    "costAndExpenses": -97800000,
    "interestIncome": 0,
    "interestExpense": 0,
    "depreciationAndAmortization": 31100000,
    "ebitda": 331300000,
    "ebitdaratio": 1.6368577075,
    "operatingIncome": 300200000,
    "operatingIncomeRatio": 1.483201581,
    "totalOtherIncomeExpensesNet": 0,
    "incomeBeforeTax": 0,
    "incomeBeforeTaxRatio": 0,
    "incomeTaxExpense": 271100000,
    "netIncome": 29100000,
    "netIncomeRatio": 0.1437747036,
    "eps": 0.4,
    "epsdiluted": 0.4,
    "weightedAverageShsOut": 67901000,
    "weightedAverageShsOutDil": 68484000,
    "link": "https://www.sec.gov/Archives/edgar/data/1037540/000092701699003598/0000927016-99-003598-index.html",
    "finalLink": "https://www.sec.gov/Archives/edgar/data/1037540/000092701699003598/"
  },
  {
    "date": "1999-06-30",
    "symbol": "BXP",
    "reportedCurrency": "USD",
    "cik": "0001037540",
    "fillingDate": "1999-08-05",
    "acceptedDate": "1999-08-05 00:00:00",
    "calendarYear": "1999",
    "period": "Q2",
    "revenue": 191800000,
    "costOfRevenue": 0,
    "grossProfit": 191800000,
    "grossProfitRatio": 1,
    "researchAndDevelopmentExpenses": 0,
    "generalAndAdministrativeExpenses": 7400000,
    "sellingAndMarketingExpenses": 0,
    "sellingGeneralAndAdministrativeExpenses": 7400000,
    "otherExpenses": -97100000,
    "operatingExpenses": -89700000,
    "costAndExpenses": -89700000,
    "interestIncome": 0,
    "interestExpense": 0,
    "depreciationAndAmortization": 29400000,
    "ebitda": 310900000,
    "ebitdaratio": 1.6209593326,
    "operatingIncome": 281500000,
    "operatingIncomeRatio": 1.4676746611,
    "totalOtherIncomeExpensesNet": -94539000,
    "incomeBeforeTax": 0,
    "incomeBeforeTaxRatio": 0,
    "incomeTaxExpense": 252600000,
    "netIncome": 28900000,
    "netIncomeRatio": 0.1506777894,
    "eps": 0.42,
    "epsdiluted": 0.41,
    "weightedAverageShsOut": 65534000,
    "weightedAverageShsOutDil": 66337000,
    "link": "https://www.sec.gov/Archives/edgar/data/1037540/000104746999029936/0001047469-99-029936-index.html",
    "finalLink": "https://www.sec.gov/Archives/edgar/data/1037540/000104746999029936/"
  },
  {
    "date": "1999-03-31",
    "symbol": "BXP",
    "reportedCurrency": "USD",
    "cik": "0001037540",
    "fillingDate": "1999-05-14",
    "acceptedDate": "1999-05-14 00:00:00",
    "calendarYear": "1999",
    "period": "Q1",
    "revenue": 187800000,
    "costOfRevenue": 0,
    "grossProfit": 187800000,
    "grossProfitRatio": 1,
    "researchAndDevelopmentExpenses": 0,
    "generalAndAdministrativeExpenses": 6600000,
    "sellingAndMarketingExpenses": 0,
    "sellingGeneralAndAdministrativeExpenses": 6600000,
    "otherExpenses": -91800000,
    "operatingExpenses": -85200000,
    "costAndExpenses": -85200000,
    "interestIncome": 0,
    "interestExpense": 0,
    "depreciationAndAmortization": 27800000,
    "ebitda": 123680000,
    "ebitdaratio": 0.6585729499,
    "operatingIncome": 273000000,
    "operatingIncomeRatio": 1.4536741214,
    "totalOtherIncomeExpensesNet": -45427000,
    "incomeBeforeTax": 0,
    "incomeBeforeTaxRatio": 0,
    "incomeTaxExpense": 247200000,
    "netIncome": 25800000,
    "netIncomeRatio": 0.1373801917,
    "eps": 0.39,
    "epsdiluted": 0.39,
    "weightedAverageShsOut": 63534000,
    "weightedAverageShsOutDil": 64078000,
    "link": "https://www.sec.gov/Archives/edgar/data/1037540/000092701699002014/0000927016-99-002014-index.html",
    "finalLink": "https://www.sec.gov/Archives/edgar/data/1037540/"
  },
  {
    "date": "1998-12-31",
    "symbol": "BXP",
    "reportedCurrency": "USD",
    "cik": "0001037540",
    "fillingDate": "1999-03-31",
    "acceptedDate": "1999-03-31 00:00:00",
    "calendarYear": "1998",
    "period": "Q4",
    "revenue": 179447000,
    "costOfRevenue": 100090000,
    "grossProfit": 79357000,
    "grossProfitRatio": 0.4422308537,
    "researchAndDevelopmentExpenses": 0,
    "generalAndAdministrativeExpenses": 0,
    "sellingAndMarketingExpenses": 0,
    "sellingGeneralAndAdministrativeExpenses": 5704000,
    "otherExpenses": 70918000,
    "operatingExpenses": 76622000,
    "costAndExpenses": 176712000,
    "interestIncome": 0,
    "interestExpense": 0,
    "depreciationAndAmortization": 126618000,
    "ebitda": 129353000,
    "ebitdaratio": 0.7208423657,
    "operatingIncome": 2735000,
    "operatingIncomeRatio": 0.015241269,
    "totalOtherIncomeExpensesNet": -2735000,
    "incomeBeforeTax": 0,
    "incomeBeforeTaxRatio": 0,
    "incomeTaxExpense": -15477000,
    "netIncome": 18212000,
    "netIncomeRatio": 0.1014895763,
    "eps": 0.28,
    "epsdiluted": 0.28,
    "weightedAverageShsOut": 63344000,
    "weightedAverageShsOutDil": 64102564,
    "link": "https://www.sec.gov/Archives/edgar/data/1037540/000092701699001232/0000927016-99-001232-index.html",
    "finalLink": "https://www.sec.gov/Archives/edgar/data/1037540/"
  },
  {
    "date": "1998-09-30",
    "symbol": "BXP",
    "reportedCurrency": "USD",
    "cik": "0001037540",
    "fillingDate": "1998-11-16",
    "acceptedDate": "1998-11-16 00:00:00",
    "calendarYear": "1998",
    "period": "Q3",
    "revenue": 139100000,
    "costOfRevenue": 23700000,
    "grossProfit": 115400000,
    "grossProfitRatio": 0.8296189792,
    "researchAndDevelopmentExpenses": 0,
    "generalAndAdministrativeExpenses": 0,
    "sellingAndMarketingExpenses": 0,
    "sellingGeneralAndAdministrativeExpenses": 6100000,
    "otherExpenses": 1900000,
    "operatingExpenses": 8000000,
    "costAndExpenses": 31700000,
    "interestIncome": 0,
    "interestExpense": 0,
    "depreciationAndAmortization": -21500000,
    "ebitda": 127800000,
    "ebitdaratio": 0.9187634795,
    "operatingIncome": 107400000,
    "operatingIncomeRatio": 0.7721063983,
    "totalOtherIncomeExpensesNet": 1100000,
    "incomeBeforeTax": 108500000,
    "incomeBeforeTaxRatio": 0.7800143781,
    "incomeTaxExpense": 125100000,
    "netIncome": 25300000,
    "netIncomeRatio": 0.181883537,
    "eps": 0.4,
    "epsdiluted": 0.4,
    "weightedAverageShsOut": 63250000,
    "weightedAverageShsOutDil": 63250000,
    "link": "https://www.sec.gov/Archives/edgar/data/1037540/000092701698004078/0000927016-98-004078-index.html",
    "finalLink": "https://www.sec.gov/Archives/edgar/data/1037540/"
  },
  {
    "date": "1998-06-30",
    "symbol": "BXP",
    "reportedCurrency": "USD",
    "cik": "0001037540",
    "fillingDate": "1998-08-14",
    "acceptedDate": "1998-08-14 00:00:00",
    "calendarYear": "1998",
    "period": "Q2",
    "revenue": 103600000,
    "costOfRevenue": 13800000,
    "grossProfit": 89800000,
    "grossProfitRatio": 0.8667953668,
    "researchAndDevelopmentExpenses": 0,
    "generalAndAdministrativeExpenses": 0,
    "sellingAndMarketingExpenses": 0,
    "sellingGeneralAndAdministrativeExpenses": 5800000,
    "otherExpenses": 3000000,
    "operatingExpenses": 8800000,
    "costAndExpenses": 22600000,
    "interestIncome": 0,
    "interestExpense": 0,
    "depreciationAndAmortization": -16600000,
    "ebitda": 93100000,
    "ebitdaratio": 0.8986486486,
    "operatingIncome": 81000000,
    "operatingIncomeRatio": 0.7818532819,
    "totalOtherIncomeExpensesNet": 4500000,
    "incomeBeforeTax": 85500000,
    "incomeBeforeTaxRatio": 0.8252895753,
    "incomeTaxExpense": 84200000,
    "netIncome": 30000000,
    "netIncomeRatio": 0.2895752896,
    "eps": 0.48,
    "epsdiluted": 0.48,
    "weightedAverageShsOut": 62500000,
    "weightedAverageShsOutDil": 62500000,
    "link": "https://www.sec.gov/Archives/edgar/data/1037540/000092701698003132/0000927016-98-003132-index.html",
    "finalLink": "https://www.sec.gov/Archives/edgar/data/1037540/0000927016-98-003132.txt"
  },
  {
    "date": "1998-03-31",
    "symbol": "BXP",
    "reportedCurrency": "USD",
    "cik": "0001037540",
    "fillingDate": "1998-05-15",
    "acceptedDate": "1998-05-15 00:00:00",
    "calendarYear": "1998",
    "period": "Q1",
    "revenue": 91700000,
    "costOfRevenue": 13000000,
    "grossProfit": 78700000,
    "grossProfitRatio": 0.8582333697,
    "researchAndDevelopmentExpenses": 0,
    "generalAndAdministrativeExpenses": 4800000,
    "sellingAndMarketingExpenses": 0,
    "sellingGeneralAndAdministrativeExpenses": 4800000,
    "otherExpenses": -400000,
    "operatingExpenses": 4400000,
    "costAndExpenses": 17400000,
    "interestIncome": 0,
    "interestExpense": 0,
    "depreciationAndAmortization": -13100000,
    "ebitda": 83500000,
    "ebitdaratio": 0.9105779716,
    "operatingIncome": 74300000,
    "operatingIncomeRatio": 0.8102508179,
    "totalOtherIncomeExpensesNet": 3900000,
    "incomeBeforeTax": 78200000,
    "incomeBeforeTaxRatio": 0.852780807,
    "incomeTaxExpense": 80900000,
    "netIncome": 19600000,
    "netIncomeRatio": 0.213740458,
    "eps": 0.36,
    "epsdiluted": 0.36,
    "weightedAverageShsOut": 54444444,
    "weightedAverageShsOutDil": 54444444,
    "link": "https://www.sec.gov/Archives/edgar/data/1037540/000092701698002116/0000927016-98-002116-index.html",
    "finalLink": "https://www.sec.gov/Archives/edgar/data/1037540/"
  },
  {
    "date": "1997-12-31",
    "symbol": "BXP",
    "reportedCurrency": "USD",
    "cik": "0001037540",
    "fillingDate": "1998-03-31",
    "acceptedDate": "1998-03-31 00:00:00",
    "calendarYear": "1997",
    "period": "Q4",
    "revenue": 208961000,
    "costOfRevenue": 80777000,
    "grossProfit": 128184000,
    "grossProfitRatio": 0.6134350429,
    "researchAndDevelopmentExpenses": 0,
    "generalAndAdministrativeExpenses": 0,
    "sellingAndMarketingExpenses": 0,
    "sellingGeneralAndAdministrativeExpenses": 8605000,
    "otherExpenses": 37773000,
    "operatingExpenses": 46378000,
    "costAndExpenses": 127155000,
    "interestIncome": 0,
    "interestExpense": 0,
    "depreciationAndAmortization": 48873000,
    "ebitda": 130679000,
    "ebitdaratio": 0.62537507,
    "operatingIncome": 81806000,
    "operatingIncomeRatio": 0.391489321,
    "totalOtherIncomeExpensesNet": -81806000,
    "incomeBeforeTax": 0,
    "incomeBeforeTaxRatio": 0,
    "incomeTaxExpense": 64850000,
    "netIncome": 16956000,
    "netIncomeRatio": 0.0811443284,
    "eps": 0.31,
    "epsdiluted": 0.31,
    "weightedAverageShsOut": 54444444,
    "weightedAverageShsOutDil": 54444444,
    "link": "https://www.sec.gov/Archives/edgar/data/1037540/000092701698001298/0000927016-98-001298-index.html",
    "finalLink": "https://www.sec.gov/Archives/edgar/data/1037540/"
  },
  {
    "date": "1997-09-30",
    "symbol": "BXP",
    "reportedCurrency": "USD",
    "cik": "0001037540",
    "fillingDate": "1997-11-14",
    "acceptedDate": "1997-11-14 00:00:00",
    "calendarYear": "1997",
    "period": "Q3",
    "revenue": 61400000,
    "costOfRevenue": 8100000,
    "grossProfit": 53300000,
    "grossProfitRatio": 0.8680781759,
    "researchAndDevelopmentExpenses": 0,
    "generalAndAdministrativeExpenses": 0,
    "sellingAndMarketingExpenses": 0,
    "sellingGeneralAndAdministrativeExpenses": 2900000,
    "otherExpenses": 800000,
    "operatingExpenses": 3700000,
    "costAndExpenses": 11800000,
    "interestIncome": 0,
    "interestExpense": 0,
    "depreciationAndAmortization": -9300000,
    "ebitda": 57300000,
    "ebitdaratio": 0.9332247557,
    "operatingIncome": 49600000,
    "operatingIncomeRatio": 0.8078175896,
    "totalOtherIncomeExpensesNet": 1600000,
    "incomeBeforeTax": 51200000,
    "incomeBeforeTaxRatio": 0.8338762215,
    "incomeTaxExpense": 54500000,
    "netIncome": 13700000,
    "netIncomeRatio": 0.2231270358,
    "eps": 0.36,
    "epsdiluted": 0.36,
    "weightedAverageShsOut": 38055556,
    "weightedAverageShsOutDil": 38055556,
    "link": "https://www.sec.gov/Archives/edgar/data/1037540/000092701697003157/0000927016-97-003157-index.html",
    "finalLink": "https://www.sec.gov/Archives/edgar/data/1037540/"
  },
  {
    "date": "1997-06-30",
    "symbol": "BXP",
    "reportedCurrency": "USD",
    "cik": "0001037540",
    "fillingDate": "1997-08-14",
    "acceptedDate": "1997-08-14 00:00:00",
    "calendarYear": "1997",
    "period": "Q2",
    "revenue": 5100000,
    "costOfRevenue": 800000,
    "grossProfit": 4300000,
    "grossProfitRatio": 0.8431372549,
    "researchAndDevelopmentExpenses": 0,
    "generalAndAdministrativeExpenses": 0,
    "sellingAndMarketingExpenses": 0,
    "sellingGeneralAndAdministrativeExpenses": 200000,
    "otherExpenses": 200000,
    "operatingExpenses": 400000,
    "costAndExpenses": 1200000,
    "interestIncome": 0,
    "interestExpense": 0,
    "depreciationAndAmortization": 800000,
    "ebitda": 4700000,
    "ebitdaratio": 0.9215686275,
    "operatingIncome": 3900000,
    "operatingIncomeRatio": 0.7647058824,
    "totalOtherIncomeExpensesNet": -2400000,
    "incomeBeforeTax": 1500000,
    "incomeBeforeTaxRatio": 0.2941176471,
    "incomeTaxExpense": 400000,
    "netIncome": 9100000,
    "netIncomeRatio": 1.7843137255,
    "eps": 0.23,
    "epsdiluted": 0.23,
    "weightedAverageShsOut": 39565217,
    "weightedAverageShsOutDil": 39565217,
    "link": "https://www.sec.gov/Archives/edgar/data/1037540/000092701697002352/0000927016-97-002352-index.html",
    "finalLink": "https://www.sec.gov/Archives/edgar/data/1037540/"
  }
]