[
  {
    "date": "2025-06-30",
    "symbol": "C",
    "reportedCurrency": "USD",
    "cik": "0000831001",
    "fillingDate": "2025-08-06",
    "acceptedDate": "2025-08-06 16:52:00",
    "calendarYear": "2025",
    "period": "Q2",
    "revenue": 42352000000,
    "costOfRevenue": 23556000000,
    "grossProfit": 18796000000,
    "grossProfitRatio": 0.4438043068,
    "researchAndDevelopmentExpenses": 0,
    "generalAndAdministrativeExpenses": 7633000000,
    "sellingAndMarketingExpenses": 269000000,
    "sellingGeneralAndAdministrativeExpenses": 7902000000,
    "otherExpenses": 5675000000,
    "operatingExpenses": 13577000000,
    "costAndExpenses": 37133000000,
    "interestIncome": 35859000000,
    "interestExpense": 20684000000,
    "depreciationAndAmortization": 1097000000,
    "ebitda": 6316000000,
    "ebitdaratio": 0.1491310918,
    "operatingIncome": 5219000000,
    "operatingIncomeRatio": 0.1232291273,
    "totalOtherIncomeExpensesNet": 0,
    "incomeBeforeTax": 5219000000,
    "incomeBeforeTaxRatio": 0.1232291273,
    "incomeTaxExpense": 1186000000,
    "netIncome": 4019000000,
    "netIncomeRatio": 0.0948951643,
    "eps": 1.98,
    "epsdiluted": 1.96,
    "weightedAverageShsOut": 1855900000,
    "weightedAverageShsOutDil": 1893100000,
    "link": "https://www.sec.gov/Archives/edgar/data/831001/000083100125000131/0000831001-25-000131-index.htm",
    "finalLink": "https://www.sec.gov/Archives/edgar/data/831001/000083100125000131/c-20250630.htm"
  },
  {
    "date": "2025-03-31",
    "symbol": "C",
    "reportedCurrency": "USD",
    "cik": "0000831001",
    "fillingDate": "2025-05-08",
    "acceptedDate": "2025-05-08 16:42:53",
    "calendarYear": "2025",
    "period": "Q1",
    "revenue": 41255000000,
    "costOfRevenue": 22362000000,
    "grossProfit": 18893000000,
    "grossProfitRatio": 0.4579566113,
    "researchAndDevelopmentExpenses": 0,
    "generalAndAdministrativeExpenses": 7484000000,
    "sellingAndMarketingExpenses": 250000000,
    "sellingGeneralAndAdministrativeExpenses": 7734000000,
    "otherExpenses": 5711000000,
    "operatingExpenses": 13445000000,
    "costAndExpenses": 35807000000,
    "interestIncome": 33666000000,
    "interestExpense": 19654000000,
    "depreciationAndAmortization": 1050000000,
    "ebitda": 6498000000,
    "ebitdaratio": 0.1575081808,
    "operatingIncome": 5448000000,
    "operatingIncomeRatio": 0.1320567204,
    "totalOtherIncomeExpensesNet": 0,
    "incomeBeforeTax": 5448000000,
    "incomeBeforeTaxRatio": 0.1320567204,
    "incomeTaxExpense": 1340000000,
    "netIncome": 4064000000,
    "netIncomeRatio": 0.0985092716,
    "eps": 2,
    "epsdiluted": 1.96,
    "weightedAverageShsOut": 1879000000,
    "weightedAverageShsOutDil": 1919600000,
    "link": "https://www.sec.gov/Archives/edgar/data/831001/000083100125000086/0000831001-25-000086-index.htm",
    "finalLink": "https://www.sec.gov/Archives/edgar/data/831001/000083100125000086/c-20250331.htm"
  },
  {
    "date": "2024-12-31",
    "symbol": "C",
    "reportedCurrency": "USD",
    "cik": "0000831001",
    "fillingDate": "2025-02-21",
    "acceptedDate": "2025-02-21 17:12:44",
    "calendarYear": "2024",
    "period": "Q4",
    "revenue": 40900000000,
    "costOfRevenue": 23895000000,
    "grossProfit": 17005000000,
    "grossProfitRatio": 0.4157701711,
    "researchAndDevelopmentExpenses": 0,
    "generalAndAdministrativeExpenses": 6940000000,
    "sellingAndMarketingExpenses": 323000000,
    "sellingGeneralAndAdministrativeExpenses": 7263000000,
    "otherExpenses": 5940000000,
    "operatingExpenses": 13203000000,
    "costAndExpenses": 37098000000,
    "interestIncome": 35047000000,
    "interestExpense": 21314000000,
    "depreciationAndAmortization": 1019000000,
    "ebitda": 4821000000,
    "ebitdaratio": 0.1178728606,
    "operatingIncome": 3802000000,
    "operatingIncomeRatio": 0.0929584352,
    "totalOtherIncomeExpensesNet": 0,
    "incomeBeforeTax": 3802000000,
    "incomeBeforeTaxRatio": 0.0929584352,
    "incomeTaxExpense": 912000000,
    "netIncome": 2856000000,
    "netIncomeRatio": 0.0698288509,
    "eps": 1.36,
    "epsdiluted": 1.34,
    "weightedAverageShsOut": 1887600000,
    "weightedAverageShsOutDil": 1931000000,
    "link": "https://www.sec.gov/Archives/edgar/data/831001/000083100125000067/0000831001-25-000067-index.htm",
    "finalLink": "https://www.sec.gov/Archives/edgar/data/831001/000083100125000067/c-20241231.htm"
  },
  {
    "date": "2024-09-30",
    "symbol": "C",
    "reportedCurrency": "USD",
    "cik": "0000831001",
    "fillingDate": "2024-11-07",
    "acceptedDate": "2024-11-07 17:05:33",
    "calendarYear": "2024",
    "period": "Q3",
    "revenue": 43359000000,
    "costOfRevenue": 25691000000,
    "grossProfit": 17668000000,
    "grossProfitRatio": 0.4074817224,
    "researchAndDevelopmentExpenses": 0,
    "generalAndAdministrativeExpenses": 7086000000,
    "sellingAndMarketingExpenses": 282000000,
    "sellingGeneralAndAdministrativeExpenses": 7368000000,
    "otherExpenses": 5910000000,
    "operatingExpenses": 13278000000,
    "costAndExpenses": 38969000000,
    "interestIncome": 36456000000,
    "interestExpense": 23094000000,
    "depreciationAndAmortization": 1081000000,
    "ebitda": 5471000000,
    "ebitdaratio": 0.1261791093,
    "operatingIncome": 4390000000,
    "operatingIncomeRatio": 0.1012477225,
    "totalOtherIncomeExpensesNet": 0,
    "incomeBeforeTax": 4390000000,
    "incomeBeforeTaxRatio": 0.1012477225,
    "incomeTaxExpense": 1116000000,
    "netIncome": 3238000000,
    "netIncomeRatio": 0.0746788441,
    "eps": 1.53,
    "epsdiluted": 1.51,
    "weightedAverageShsOut": 1899900000,
    "weightedAverageShsOutDil": 1940300000,
    "link": "https://www.sec.gov/Archives/edgar/data/831001/000083100124000134/0000831001-24-000134-index.htm",
    "finalLink": "https://www.sec.gov/Archives/edgar/data/831001/000083100124000134/c-20240930.htm"
  },
  {
    "date": "2024-06-30",
    "symbol": "C",
    "reportedCurrency": "USD",
    "cik": "0000831001",
    "fillingDate": "2024-08-02",
    "acceptedDate": "2024-08-02 16:56:45",
    "calendarYear": "2024",
    "period": "Q2",
    "revenue": 42638000000,
    "costOfRevenue": 24957000000,
    "grossProfit": 17681000000,
    "grossProfitRatio": 0.4146770486,
    "researchAndDevelopmentExpenses": 0,
    "generalAndAdministrativeExpenses": 6906000000,
    "sellingAndMarketingExpenses": 280000000,
    "sellingGeneralAndAdministrativeExpenses": 7186000000,
    "otherExpenses": 6185000000,
    "operatingExpenses": 13371000000,
    "costAndExpenses": 38328000000,
    "interestIncome": 35987000000,
    "interestExpense": 22494000000,
    "depreciationAndAmortization": 1101000000,
    "ebitda": 5411000000,
    "ebitdaratio": 0.1269055772,
    "operatingIncome": 4310000000,
    "operatingIncomeRatio": 0.1010835405,
    "totalOtherIncomeExpensesNet": 0,
    "incomeBeforeTax": 4310000000,
    "incomeBeforeTaxRatio": 0.1010835405,
    "incomeTaxExpense": 1047000000,
    "netIncome": 3217000000,
    "netIncomeRatio": 0.0754491299,
    "eps": 1.54,
    "epsdiluted": 1.52,
    "weightedAverageShsOut": 1907700000,
    "weightedAverageShsOutDil": 1945700000,
    "link": "https://www.sec.gov/Archives/edgar/data/831001/000083100124000100/0000831001-24-000100-index.htm",
    "finalLink": "https://www.sec.gov/Archives/edgar/data/831001/000083100124000100/c-20240630.htm"
  },
  {
    "date": "2024-03-31",
    "symbol": "C",
    "reportedCurrency": "USD",
    "cik": "0000831001",
    "fillingDate": "2024-05-03",
    "acceptedDate": "2024-05-03 17:17:14",
    "calendarYear": "2024",
    "period": "Q1",
    "revenue": 43722000000,
    "costOfRevenue": 25044000000,
    "grossProfit": 18678000000,
    "grossProfitRatio": 0.4271991217,
    "researchAndDevelopmentExpenses": 0,
    "generalAndAdministrativeExpenses": 7700000000,
    "sellingAndMarketingExpenses": 228000000,
    "sellingGeneralAndAdministrativeExpenses": 7928000000,
    "otherExpenses": 6206000000,
    "operatingExpenses": 14134000000,
    "costAndExpenses": 39178000000,
    "interestIncome": 36223000000,
    "interestExpense": 22716000000,
    "depreciationAndAmortization": 1110000000,
    "ebitda": 5654000000,
    "ebitdaratio": 0.1293170486,
    "operatingIncome": 4544000000,
    "operatingIncomeRatio": 0.1039293719,
    "totalOtherIncomeExpensesNet": 0,
    "incomeBeforeTax": 4544000000,
    "incomeBeforeTaxRatio": 0.1039293719,
    "incomeTaxExpense": 1136000000,
    "netIncome": 3371000000,
    "netIncomeRatio": 0.0771007731,
    "eps": 1.59,
    "epsdiluted": 1.58,
    "weightedAverageShsOut": 1908700000,
    "weightedAverageShsOutDil": 1927700000,
    "link": "https://www.sec.gov/Archives/edgar/data/831001/000083100124000051/0000831001-24-000051-index.htm",
    "finalLink": "https://www.sec.gov/Archives/edgar/data/831001/000083100124000051/c-20240331.htm"
  },
  {
    "date": "2023-12-31",
    "symbol": "C",
    "reportedCurrency": "USD",
    "cik": "0000831001",
    "fillingDate": "2024-02-23",
    "acceptedDate": "2024-02-23 17:10:34",
    "calendarYear": "2023",
    "period": "Q4",
    "revenue": 41395000000,
    "costOfRevenue": 26078000000,
    "grossProfit": 15317000000,
    "grossProfitRatio": 0.3700205339,
    "researchAndDevelopmentExpenses": 0,
    "generalAndAdministrativeExpenses": 6906000000,
    "sellingAndMarketingExpenses": 377000000,
    "sellingGeneralAndAdministrativeExpenses": 7283000000,
    "otherExpenses": 10137000000,
    "operatingExpenses": 17420000000,
    "costAndExpenses": 43498000000,
    "interestIncome": 36379000000,
    "interestExpense": 22555000000,
    "depreciationAndAmortization": 1172000000,
    "ebitda": -931000000,
    "ebitdaratio": -0.022490639,
    "operatingIncome": -2103000000,
    "operatingIncomeRatio": -0.0508032371,
    "totalOtherIncomeExpensesNet": 0,
    "incomeBeforeTax": -2103000000,
    "incomeBeforeTaxRatio": -0.0508032371,
    "incomeTaxExpense": -296000000,
    "netIncome": -1839000000,
    "netIncomeRatio": -0.0444256553,
    "eps": -1.15,
    "epsdiluted": -1.14,
    "weightedAverageShsOut": 1909700000,
    "weightedAverageShsOutDil": 1909700000,
    "link": "https://www.sec.gov/Archives/edgar/data/831001/000083100124000033/0000831001-24-000033-index.htm",
    "finalLink": "https://www.sec.gov/Archives/edgar/data/831001/000083100124000033/c-20231231.htm"
  },
  {
    "date": "2023-09-30",
    "symbol": "C",
    "reportedCurrency": "USD",
    "cik": "0000831001",
    "fillingDate": "2023-11-03",
    "acceptedDate": "2023-11-03 16:32:34",
    "calendarYear": "2023",
    "period": "Q3",
    "revenue": 40748000000,
    "costOfRevenue": 22827000000,
    "grossProfit": 17921000000,
    "grossProfitRatio": 0.4398007264,
    "researchAndDevelopmentExpenses": 0,
    "generalAndAdministrativeExpenses": 7449000000,
    "sellingAndMarketingExpenses": 324000000,
    "sellingGeneralAndAdministrativeExpenses": 7773000000,
    "otherExpenses": 5360000000,
    "operatingExpenses": 13133000000,
    "costAndExpenses": 35960000000,
    "interestIncome": 34837000000,
    "interestExpense": 21009000000,
    "depreciationAndAmortization": 1141000000,
    "ebitda": 5929000000,
    "ebitdaratio": 0.1455040738,
    "operatingIncome": 4788000000,
    "operatingIncomeRatio": 0.1175026995,
    "totalOtherIncomeExpensesNet": 0,
    "incomeBeforeTax": 4788000000,
    "incomeBeforeTaxRatio": 0.1175026995,
    "incomeTaxExpense": 1203000000,
    "netIncome": 3546000000,
    "netIncomeRatio": 0.087022676,
    "eps": 1.64,
    "epsdiluted": 1.63,
    "weightedAverageShsOut": 1924400000,
    "weightedAverageShsOutDil": 1951700000,
    "link": "https://www.sec.gov/Archives/edgar/data/831001/000083100123000132/0000831001-23-000132-index.htm",
    "finalLink": "https://www.sec.gov/Archives/edgar/data/831001/000083100123000132/c-20230930.htm"
  },
  {
    "date": "2023-06-30",
    "symbol": "C",
    "reportedCurrency": "USD",
    "cik": "0000831001",
    "fillingDate": "2023-08-04",
    "acceptedDate": "2023-08-04 16:58:10",
    "calendarYear": "2023",
    "period": "Q2",
    "revenue": 38187000000,
    "costOfRevenue": 20561000000,
    "grossProfit": 17626000000,
    "grossProfitRatio": 0.4615706916,
    "researchAndDevelopmentExpenses": 0,
    "generalAndAdministrativeExpenses": 7402000000,
    "sellingAndMarketingExpenses": 361000000,
    "sellingGeneralAndAdministrativeExpenses": 7763000000,
    "otherExpenses": 5821000000,
    "operatingExpenses": 13584000000,
    "costAndExpenses": 34145000000,
    "interestIncome": 32647000000,
    "interestExpense": 18747000000,
    "depreciationAndAmortization": 1136000000,
    "ebitda": 5178000000,
    "ebitdaratio": 0.1355958834,
    "operatingIncome": 4042000000,
    "operatingIncomeRatio": 0.1058475397,
    "totalOtherIncomeExpensesNet": 0,
    "incomeBeforeTax": 4042000000,
    "incomeBeforeTaxRatio": 0.1058475397,
    "incomeTaxExpense": 1090000000,
    "netIncome": 2915000000,
    "netIncomeRatio": 0.0763348784,
    "eps": 1.34,
    "epsdiluted": 1.33,
    "weightedAverageShsOut": 1942800000,
    "weightedAverageShsOutDil": 1968600000,
    "link": "https://www.sec.gov/Archives/edgar/data/831001/000083100123000097/0000831001-23-000097-index.htm",
    "finalLink": "https://www.sec.gov/Archives/edgar/data/831001/000083100123000097/c-20230630.htm"
  },
  {
    "date": "2023-03-31",
    "symbol": "C",
    "reportedCurrency": "USD",
    "cik": "0000831001",
    "fillingDate": "2023-05-05",
    "acceptedDate": "2023-05-05 17:06:50",
    "calendarYear": "2023",
    "period": "Q1",
    "revenue": 36452000000,
    "costOfRevenue": 18015000000,
    "grossProfit": 18437000000,
    "grossProfitRatio": 0.5057884341,
    "researchAndDevelopmentExpenses": 0,
    "generalAndAdministrativeExpenses": 7562000000,
    "sellingAndMarketingExpenses": 331000000,
    "sellingGeneralAndAdministrativeExpenses": 7893000000,
    "otherExpenses": 4361000000,
    "operatingExpenses": 12254000000,
    "costAndExpenses": 30269000000,
    "interestIncome": 29395000000,
    "interestExpense": 16047000000,
    "depreciationAndAmortization": 1111000000,
    "ebitda": 7294000000,
    "ebitdaratio": 0.20009876,
    "operatingIncome": 6183000000,
    "operatingIncomeRatio": 0.1696203226,
    "totalOtherIncomeExpensesNet": 0,
    "incomeBeforeTax": 6183000000,
    "incomeBeforeTaxRatio": 0.1696203226,
    "incomeTaxExpense": 1531000000,
    "netIncome": 4606000000,
    "netIncomeRatio": 0.1263579502,
    "eps": 2.21,
    "epsdiluted": 2.19,
    "weightedAverageShsOut": 1943500000,
    "weightedAverageShsOutDil": 1964100000,
    "link": "https://www.sec.gov/Archives/edgar/data/831001/000083100123000055/0000831001-23-000055-index.htm",
    "finalLink": "https://www.sec.gov/Archives/edgar/data/831001/000083100123000055/c-20230331.htm"
  },
  {
    "date": "2022-12-31",
    "symbol": "C",
    "reportedCurrency": "USD",
    "cik": "0000831001",
    "fillingDate": "2023-02-27",
    "acceptedDate": "2023-02-24 21:45:33",
    "calendarYear": "2022",
    "period": "Q4",
    "revenue": 30439000000,
    "costOfRevenue": 14258000000,
    "grossProfit": 16181000000,
    "grossProfitRatio": 0.5315877657,
    "researchAndDevelopmentExpenses": 0,
    "generalAndAdministrativeExpenses": 6638000000,
    "sellingAndMarketingExpenses": 424000000,
    "sellingGeneralAndAdministrativeExpenses": 7062000000,
    "otherExpenses": 5943000000,
    "operatingExpenses": 13005000000,
    "costAndExpenses": 27263000000,
    "interestIncome": 25708000000,
    "interestExpense": 12438000000,
    "depreciationAndAmortization": 1108000000,
    "ebitda": 4284000000,
    "ebitdaratio": 0.1407404974,
    "operatingIncome": 3176000000,
    "operatingIncomeRatio": 0.1043398272,
    "totalOtherIncomeExpensesNet": 0,
    "incomeBeforeTax": 3176000000,
    "incomeBeforeTaxRatio": 0.1043398272,
    "incomeTaxExpense": 640000000,
    "netIncome": 2513000000,
    "netIncomeRatio": 0.0825585597,
    "eps": 1.16,
    "epsdiluted": 1.16,
    "weightedAverageShsOut": 1936900000,
    "weightedAverageShsOutDil": 1955900000,
    "link": "https://www.sec.gov/Archives/edgar/data/831001/000083100123000037/0000831001-23-000037-index.htm",
    "finalLink": "https://www.sec.gov/Archives/edgar/data/831001/000083100123000037/c-20221231.htm"
  },
  {
    "date": "2022-09-30",
    "symbol": "C",
    "reportedCurrency": "USD",
    "cik": "0000831001",
    "fillingDate": "2022-11-04",
    "acceptedDate": "2022-11-04 16:57:28",
    "calendarYear": "2022",
    "period": "Q3",
    "revenue": 25240000000,
    "costOfRevenue": 8686000000,
    "grossProfit": 16554000000,
    "grossProfitRatio": 0.6558637084,
    "researchAndDevelopmentExpenses": 0,
    "generalAndAdministrativeExpenses": 6770000000,
    "sellingAndMarketingExpenses": 407000000,
    "sellingGeneralAndAdministrativeExpenses": 7177000000,
    "otherExpenses": 4983000000,
    "operatingExpenses": 12160000000,
    "costAndExpenses": 20846000000,
    "interestIncome": 19919000000,
    "interestExpense": 7356000000,
    "depreciationAndAmortization": 1065000000,
    "ebitda": 5459000000,
    "ebitdaratio": 0.2162836767,
    "operatingIncome": 4394000000,
    "operatingIncomeRatio": 0.174088748,
    "totalOtherIncomeExpensesNet": 0,
    "incomeBeforeTax": 4394000000,
    "incomeBeforeTaxRatio": 0.174088748,
    "incomeTaxExpense": 879000000,
    "netIncome": 3479000000,
    "netIncomeRatio": 0.137836767,
    "eps": 1.64,
    "epsdiluted": 1.63,
    "weightedAverageShsOut": 1936800000,
    "weightedAverageShsOutDil": 1955100000,
    "link": "https://www.sec.gov/Archives/edgar/data/831001/000083100122000146/0000831001-22-000146-index.htm",
    "finalLink": "https://www.sec.gov/Archives/edgar/data/831001/000083100122000146/c-20220930.htm"
  },
  {
    "date": "2022-06-30",
    "symbol": "C",
    "reportedCurrency": "USD",
    "cik": "0000831001",
    "fillingDate": "2022-08-04",
    "acceptedDate": "2022-08-03 21:41:57",
    "calendarYear": "2022",
    "period": "Q2",
    "revenue": 23236000000,
    "costOfRevenue": 4898000000,
    "grossProfit": 18338000000,
    "grossProfitRatio": 0.7892064039,
    "researchAndDevelopmentExpenses": 0,
    "generalAndAdministrativeExpenses": 6494000000,
    "sellingAndMarketingExpenses": 414000000,
    "sellingGeneralAndAdministrativeExpenses": 6908000000,
    "otherExpenses": 5459000000,
    "operatingExpenses": 12367000000,
    "costAndExpenses": 17265000000,
    "interestIncome": 15630000000,
    "interestExpense": 3666000000,
    "depreciationAndAmortization": 1074000000,
    "ebitda": 7045000000,
    "ebitdaratio": 0.3031933207,
    "operatingIncome": 5971000000,
    "operatingIncomeRatio": 0.2569719401,
    "totalOtherIncomeExpensesNet": 0,
    "incomeBeforeTax": 5971000000,
    "incomeBeforeTaxRatio": 0.2569719401,
    "incomeTaxExpense": 1182000000,
    "netIncome": 4547000000,
    "netIncomeRatio": 0.1956877259,
    "eps": 2.2,
    "epsdiluted": 2.19,
    "weightedAverageShsOut": 1941500000,
    "weightedAverageShsOutDil": 1958100000,
    "link": "https://www.sec.gov/Archives/edgar/data/831001/000083100122000111/0000831001-22-000111-index.htm",
    "finalLink": "https://www.sec.gov/Archives/edgar/data/831001/000083100122000111/c-20220630.htm"
  },
  {
    "date": "2022-03-31",
    "symbol": "C",
    "reportedCurrency": "USD",
    "cik": "0000831001",
    "fillingDate": "2022-05-09",
    "acceptedDate": "2022-05-09 16:40:59",
    "calendarYear": "2022",
    "period": "Q1",
    "revenue": 21468000000,
    "costOfRevenue": 3010000000,
    "grossProfit": 18458000000,
    "grossProfitRatio": 0.8597913173,
    "researchAndDevelopmentExpenses": 0,
    "generalAndAdministrativeExpenses": 6847000000,
    "sellingAndMarketingExpenses": 311000000,
    "sellingGeneralAndAdministrativeExpenses": 7158000000,
    "otherExpenses": 6034000000,
    "operatingExpenses": 13192000000,
    "costAndExpenses": 16202000000,
    "interestIncome": 13151000000,
    "interestExpense": 2280000000,
    "depreciationAndAmortization": 1015000000,
    "ebitda": 6281000000,
    "ebitdaratio": 0.2925749953,
    "operatingIncome": 5266000000,
    "operatingIncomeRatio": 0.2452953233,
    "totalOtherIncomeExpensesNet": 0,
    "incomeBeforeTax": 5266000000,
    "incomeBeforeTaxRatio": 0.2452953233,
    "incomeTaxExpense": 941000000,
    "netIncome": 4306000000,
    "netIncomeRatio": 0.2005776039,
    "eps": 2.03,
    "epsdiluted": 2.02,
    "weightedAverageShsOut": 1971700000,
    "weightedAverageShsOutDil": 1988200000,
    "link": "https://www.sec.gov/Archives/edgar/data/831001/000083100122000056/0000831001-22-000056-index.htm",
    "finalLink": "https://www.sec.gov/Archives/edgar/data/831001/000083100122000056/c-20220331.htm"
  },
  {
    "date": "2021-12-31",
    "symbol": "C",
    "reportedCurrency": "USD",
    "cik": "0000831001",
    "fillingDate": "2022-02-28",
    "acceptedDate": "2022-02-25 18:35:29",
    "calendarYear": "2021",
    "period": "Q4",
    "revenue": 18332000000,
    "costOfRevenue": 591000000,
    "grossProfit": 17741000000,
    "grossProfitRatio": 0.9677612917,
    "researchAndDevelopmentExpenses": 0,
    "generalAndAdministrativeExpenses": 7120000000,
    "sellingAndMarketingExpenses": 478000000,
    "sellingGeneralAndAdministrativeExpenses": 7598000000,
    "otherExpenses": 6193000000,
    "operatingExpenses": 13791000000,
    "costAndExpenses": 14382000000,
    "interestIncome": 12828000000,
    "interestExpense": 1097000000,
    "depreciationAndAmortization": 985000000,
    "ebitda": 4935000000,
    "ebitdaratio": 0.2692013965,
    "operatingIncome": 3950000000,
    "operatingIncomeRatio": 0.215470216,
    "totalOtherIncomeExpensesNet": 0,
    "incomeBeforeTax": 3950000000,
    "incomeBeforeTaxRatio": 0.215470216,
    "incomeTaxExpense": 771000000,
    "netIncome": 3173000000,
    "netIncomeRatio": 0.1730853153,
    "eps": 1.47,
    "epsdiluted": 1.46,
    "weightedAverageShsOut": 1984300000,
    "weightedAverageShsOutDil": 2001600000,
    "link": "https://www.sec.gov/Archives/edgar/data/831001/000083100122000036/0000831001-22-000036-index.htm",
    "finalLink": "https://www.sec.gov/Archives/edgar/data/831001/000083100122000036/c-20211231.htm"
  },
  {
    "date": "2021-09-30",
    "symbol": "C",
    "reportedCurrency": "USD",
    "cik": "0000831001",
    "fillingDate": "2021-11-08",
    "acceptedDate": "2021-11-08 16:26:13",
    "calendarYear": "2021",
    "period": "Q3",
    "revenue": 19416000000,
    "costOfRevenue": 1755000000,
    "grossProfit": 17661000000,
    "grossProfitRatio": 0.9096106304,
    "researchAndDevelopmentExpenses": 0,
    "generalAndAdministrativeExpenses": 6080000000,
    "sellingAndMarketingExpenses": 402000000,
    "sellingGeneralAndAdministrativeExpenses": 6482000000,
    "otherExpenses": 5317000000,
    "operatingExpenses": 11799000000,
    "costAndExpenses": 13554000000,
    "interestIncome": 12650000000,
    "interestExpense": 1959000000,
    "depreciationAndAmortization": 1035000000,
    "ebitda": 6897000000,
    "ebitdaratio": 0.3552224969,
    "operatingIncome": 5862000000,
    "operatingIncomeRatio": 0.3019159456,
    "totalOtherIncomeExpensesNet": 0,
    "incomeBeforeTax": 5862000000,
    "incomeBeforeTaxRatio": 0.3019159456,
    "incomeTaxExpense": 1193000000,
    "netIncome": 4644000000,
    "netIncomeRatio": 0.239184178,
    "eps": 2.17,
    "epsdiluted": 2.15,
    "weightedAverageShsOut": 2009300000,
    "weightedAverageShsOutDil": 2026200000,
    "link": "https://www.sec.gov/Archives/edgar/data/831001/000083100121000167/0000831001-21-000167-index.htm",
    "finalLink": "https://www.sec.gov/Archives/edgar/data/831001/000083100121000167/c-20210930.htm"
  },
  {
    "date": "2021-06-30",
    "symbol": "C",
    "reportedCurrency": "USD",
    "cik": "0000831001",
    "fillingDate": "2021-08-04",
    "acceptedDate": "2021-08-04 16:43:40",
    "calendarYear": "2021",
    "period": "Q2",
    "revenue": 19734000000,
    "costOfRevenue": 900000000,
    "grossProfit": 18834000000,
    "grossProfitRatio": 0.9543934327,
    "researchAndDevelopmentExpenses": 0,
    "generalAndAdministrativeExpenses": 5997000000,
    "sellingAndMarketingExpenses": 340000000,
    "sellingGeneralAndAdministrativeExpenses": 6337000000,
    "otherExpenses": 5149000000,
    "operatingExpenses": 11486000000,
    "costAndExpenses": 12386000000,
    "interestIncome": 12463000000,
    "interestExpense": 1985000000,
    "depreciationAndAmortization": 982000000,
    "ebitda": 8330000000,
    "ebitdaratio": 0.4221141178,
    "operatingIncome": 7348000000,
    "operatingIncomeRatio": 0.3723522854,
    "totalOtherIncomeExpensesNet": 0,
    "incomeBeforeTax": 7348000000,
    "incomeBeforeTaxRatio": 0.3723522854,
    "incomeTaxExpense": 1155000000,
    "netIncome": 6193000000,
    "netIncomeRatio": 0.3138238573,
    "eps": 2.86,
    "epsdiluted": 2.84,
    "weightedAverageShsOut": 2056500000,
    "weightedAverageShsOutDil": 2073000000,
    "link": "https://www.sec.gov/Archives/edgar/data/831001/000083100121000126/0000831001-21-000126-index.htm",
    "finalLink": "https://www.sec.gov/Archives/edgar/data/831001/000083100121000126/c-20210630.htm"
  },
  {
    "date": "2021-03-31",
    "symbol": "C",
    "reportedCurrency": "USD",
    "cik": "0000831001",
    "fillingDate": "2021-05-06",
    "acceptedDate": "2021-05-05 19:02:03",
    "calendarYear": "2021",
    "period": "Q1",
    "revenue": 21706000000,
    "costOfRevenue": -68000000,
    "grossProfit": 21774000000,
    "grossProfitRatio": 1.0031327743,
    "researchAndDevelopmentExpenses": 0,
    "generalAndAdministrativeExpenses": 6053000000,
    "sellingAndMarketingExpenses": 270000000,
    "sellingGeneralAndAdministrativeExpenses": 6323000000,
    "otherExpenses": 5142000000,
    "operatingExpenses": 11465000000,
    "costAndExpenses": 11397000000,
    "interestIncome": 12534000000,
    "interestExpense": 2028000000,
    "depreciationAndAmortization": 962000000,
    "ebitda": 11271000000,
    "ebitdaratio": 0.5192573482,
    "operatingIncome": 10309000000,
    "operatingIncomeRatio": 0.4749378052,
    "totalOtherIncomeExpensesNet": 0,
    "incomeBeforeTax": 10309000000,
    "incomeBeforeTaxRatio": 0.4749378052,
    "incomeTaxExpense": 2332000000,
    "netIncome": 7942000000,
    "netIncomeRatio": 0.3658896158,
    "eps": 3.64,
    "epsdiluted": 3.62,
    "weightedAverageShsOut": 2082000000,
    "weightedAverageShsOutDil": 2096600000,
    "link": "https://www.sec.gov/Archives/edgar/data/831001/000083100121000066/0000831001-21-000066-index.htm",
    "finalLink": "https://www.sec.gov/Archives/edgar/data/831001/000083100121000066/c-20210331.htm"
  },
  {
    "date": "2020-12-31",
    "symbol": "C",
    "reportedCurrency": "USD",
    "cik": "0000831001",
    "fillingDate": "2021-02-26",
    "acceptedDate": "2021-02-26 16:44:10",
    "calendarYear": "2020",
    "period": "Q4",
    "revenue": 19077000000,
    "costOfRevenue": 2865000000,
    "grossProfit": 16212000000,
    "grossProfitRatio": 0.849819154,
    "researchAndDevelopmentExpenses": 0,
    "generalAndAdministrativeExpenses": 5357000000,
    "sellingAndMarketingExpenses": 352000000,
    "sellingGeneralAndAdministrativeExpenses": 5709000000,
    "otherExpenses": 5505000000,
    "operatingExpenses": 11214000000,
    "costAndExpenses": 14079000000,
    "interestIncome": 13047000000,
    "interestExpense": 2564000000,
    "depreciationAndAmortization": 1051000000,
    "ebitda": 6049000000,
    "ebitdaratio": 0.3170833989,
    "operatingIncome": 4998000000,
    "operatingIncomeRatio": 0.2619908791,
    "totalOtherIncomeExpensesNet": 0,
    "incomeBeforeTax": 4998000000,
    "incomeBeforeTaxRatio": 0.2619908791,
    "incomeTaxExpense": 1003000000,
    "netIncome": 3979000000,
    "netIncomeRatio": 0.2085757719,
    "eps": 1.93,
    "epsdiluted": 2.08,
    "weightedAverageShsOut": 2081900000,
    "weightedAverageShsOutDil": 2095700000,
    "link": "https://www.sec.gov/Archives/edgar/data/831001/000083100121000042/0000831001-21-000042-index.htm",
    "finalLink": "https://www.sec.gov/Archives/edgar/data/831001/000083100121000042/c-20201231.htm"
  },
  {
    "date": "2020-09-30",
    "symbol": "C",
    "reportedCurrency": "USD",
    "cik": "0000831001",
    "fillingDate": "2020-11-04",
    "acceptedDate": "2020-11-04 16:50:00",
    "calendarYear": "2020",
    "period": "Q3",
    "revenue": 20139000000,
    "costOfRevenue": 5163000000,
    "grossProfit": 14976000000,
    "grossProfitRatio": 0.7436317593,
    "researchAndDevelopmentExpenses": 0,
    "generalAndAdministrativeExpenses": 5653000000,
    "sellingAndMarketingExpenses": 238000000,
    "sellingGeneralAndAdministrativeExpenses": 5891000000,
    "otherExpenses": 5131000000,
    "operatingExpenses": 11022000000,
    "costAndExpenses": 16185000000,
    "interestIncome": 13314000000,
    "interestExpense": 2821000000,
    "depreciationAndAmortization": 1033000000,
    "ebitda": 4987000000,
    "ebitdaratio": 0.2476289786,
    "operatingIncome": 3954000000,
    "operatingIncomeRatio": 0.1963354685,
    "totalOtherIncomeExpensesNet": 0,
    "incomeBeforeTax": 3954000000,
    "incomeBeforeTaxRatio": 0.1963354685,
    "incomeTaxExpense": 777000000,
    "netIncome": 3146000000,
    "netIncomeRatio": 0.1562143105,
    "eps": 1.37,
    "epsdiluted": 1.36,
    "weightedAverageShsOut": 2081800000,
    "weightedAverageShsOutDil": 2094300000,
    "link": "https://www.sec.gov/Archives/edgar/data/831001/000083100120000110/0000831001-20-000110-index.htm",
    "finalLink": "https://www.sec.gov/Archives/edgar/data/831001/000083100120000110/c-20200930.htm"
  },
  {
    "date": "2020-06-30",
    "symbol": "C",
    "reportedCurrency": "USD",
    "cik": "0000831001",
    "fillingDate": "2020-08-05",
    "acceptedDate": "2020-08-04 18:33:06",
    "calendarYear": "2020",
    "period": "Q2",
    "revenue": 23244000000,
    "costOfRevenue": 11660000000,
    "grossProfit": 11584000000,
    "grossProfitRatio": 0.4983651695,
    "researchAndDevelopmentExpenses": 0,
    "generalAndAdministrativeExpenses": 5639000000,
    "sellingAndMarketingExpenses": 299000000,
    "sellingGeneralAndAdministrativeExpenses": 5938000000,
    "otherExpenses": 4537000000,
    "operatingExpenses": 10475000000,
    "costAndExpenses": 22135000000,
    "interestIncome": 14589000000,
    "interestExpense": 3509000000,
    "depreciationAndAmortization": 926000000,
    "ebitda": 2035000000,
    "ebitdaratio": 0.0875494751,
    "operatingIncome": 1109000000,
    "operatingIncomeRatio": 0.0477112373,
    "totalOtherIncomeExpensesNet": 0,
    "incomeBeforeTax": 1109000000,
    "incomeBeforeTaxRatio": 0.0477112373,
    "incomeTaxExpense": 52000000,
    "netIncome": 1056000000,
    "netIncomeRatio": 0.045431079,
    "eps": 0.38,
    "epsdiluted": 0.38,
    "weightedAverageShsOut": 2081700000,
    "weightedAverageShsOutDil": 2084300000,
    "link": "https://www.sec.gov/Archives/edgar/data/831001/000083100120000078/0000831001-20-000078-index.htm",
    "finalLink": "https://www.sec.gov/Archives/edgar/data/831001/000083100120000078/c-20200630.htm"
  },
  {
    "date": "2020-03-31",
    "symbol": "C",
    "reportedCurrency": "USD",
    "cik": "0000831001",
    "fillingDate": "2020-05-04",
    "acceptedDate": "2020-05-04 17:27:21",
    "calendarYear": "2020",
    "period": "Q1",
    "revenue": 26646000000,
    "costOfRevenue": 12577000000,
    "grossProfit": 14069000000,
    "grossProfitRatio": 0.5279966974,
    "researchAndDevelopmentExpenses": 0,
    "generalAndAdministrativeExpenses": 5678000000,
    "sellingAndMarketingExpenses": 328000000,
    "sellingGeneralAndAdministrativeExpenses": 6006000000,
    "otherExpenses": 4935000000,
    "operatingExpenses": 10941000000,
    "costAndExpenses": 23518000000,
    "interestIncome": 17139000000,
    "interestExpense": 5647000000,
    "depreciationAndAmortization": 927000000,
    "ebitda": 4055000000,
    "ebitdaratio": 0.1521804398,
    "operatingIncome": 3128000000,
    "operatingIncomeRatio": 0.117390978,
    "totalOtherIncomeExpensesNet": 0,
    "incomeBeforeTax": 3128000000,
    "incomeBeforeTaxRatio": 0.117390978,
    "incomeTaxExpense": 580000000,
    "netIncome": 2536000000,
    "netIncomeRatio": 0.0951737597,
    "eps": 1.06,
    "epsdiluted": 1.06,
    "weightedAverageShsOut": 2097900000,
    "weightedAverageShsOutDil": 2113700000,
    "link": "https://www.sec.gov/Archives/edgar/data/831001/000083100120000044/0000831001-20-000044-index.htm",
    "finalLink": "https://www.sec.gov/Archives/edgar/data/831001/000083100120000044/c-3312020x10q.htm"
  },
  {
    "date": "2019-12-31",
    "symbol": "C",
    "reportedCurrency": "USD",
    "cik": "0000831001",
    "fillingDate": "2020-02-21",
    "acceptedDate": "2020-02-21 17:05:55",
    "calendarYear": "2019",
    "period": "Q4",
    "revenue": 24926000000,
    "costOfRevenue": 8745000000,
    "grossProfit": 16181000000,
    "grossProfitRatio": 0.6491615181,
    "researchAndDevelopmentExpenses": 0,
    "generalAndAdministrativeExpenses": 5090000000,
    "sellingAndMarketingExpenses": 345000000,
    "sellingGeneralAndAdministrativeExpenses": 5435000000,
    "otherExpenses": 5044000000,
    "operatingExpenses": 10479000000,
    "costAndExpenses": 19224000000,
    "interestIncome": 18545000000,
    "interestExpense": 6548000000,
    "depreciationAndAmortization": 1039000000,
    "ebitda": 6741000000,
    "ebitdaratio": 0.2704405039,
    "operatingIncome": 5702000000,
    "operatingIncomeRatio": 0.2287571211,
    "totalOtherIncomeExpensesNet": 0,
    "incomeBeforeTax": 5702000000,
    "incomeBeforeTaxRatio": 0.2287571211,
    "incomeTaxExpense": 703000000,
    "netIncome": 4979000000,
    "netIncomeRatio": 0.1997512637,
    "eps": 2.16,
    "epsdiluted": 2.14,
    "weightedAverageShsOut": 2149400000,
    "weightedAverageShsOutDil": 2166800000,
    "link": "https://www.sec.gov/Archives/edgar/data/831001/000083100120000031/0000831001-20-000031-index.htm",
    "finalLink": "https://www.sec.gov/Archives/edgar/data/831001/000083100120000031/c-12312019x10k.htm"
  },
  {
    "date": "2019-09-30",
    "symbol": "C",
    "reportedCurrency": "USD",
    "cik": "0000831001",
    "fillingDate": "2019-11-01",
    "acceptedDate": "2019-11-01 16:48:13",
    "calendarYear": "2019",
    "period": "Q3",
    "revenue": 26112000000,
    "costOfRevenue": 9607000000,
    "grossProfit": 16505000000,
    "grossProfitRatio": 0.6320848652,
    "researchAndDevelopmentExpenses": 0,
    "generalAndAdministrativeExpenses": 5346000000,
    "sellingAndMarketingExpenses": 378000000,
    "sellingGeneralAndAdministrativeExpenses": 5724000000,
    "otherExpenses": 4759000000,
    "operatingExpenses": 10483000000,
    "costAndExpenses": 20090000000,
    "interestIncome": 19177000000,
    "interestExpense": 7536000000,
    "depreciationAndAmortization": 983000000,
    "ebitda": 7005000000,
    "ebitdaratio": 0.2682674632,
    "operatingIncome": 6022000000,
    "operatingIncomeRatio": 0.2306219363,
    "totalOtherIncomeExpensesNet": 0,
    "incomeBeforeTax": 6022000000,
    "incomeBeforeTaxRatio": 0.2306219363,
    "incomeTaxExpense": 1079000000,
    "netIncome": 4913000000,
    "netIncomeRatio": 0.1881510417,
    "eps": 2.09,
    "epsdiluted": 2.08,
    "weightedAverageShsOut": 2220800000,
    "weightedAverageShsOutDil": 2237100000,
    "link": "https://www.sec.gov/Archives/edgar/data/831001/000083100119000105/0000831001-19-000105-index.htm",
    "finalLink": "https://www.sec.gov/Archives/edgar/data/831001/000083100119000105/c-9302019x10q.htm"
  },
  {
    "date": "2019-06-30",
    "symbol": "C",
    "reportedCurrency": "USD",
    "cik": "0000831001",
    "fillingDate": "2019-08-01",
    "acceptedDate": "2019-08-01 16:53:13",
    "calendarYear": "2019",
    "period": "Q2",
    "revenue": 26520000000,
    "costOfRevenue": 9836000000,
    "grossProfit": 16684000000,
    "grossProfitRatio": 0.6291101056,
    "researchAndDevelopmentExpenses": 0,
    "generalAndAdministrativeExpenses": 5400000000,
    "sellingAndMarketingExpenses": 434000000,
    "sellingGeneralAndAdministrativeExpenses": 5834000000,
    "otherExpenses": 4685000000,
    "operatingExpenses": 10519000000,
    "costAndExpenses": 20355000000,
    "interestIncome": 19712000000,
    "interestExpense": 7762000000,
    "depreciationAndAmortization": 952000000,
    "ebitda": 7117000000,
    "ebitdaratio": 0.2683634992,
    "operatingIncome": 6165000000,
    "operatingIncomeRatio": 0.2324660633,
    "totalOtherIncomeExpensesNet": 0,
    "incomeBeforeTax": 6165000000,
    "incomeBeforeTaxRatio": 0.2324660633,
    "incomeTaxExpense": 1373000000,
    "netIncome": 4799000000,
    "netIncomeRatio": 0.1809577677,
    "eps": 1.95,
    "epsdiluted": 1.95,
    "weightedAverageShsOut": 2286100000,
    "weightedAverageShsOutDil": 2289000000,
    "link": "https://www.sec.gov/Archives/edgar/data/831001/000083100119000073/0000831001-19-000073-index.htm",
    "finalLink": "https://www.sec.gov/Archives/edgar/data/831001/000083100119000073/c-6302019x10q.htm"
  },
  {
    "date": "2019-03-31",
    "symbol": "C",
    "reportedCurrency": "USD",
    "cik": "0000831001",
    "fillingDate": "2019-04-30",
    "acceptedDate": "2019-04-30 17:28:06",
    "calendarYear": "2019",
    "period": "Q1",
    "revenue": 25893000000,
    "costOfRevenue": 9285000000,
    "grossProfit": 16608000000,
    "grossProfitRatio": 0.641408875,
    "researchAndDevelopmentExpenses": 0,
    "generalAndAdministrativeExpenses": 5670000000,
    "sellingAndMarketingExpenses": 359000000,
    "sellingGeneralAndAdministrativeExpenses": 6029000000,
    "otherExpenses": 4567000000,
    "operatingExpenses": 10596000000,
    "costAndExpenses": 19881000000,
    "interestIncome": 19076000000,
    "interestExpense": 7317000000,
    "depreciationAndAmortization": 931000000,
    "ebitda": 6943000000,
    "ebitdaratio": 0.2681419689,
    "operatingIncome": 6012000000,
    "operatingIncomeRatio": 0.2321863052,
    "totalOtherIncomeExpensesNet": 0,
    "incomeBeforeTax": 6012000000,
    "incomeBeforeTaxRatio": 0.2321863052,
    "incomeTaxExpense": 1275000000,
    "netIncome": 4710000000,
    "netIncomeRatio": 0.1819024447,
    "eps": 1.88,
    "epsdiluted": 1.87,
    "weightedAverageShsOut": 2340400000,
    "weightedAverageShsOutDil": 2342400000,
    "link": "https://www.sec.gov/Archives/edgar/data/831001/000083100119000033/0000831001-19-000033-index.htm",
    "finalLink": "https://www.sec.gov/Archives/edgar/data/831001/000083100119000033/c-3312019x10q.htm"
  },
  {
    "date": "2018-12-31",
    "symbol": "C",
    "reportedCurrency": "USD",
    "cik": "0000831001",
    "fillingDate": "2019-02-22",
    "acceptedDate": "2019-02-22 16:50:54",
    "calendarYear": "2018",
    "period": "Q4",
    "revenue": 23977000000,
    "costOfRevenue": 8750000000,
    "grossProfit": 15227000000,
    "grossProfitRatio": 0.6350669392,
    "researchAndDevelopmentExpenses": 0,
    "generalAndAdministrativeExpenses": 4604000000,
    "sellingAndMarketingExpenses": 375000000,
    "sellingGeneralAndAdministrativeExpenses": 4979000000,
    "otherExpenses": 4942000000,
    "operatingExpenses": 9921000000,
    "costAndExpenses": 18671000000,
    "interestIncome": 18776000000,
    "interestExpense": 6853000000,
    "depreciationAndAmortization": 954000000,
    "ebitda": 6260000000,
    "ebitdaratio": 0.2610835384,
    "operatingIncome": 5306000000,
    "operatingIncomeRatio": 0.2212954081,
    "totalOtherIncomeExpensesNet": 0,
    "incomeBeforeTax": 5306000000,
    "incomeBeforeTaxRatio": 0.2212954081,
    "incomeTaxExpense": 1001000000,
    "netIncome": 4313000000,
    "netIncomeRatio": 0.179880719,
    "eps": 1.65,
    "epsdiluted": 1.64,
    "weightedAverageShsOut": 2401100000,
    "weightedAverageShsOutDil": 2402700000,
    "link": "https://www.sec.gov/Archives/edgar/data/831001/000083100119000027/0000831001-19-000027-index.htm",
    "finalLink": "https://www.sec.gov/Archives/edgar/data/831001/000083100119000027/c-12312018x10k.htm"
  },
  {
    "date": "2018-09-30",
    "symbol": "C",
    "reportedCurrency": "USD",
    "cik": "0000831001",
    "fillingDate": "2018-10-30",
    "acceptedDate": "2018-10-30 17:15:57",
    "calendarYear": "2018",
    "period": "Q3",
    "revenue": 24757000000,
    "costOfRevenue": 8316000000,
    "grossProfit": 16441000000,
    "grossProfitRatio": 0.6640950034,
    "researchAndDevelopmentExpenses": 0,
    "generalAndAdministrativeExpenses": 5345000000,
    "sellingAndMarketingExpenses": 378000000,
    "sellingGeneralAndAdministrativeExpenses": 5723000000,
    "otherExpenses": 4614000000,
    "operatingExpenses": 10337000000,
    "costAndExpenses": 18653000000,
    "interestIncome": 18170000000,
    "interestExpense": 6368000000,
    "depreciationAndAmortization": 945000000,
    "ebitda": 7049000000,
    "ebitdaratio": 0.2847275518,
    "operatingIncome": 6104000000,
    "operatingIncomeRatio": 0.2465565295,
    "totalOtherIncomeExpensesNet": 0,
    "incomeBeforeTax": 6104000000,
    "incomeBeforeTaxRatio": 0.2465565295,
    "incomeTaxExpense": 1471000000,
    "netIncome": 4622000000,
    "netIncomeRatio": 0.1866946722,
    "eps": 1.74,
    "epsdiluted": 1.73,
    "weightedAverageShsOut": 2479800000,
    "weightedAverageShsOutDil": 2481400000,
    "link": "https://www.sec.gov/Archives/edgar/data/831001/000083100118000131/0000831001-18-000131-index.htm",
    "finalLink": "https://www.sec.gov/Archives/edgar/data/831001/000083100118000131/c-9302018x10q.htm"
  },
  {
    "date": "2018-06-30",
    "symbol": "C",
    "reportedCurrency": "USD",
    "cik": "0000831001",
    "fillingDate": "2018-07-31",
    "acceptedDate": "2018-07-31 16:50:11",
    "calendarYear": "2018",
    "period": "Q2",
    "revenue": 24354000000,
    "costOfRevenue": 7676000000,
    "grossProfit": 16678000000,
    "grossProfitRatio": 0.684815636,
    "researchAndDevelopmentExpenses": 0,
    "generalAndAdministrativeExpenses": 5473000000,
    "sellingAndMarketingExpenses": 411000000,
    "sellingGeneralAndAdministrativeExpenses": 5884000000,
    "otherExpenses": 4849000000,
    "operatingExpenses": 10733000000,
    "costAndExpenses": 18409000000,
    "interestIncome": 17550000000,
    "interestExpense": 5885000000,
    "depreciationAndAmortization": 929000000,
    "ebitda": 6874000000,
    "ebitdaratio": 0.2822534286,
    "operatingIncome": 5945000000,
    "operatingIncomeRatio": 0.2441077441,
    "totalOtherIncomeExpensesNet": 0,
    "incomeBeforeTax": 5945000000,
    "incomeBeforeTaxRatio": 0.2441077441,
    "incomeTaxExpense": 1444000000,
    "netIncome": 4490000000,
    "netIncomeRatio": 0.1843639649,
    "eps": 1.63,
    "epsdiluted": 1.63,
    "weightedAverageShsOut": 2530900000,
    "weightedAverageShsOutDil": 2532300000,
    "link": "https://www.sec.gov/Archives/edgar/data/831001/000083100118000091/0000831001-18-000091-index.htm",
    "finalLink": "https://www.sec.gov/Archives/edgar/data/831001/000083100118000091/c-6302018x10q.htm"
  },
  {
    "date": "2018-03-31",
    "symbol": "C",
    "reportedCurrency": "USD",
    "cik": "0000831001",
    "fillingDate": "2018-05-01",
    "acceptedDate": "2018-05-01 17:06:06",
    "calendarYear": "2018",
    "period": "Q1",
    "revenue": 24032000000,
    "costOfRevenue": 6991000000,
    "grossProfit": 17041000000,
    "grossProfitRatio": 0.7090962051,
    "researchAndDevelopmentExpenses": 0,
    "generalAndAdministrativeExpenses": 5833000000,
    "sellingAndMarketingExpenses": 381000000,
    "sellingGeneralAndAdministrativeExpenses": 6214000000,
    "otherExpenses": 4737000000,
    "operatingExpenses": 10951000000,
    "costAndExpenses": 17942000000,
    "interestIncome": 16332000000,
    "interestExpense": 5160000000,
    "depreciationAndAmortization": 926000000,
    "ebitda": 7016000000,
    "ebitdaratio": 0.2919440746,
    "operatingIncome": 6090000000,
    "operatingIncomeRatio": 0.2534121172,
    "totalOtherIncomeExpensesNet": 0,
    "incomeBeforeTax": 6090000000,
    "incomeBeforeTaxRatio": 0.2534121172,
    "incomeTaxExpense": 1441000000,
    "netIncome": 4620000000,
    "netIncomeRatio": 0.1922436751,
    "eps": 1.68,
    "epsdiluted": 1.68,
    "weightedAverageShsOut": 2561600000,
    "weightedAverageShsOutDil": 2563000000,
    "link": "https://www.sec.gov/Archives/edgar/data/831001/000083100118000046/0000831001-18-000046-index.htm",
    "finalLink": "https://www.sec.gov/Archives/edgar/data/831001/000083100118000046/c-3312018x10q.htm"
  },
  {
    "date": "2017-12-31",
    "symbol": "C",
    "reportedCurrency": "USD",
    "cik": "0000831001",
    "fillingDate": "2018-02-23",
    "acceptedDate": "2018-02-23 08:44:36",
    "calendarYear": "2017",
    "period": "Q4",
    "revenue": 21791000000,
    "costOfRevenue": 6581000000,
    "grossProfit": 15210000000,
    "grossProfitRatio": 0.6979945849,
    "researchAndDevelopmentExpenses": 0,
    "generalAndAdministrativeExpenses": 4908000000,
    "sellingAndMarketingExpenses": 386000000,
    "sellingGeneralAndAdministrativeExpenses": 5294000000,
    "otherExpenses": 4817000000,
    "operatingExpenses": 10111000000,
    "costAndExpenses": 16692000000,
    "interestIncome": 15759000000,
    "interestExpense": 4536000000,
    "depreciationAndAmortization": 942000000,
    "ebitda": 6041000000,
    "ebitdaratio": 0.2772245422,
    "operatingIncome": 5099000000,
    "operatingIncomeRatio": 0.2339956863,
    "totalOtherIncomeExpensesNet": 0,
    "incomeBeforeTax": 5099000000,
    "incomeBeforeTaxRatio": 0.2339956863,
    "incomeTaxExpense": 23864000000,
    "netIncome": -18893000000,
    "netIncomeRatio": -0.8670093158,
    "eps": -7.33,
    "epsdiluted": -7.33,
    "weightedAverageShsOut": 2605680000,
    "weightedAverageShsOutDil": 2606200000,
    "link": "https://www.sec.gov/Archives/edgar/data/831001/000083100118000040/0000831001-18-000040-index.htm",
    "finalLink": "https://www.sec.gov/Archives/edgar/data/831001/000083100118000040/c-12312017x10k.htm"
  },
  {
    "date": "2017-09-30",
    "symbol": "C",
    "reportedCurrency": "USD",
    "cik": "0000831001",
    "fillingDate": "2017-10-31",
    "acceptedDate": "2017-10-31 16:25:32",
    "calendarYear": "2017",
    "period": "Q3",
    "revenue": 22798000000,
    "costOfRevenue": 6350000000,
    "grossProfit": 16448000000,
    "grossProfitRatio": 0.7214667953,
    "researchAndDevelopmentExpenses": 0,
    "generalAndAdministrativeExpenses": 5332000000,
    "sellingAndMarketingExpenses": 417000000,
    "sellingGeneralAndAdministrativeExpenses": 5749000000,
    "otherExpenses": 4696000000,
    "operatingExpenses": 10445000000,
    "costAndExpenses": 16795000000,
    "interestIncome": 15914000000,
    "interestExpense": 4379000000,
    "depreciationAndAmortization": 920000000,
    "ebitda": 6923000000,
    "ebitdaratio": 0.3036669883,
    "operatingIncome": 6003000000,
    "operatingIncomeRatio": 0.2633125713,
    "totalOtherIncomeExpensesNet": 0,
    "incomeBeforeTax": 6003000000,
    "incomeBeforeTaxRatio": 0.2633125713,
    "incomeTaxExpense": 1866000000,
    "netIncome": 4133000000,
    "netIncomeRatio": 0.1812878323,
    "eps": 1.42,
    "epsdiluted": 1.42,
    "weightedAverageShsOut": 2683600000,
    "weightedAverageShsOutDil": 2683700000,
    "link": "https://www.sec.gov/Archives/edgar/data/831001/000083100117000139/0000831001-17-000139-index.htm",
    "finalLink": "https://www.sec.gov/Archives/edgar/data/831001/000083100117000139/c-9302017x10q.htm"
  },
  {
    "date": "2017-06-30",
    "symbol": "C",
    "reportedCurrency": "USD",
    "cik": "0000831001",
    "fillingDate": "2017-08-01",
    "acceptedDate": "2017-08-01 16:44:04",
    "calendarYear": "2017",
    "period": "Q2",
    "revenue": 22303000000,
    "costOfRevenue": 5730000000,
    "grossProfit": 16573000000,
    "grossProfitRatio": 0.7430838901,
    "researchAndDevelopmentExpenses": 0,
    "generalAndAdministrativeExpenses": 5486000000,
    "sellingAndMarketingExpenses": 432000000,
    "sellingGeneralAndAdministrativeExpenses": 5918000000,
    "otherExpenses": 4977000000,
    "operatingExpenses": 10895000000,
    "costAndExpenses": 16625000000,
    "interestIncome": 15294000000,
    "interestExpense": 4036000000,
    "depreciationAndAmortization": 901000000,
    "ebitda": 6579000000,
    "ebitdaratio": 0.2949827377,
    "operatingIncome": 5678000000,
    "operatingIncomeRatio": 0.254584585,
    "totalOtherIncomeExpensesNet": 0,
    "incomeBeforeTax": 5678000000,
    "incomeBeforeTaxRatio": 0.254584585,
    "incomeTaxExpense": 1795000000,
    "netIncome": 3872000000,
    "netIncomeRatio": 0.1736089315,
    "eps": 1.28,
    "epsdiluted": 1.28,
    "weightedAverageShsOut": 2739100000,
    "weightedAverageShsOutDil": 2739200000,
    "link": "https://www.sec.gov/Archives/edgar/data/831001/000083100117000098/0000831001-17-000098-index.htm",
    "finalLink": "https://www.sec.gov/Archives/edgar/data/831001/000083100117000098/c-6302017x10q.htm"
  },
  {
    "date": "2017-03-31",
    "symbol": "C",
    "reportedCurrency": "USD",
    "cik": "0000831001",
    "fillingDate": "2017-05-01",
    "acceptedDate": "2017-05-01 16:36:21",
    "calendarYear": "2017",
    "period": "Q1",
    "revenue": 21932000000,
    "costOfRevenue": 5198000000,
    "grossProfit": 16734000000,
    "grossProfitRatio": 0.7629947109,
    "researchAndDevelopmentExpenses": 0,
    "generalAndAdministrativeExpenses": 5564000000,
    "sellingAndMarketingExpenses": 373000000,
    "sellingGeneralAndAdministrativeExpenses": 5937000000,
    "otherExpenses": 4816000000,
    "operatingExpenses": 10753000000,
    "costAndExpenses": 15951000000,
    "interestIncome": 14521000000,
    "interestExpense": 3566000000,
    "depreciationAndAmortization": 896000000,
    "ebitda": 6877000000,
    "ebitdaratio": 0.3135600948,
    "operatingIncome": 5981000000,
    "operatingIncomeRatio": 0.2727065475,
    "totalOtherIncomeExpensesNet": 0,
    "incomeBeforeTax": 5981000000,
    "incomeBeforeTaxRatio": 0.2727065475,
    "incomeTaxExpense": 1863000000,
    "netIncome": 4090000000,
    "netIncomeRatio": 0.1864855006,
    "eps": 1.35,
    "epsdiluted": 1.35,
    "weightedAverageShsOut": 2765300000,
    "weightedAverageShsOutDil": 2765500000,
    "link": "https://www.sec.gov/Archives/edgar/data/831001/000083100117000048/0000831001-17-000048-index.htm",
    "finalLink": "https://www.sec.gov/Archives/edgar/data/831001/000083100117000048/c-3312017x10q.htm"
  },
  {
    "date": "2016-12-31",
    "symbol": "C",
    "reportedCurrency": "USD",
    "cik": "0000831001",
    "fillingDate": "2017-02-24",
    "acceptedDate": "2017-02-24 16:46:05",
    "calendarYear": "2016",
    "period": "Q4",
    "revenue": 20289000000,
    "costOfRevenue": 5037000000,
    "grossProfit": 15252000000,
    "grossProfitRatio": 0.7517373946,
    "researchAndDevelopmentExpenses": 0,
    "generalAndAdministrativeExpenses": 5014000000,
    "sellingAndMarketingExpenses": 406000000,
    "sellingGeneralAndAdministrativeExpenses": 5420000000,
    "otherExpenses": 4732000000,
    "operatingExpenses": 10152000000,
    "costAndExpenses": 15189000000,
    "interestIncome": 14439000000,
    "interestExpense": 3277000000,
    "depreciationAndAmortization": 1006000000,
    "ebitda": 6106000000,
    "ebitdaratio": 0.3009512544,
    "operatingIncome": 5100000000,
    "operatingIncomeRatio": 0.2513677362,
    "totalOtherIncomeExpensesNet": 0,
    "incomeBeforeTax": 5100000000,
    "incomeBeforeTaxRatio": 0.2513677362,
    "incomeTaxExpense": 1509000000,
    "netIncome": 3573000000,
    "netIncomeRatio": 0.1761052787,
    "eps": 1.14,
    "epsdiluted": 1.14,
    "weightedAverageShsOut": 2813800000,
    "weightedAverageShsOutDil": 2814200000,
    "link": "https://www.sec.gov/Archives/edgar/data/831001/000083100117000038/0000831001-17-000038-index.htm",
    "finalLink": "https://www.sec.gov/Archives/edgar/data/831001/000083100117000038/c-12312016x10k.htm"
  },
  {
    "date": "2016-09-30",
    "symbol": "C",
    "reportedCurrency": "USD",
    "cik": "0000831001",
    "fillingDate": "2016-10-31",
    "acceptedDate": "2016-10-31 08:27:30",
    "calendarYear": "2016",
    "period": "Q3",
    "revenue": 20934000000,
    "costOfRevenue": 4875000000,
    "grossProfit": 16059000000,
    "grossProfitRatio": 0.7671252508,
    "researchAndDevelopmentExpenses": 0,
    "generalAndAdministrativeExpenses": 5238000000,
    "sellingAndMarketingExpenses": 403000000,
    "sellingGeneralAndAdministrativeExpenses": 5641000000,
    "otherExpenses": 4798000000,
    "operatingExpenses": 10439000000,
    "costAndExpenses": 15314000000,
    "interestIncome": 14653000000,
    "interestExpense": 3174000000,
    "depreciationAndAmortization": 938000000,
    "ebitda": 6558000000,
    "ebitdaratio": 0.313270278,
    "operatingIncome": 5620000000,
    "operatingIncomeRatio": 0.2684627878,
    "totalOtherIncomeExpensesNet": 0,
    "incomeBeforeTax": 5620000000,
    "incomeBeforeTaxRatio": 0.2684627878,
    "incomeTaxExpense": 1733000000,
    "netIncome": 3840000000,
    "netIncomeRatio": 0.1834336486,
    "eps": 1.24,
    "epsdiluted": 1.24,
    "weightedAverageShsOut": 2879900000,
    "weightedAverageShsOutDil": 2880100000,
    "link": "https://www.sec.gov/Archives/edgar/data/831001/000083100116000334/0000831001-16-000334-index.htm",
    "finalLink": "https://www.sec.gov/Archives/edgar/data/831001/000083100116000334/c-9302016x10q.htm"
  },
  {
    "date": "2016-06-30",
    "symbol": "C",
    "reportedCurrency": "USD",
    "cik": "0000831001",
    "fillingDate": "2016-08-01",
    "acceptedDate": "2016-08-01 08:25:56",
    "calendarYear": "2016",
    "period": "Q2",
    "revenue": 20668000000,
    "costOfRevenue": 4480000000,
    "grossProfit": 16188000000,
    "grossProfitRatio": 0.783239791,
    "researchAndDevelopmentExpenses": 0,
    "generalAndAdministrativeExpenses": 5278000000,
    "sellingAndMarketingExpenses": 433000000,
    "sellingGeneralAndAdministrativeExpenses": 5711000000,
    "otherExpenses": 4707000000,
    "operatingExpenses": 10418000000,
    "costAndExpenses": 14898000000,
    "interestIncome": 14356000000,
    "interestExpense": 3120000000,
    "depreciationAndAmortization": 868000000,
    "ebitda": 6638000000,
    "ebitdaratio": 0.3211728276,
    "operatingIncome": 5770000000,
    "operatingIncomeRatio": 0.2791755371,
    "totalOtherIncomeExpensesNet": 0,
    "incomeBeforeTax": 5770000000,
    "incomeBeforeTaxRatio": 0.2791755371,
    "incomeTaxExpense": 1723000000,
    "netIncome": 3998000000,
    "netIncomeRatio": 0.193439133,
    "eps": 1.25,
    "epsdiluted": 1.24,
    "weightedAverageShsOut": 2915800000,
    "weightedAverageShsOutDil": 2915900000,
    "link": "https://www.sec.gov/Archives/edgar/data/831001/000083100116000292/0000831001-16-000292-index.htm",
    "finalLink": "https://www.sec.gov/Archives/edgar/data/831001/000083100116000292/c-6302016x10q.htm"
  },
  {
    "date": "2016-03-31",
    "symbol": "C",
    "reportedCurrency": "USD",
    "cik": "0000831001",
    "fillingDate": "2016-05-02",
    "acceptedDate": "2016-05-02 16:49:25",
    "calendarYear": "2016",
    "period": "Q1",
    "revenue": 20495000000,
    "costOfRevenue": 4897000000,
    "grossProfit": 15598000000,
    "grossProfitRatio": 0.7610636741,
    "researchAndDevelopmentExpenses": 0,
    "generalAndAdministrativeExpenses": 5644000000,
    "sellingAndMarketingExpenses": 390000000,
    "sellingGeneralAndAdministrativeExpenses": 6034000000,
    "otherExpenses": 4577000000,
    "operatingExpenses": 10611000000,
    "costAndExpenses": 15508000000,
    "interestIncome": 14167000000,
    "interestExpense": 2940000000,
    "depreciationAndAmortization": 908000000,
    "ebitda": 5895000000,
    "ebitdaratio": 0.2876311295,
    "operatingIncome": 4987000000,
    "operatingIncomeRatio": 0.2433276409,
    "totalOtherIncomeExpensesNet": 0,
    "incomeBeforeTax": 4987000000,
    "incomeBeforeTaxRatio": 0.2433276409,
    "incomeTaxExpense": 1479000000,
    "netIncome": 3501000000,
    "netIncomeRatio": 0.1708221517,
    "eps": 1.11,
    "epsdiluted": 1.1,
    "weightedAverageShsOut": 2943000000,
    "weightedAverageShsOutDil": 2943100000,
    "link": "https://www.sec.gov/Archives/edgar/data/831001/000083100116000241/0000831001-16-000241-index.htm",
    "finalLink": "https://www.sec.gov/Archives/edgar/data/831001/000083100116000241/c-3312016x10q.htm"
  },
  {
    "date": "2015-12-31",
    "symbol": "C",
    "reportedCurrency": "USD",
    "cik": "0000831001",
    "fillingDate": "2016-02-26",
    "acceptedDate": "2016-02-26 16:45:11",
    "calendarYear": "2015",
    "period": "Q4",
    "revenue": 21357000000,
    "costOfRevenue": 5251000000,
    "grossProfit": 16106000000,
    "grossProfitRatio": 0.7541321347,
    "researchAndDevelopmentExpenses": 0,
    "generalAndAdministrativeExpenses": 5609000000,
    "sellingAndMarketingExpenses": 371000000,
    "sellingGeneralAndAdministrativeExpenses": 5980000000,
    "otherExpenses": 5318000000,
    "operatingExpenses": 11298000000,
    "costAndExpenses": 16549000000,
    "interestIncome": 14364000000,
    "interestExpense": 2901000000,
    "depreciationAndAmortization": 874000000,
    "ebitda": 5682000000,
    "ebitdaratio": 0.2660486023,
    "operatingIncome": 4808000000,
    "operatingIncomeRatio": 0.2251252517,
    "totalOtherIncomeExpensesNet": 0,
    "incomeBeforeTax": 4808000000,
    "incomeBeforeTaxRatio": 0.2251252517,
    "incomeTaxExpense": 1403000000,
    "netIncome": 3335000000,
    "netIncomeRatio": 0.1561548907,
    "eps": 1.04,
    "epsdiluted": 1.02,
    "weightedAverageShsOut": 2968300000,
    "weightedAverageShsOutDil": 2969500000,
    "link": "https://www.sec.gov/Archives/edgar/data/831001/000083100116000235/0000831001-16-000235-index.htm",
    "finalLink": "https://www.sec.gov/Archives/edgar/data/831001/000083100116000235/c-12312015x10k.htm"
  },
  {
    "date": "2015-09-30",
    "symbol": "C",
    "reportedCurrency": "USD",
    "cik": "0000831001",
    "fillingDate": "2015-10-30",
    "acceptedDate": "2015-10-30 16:25:44",
    "calendarYear": "2015",
    "period": "Q3",
    "revenue": 21633000000,
    "costOfRevenue": 4588000000,
    "grossProfit": 17045000000,
    "grossProfitRatio": 0.7879166089,
    "researchAndDevelopmentExpenses": 0,
    "generalAndAdministrativeExpenses": 5510000000,
    "sellingAndMarketingExpenses": 391000000,
    "sellingGeneralAndAdministrativeExpenses": 5901000000,
    "otherExpenses": 4957000000,
    "operatingExpenses": 10858000000,
    "costAndExpenses": 15446000000,
    "interestIncome": 14714000000,
    "interestExpense": 2941000000,
    "depreciationAndAmortization": 865000000,
    "ebitda": 7052000000,
    "ebitdaratio": 0.3259834512,
    "operatingIncome": 6187000000,
    "operatingIncomeRatio": 0.2859982434,
    "totalOtherIncomeExpensesNet": 0,
    "incomeBeforeTax": 6187000000,
    "incomeBeforeTaxRatio": 0.2859982434,
    "incomeTaxExpense": 1881000000,
    "netIncome": 4291000000,
    "netIncomeRatio": 0.198354366,
    "eps": 1.36,
    "epsdiluted": 1.36,
    "weightedAverageShsOut": 2993300000,
    "weightedAverageShsOutDil": 2996900000,
    "link": "https://www.sec.gov/Archives/edgar/data/831001/000083100115000157/0000831001-15-000157-index.htm",
    "finalLink": "https://www.sec.gov/Archives/edgar/data/831001/000083100115000157/c-9302015x10q.htm"
  },
  {
    "date": "2015-06-30",
    "symbol": "C",
    "reportedCurrency": "USD",
    "cik": "0000831001",
    "fillingDate": "2015-08-03",
    "acceptedDate": "2015-08-03 08:11:03",
    "calendarYear": "2015",
    "period": "Q2",
    "revenue": 22521000000,
    "costOfRevenue": 4518000000,
    "grossProfit": 18003000000,
    "grossProfitRatio": 0.7993872386,
    "researchAndDevelopmentExpenses": 0,
    "generalAndAdministrativeExpenses": 5664000000,
    "sellingAndMarketingExpenses": 393000000,
    "sellingGeneralAndAdministrativeExpenses": 6057000000,
    "otherExpenses": 5052000000,
    "operatingExpenses": 11109000000,
    "costAndExpenses": 15627000000,
    "interestIncome": 14873000000,
    "interestExpense": 3051000000,
    "depreciationAndAmortization": 882000000,
    "ebitda": 7776000000,
    "ebitdaratio": 0.3452777408,
    "operatingIncome": 6894000000,
    "operatingIncomeRatio": 0.3061142933,
    "totalOtherIncomeExpensesNet": 0,
    "incomeBeforeTax": 6894000000,
    "incomeBeforeTaxRatio": 0.3061142933,
    "incomeTaxExpense": 2036000000,
    "netIncome": 4846000000,
    "netIncomeRatio": 0.215176946,
    "eps": 1.51,
    "epsdiluted": 1.51,
    "weightedAverageShsOut": 3020000000,
    "weightedAverageShsOutDil": 3025000000,
    "link": "https://www.sec.gov/Archives/edgar/data/831001/000083100115000111/0000831001-15-000111-index.htm",
    "finalLink": "https://www.sec.gov/Archives/edgar/data/831001/000083100115000111/c-6302015x10q.htm"
  },
  {
    "date": "2015-03-31",
    "symbol": "C",
    "reportedCurrency": "USD",
    "cik": "0000831001",
    "fillingDate": "2015-05-11",
    "acceptedDate": "2015-05-11 08:48:46",
    "calendarYear": "2015",
    "period": "Q1",
    "revenue": 22764000000,
    "costOfRevenue": 4746000000,
    "grossProfit": 18018000000,
    "grossProfitRatio": 0.7915129151,
    "researchAndDevelopmentExpenses": 0,
    "generalAndAdministrativeExpenses": 5717000000,
    "sellingAndMarketingExpenses": 392000000,
    "sellingGeneralAndAdministrativeExpenses": 6109000000,
    "otherExpenses": 4972000000,
    "operatingExpenses": 11081000000,
    "costAndExpenses": 15827000000,
    "interestIncome": 14600000000,
    "interestExpense": 3028000000,
    "depreciationAndAmortization": 885000000,
    "ebitda": 7822000000,
    "ebitdaratio": 0.3436127218,
    "operatingIncome": 6937000000,
    "operatingIncomeRatio": 0.3047355474,
    "totalOtherIncomeExpensesNet": 0,
    "incomeBeforeTax": 6937000000,
    "incomeBeforeTaxRatio": 0.3047355474,
    "incomeTaxExpense": 2120000000,
    "netIncome": 4770000000,
    "netIncomeRatio": 0.2095413811,
    "eps": 1.51,
    "epsdiluted": 1.51,
    "weightedAverageShsOut": 3034200000,
    "weightedAverageShsOutDil": 3039300000,
    "link": "https://www.sec.gov/Archives/edgar/data/831001/000083100115000056/0000831001-15-000056-index.htm",
    "finalLink": "https://www.sec.gov/Archives/edgar/data/831001/000083100115000056/c-3312015x10q.htm"
  },
  {
    "date": "2014-12-31",
    "symbol": "C",
    "reportedCurrency": "USD",
    "cik": "0000831001",
    "fillingDate": "2015-02-25",
    "acceptedDate": "2015-02-25 17:06:00",
    "calendarYear": "2014",
    "period": "Q4",
    "revenue": 20971000000,
    "costOfRevenue": 4371000000,
    "grossProfit": 16600000000,
    "grossProfitRatio": 0.79156931,
    "researchAndDevelopmentExpenses": 0,
    "generalAndAdministrativeExpenses": 6608000000,
    "sellingAndMarketingExpenses": 484000000,
    "sellingGeneralAndAdministrativeExpenses": 7092000000,
    "otherExpenses": 8135000000,
    "operatingExpenses": 15227000000,
    "costAndExpenses": 19598000000,
    "interestIncome": 15260000000,
    "interestExpense": 3159000000,
    "depreciationAndAmortization": 916000000,
    "ebitda": 2289000000,
    "ebitdaratio": 0.109150732,
    "operatingIncome": 1373000000,
    "operatingIncomeRatio": 0.0654713652,
    "totalOtherIncomeExpensesNet": 0,
    "incomeBeforeTax": 1373000000,
    "incomeBeforeTaxRatio": 0.0654713652,
    "incomeTaxExpense": 991000000,
    "netIncome": 350000000,
    "netIncomeRatio": 0.0166897144,
    "eps": 0.0605,
    "epsdiluted": 0.0604,
    "weightedAverageShsOut": 3025600000,
    "weightedAverageShsOutDil": 3031500000,
    "link": "https://www.sec.gov/Archives/edgar/data/831001/000083100115000043/0000831001-15-000043-index.htm",
    "finalLink": "https://www.sec.gov/Archives/edgar/data/831001/000083100115000043/c-12312014x10k.htm"
  },
  {
    "date": "2014-09-30",
    "symbol": "C",
    "reportedCurrency": "USD",
    "cik": "0000831001",
    "fillingDate": "2014-10-30",
    "acceptedDate": "2014-10-30 16:44:08",
    "calendarYear": "2014",
    "period": "Q3",
    "revenue": 23014000000,
    "costOfRevenue": 4870000000,
    "grossProfit": 18144000000,
    "grossProfitRatio": 0.7883896758,
    "researchAndDevelopmentExpenses": 0,
    "generalAndAdministrativeExpenses": 6319000000,
    "sellingAndMarketingExpenses": 442000000,
    "sellingGeneralAndAdministrativeExpenses": 6761000000,
    "otherExpenses": 6399000000,
    "operatingExpenses": 13160000000,
    "costAndExpenses": 18030000000,
    "interestIncome": 15512000000,
    "interestExpense": 3325000000,
    "depreciationAndAmortization": 934000000,
    "ebitda": 5918000000,
    "ebitdaratio": 0.2571478231,
    "operatingIncome": 4984000000,
    "operatingIncomeRatio": 0.2165638307,
    "totalOtherIncomeExpensesNet": 0,
    "incomeBeforeTax": 4984000000,
    "incomeBeforeTaxRatio": 0.2165638307,
    "incomeTaxExpense": 2068000000,
    "netIncome": 2841000000,
    "netIncomeRatio": 0.1234465977,
    "eps": 0.89,
    "epsdiluted": 0.88,
    "weightedAverageShsOut": 3029500000,
    "weightedAverageShsOutDil": 3034800000,
    "link": "https://www.sec.gov/Archives/edgar/data/831001/000083100114000136/0000831001-14-000136-index.htm",
    "finalLink": "https://www.sec.gov/Archives/edgar/data/831001/000083100114000136/c-9302014x10q.htm"
  },
  {
    "date": "2014-06-30",
    "symbol": "C",
    "reportedCurrency": "USD",
    "cik": "0000831001",
    "fillingDate": "2014-08-01",
    "acceptedDate": "2014-08-01 07:49:15",
    "calendarYear": "2014",
    "period": "Q2",
    "revenue": 23040000000,
    "costOfRevenue": 5163000000,
    "grossProfit": 17877000000,
    "grossProfitRatio": 0.7759114583,
    "researchAndDevelopmentExpenses": 0,
    "generalAndAdministrativeExpenses": 6210000000,
    "sellingAndMarketingExpenses": 460000000,
    "sellingGeneralAndAdministrativeExpenses": 6670000000,
    "otherExpenses": 9033000000,
    "operatingExpenses": 15703000000,
    "costAndExpenses": 20866000000,
    "interestIncome": 15561000000,
    "interestExpense": 3615000000,
    "depreciationAndAmortization": 896000000,
    "ebitda": 3070000000,
    "ebitdaratio": 0.1332465278,
    "operatingIncome": 2174000000,
    "operatingIncomeRatio": 0.0943576389,
    "totalOtherIncomeExpensesNet": 0,
    "incomeBeforeTax": 2174000000,
    "incomeBeforeTaxRatio": 0.0943576389,
    "incomeTaxExpense": 1921000000,
    "netIncome": 181000000,
    "netIncomeRatio": 0.0078559028,
    "eps": 0.03,
    "epsdiluted": 0.03,
    "weightedAverageShsOut": 3033800000,
    "weightedAverageShsOutDil": 3038300000,
    "link": "https://www.sec.gov/Archives/edgar/data/831001/000083100114000082/0000831001-14-000082-index.htm",
    "finalLink": "https://www.sec.gov/Archives/edgar/data/831001/000083100114000082/c-6302014x10q.htm"
  },
  {
    "date": "2014-03-31",
    "symbol": "C",
    "reportedCurrency": "USD",
    "cik": "0000831001",
    "fillingDate": "2014-05-02",
    "acceptedDate": "2014-05-02 07:53:33",
    "calendarYear": "2014",
    "period": "Q1",
    "revenue": 23797000000,
    "costOfRevenue": 5357000000,
    "grossProfit": 18440000000,
    "grossProfitRatio": 0.7748875909,
    "researchAndDevelopmentExpenses": 0,
    "generalAndAdministrativeExpenses": 6218000000,
    "sellingAndMarketingExpenses": 458000000,
    "sellingGeneralAndAdministrativeExpenses": 6676000000,
    "otherExpenses": 5681000000,
    "operatingExpenses": 12357000000,
    "costAndExpenses": 17714000000,
    "interestIncome": 15350000000,
    "interestExpense": 3591000000,
    "depreciationAndAmortization": 843000000,
    "ebitda": 6926000000,
    "ebitdaratio": 0.2910450897,
    "operatingIncome": 6083000000,
    "operatingIncomeRatio": 0.2556204564,
    "totalOtherIncomeExpensesNet": 0,
    "incomeBeforeTax": 6083000000,
    "incomeBeforeTaxRatio": 0.2556204564,
    "incomeTaxExpense": 2131000000,
    "netIncome": 3944000000,
    "netIncomeRatio": 0.1657351767,
    "eps": 1.23,
    "epsdiluted": 1.23,
    "weightedAverageShsOut": 3037400000,
    "weightedAverageShsOutDil": 3043300000,
    "link": "https://www.sec.gov/Archives/edgar/data/831001/000110465914033774/0001104659-14-033774-index.htm",
    "finalLink": "https://www.sec.gov/Archives/edgar/data/831001/000110465914033774/a14-8737_110q.htm"
  },
  {
    "date": "2013-12-31",
    "symbol": "C",
    "reportedCurrency": "USD",
    "cik": "0000831001",
    "fillingDate": "2014-03-03",
    "acceptedDate": "2014-03-03 07:57:17",
    "calendarYear": "2013",
    "period": "Q4",
    "revenue": 21517000000,
    "costOfRevenue": 4979000000,
    "grossProfit": 16538000000,
    "grossProfitRatio": 0.7686015709,
    "researchAndDevelopmentExpenses": 0,
    "generalAndAdministrativeExpenses": 6559000000,
    "sellingAndMarketingExpenses": 501000000,
    "sellingGeneralAndAdministrativeExpenses": 7060000000,
    "otherExpenses": 6063000000,
    "operatingExpenses": 13123000000,
    "costAndExpenses": 18102000000,
    "interestIncome": 15707000000,
    "interestExpense": 3737000000,
    "depreciationAndAmortization": 852000000,
    "ebitda": 4267000000,
    "ebitdaratio": 0.1983083144,
    "operatingIncome": 3415000000,
    "operatingIncomeRatio": 0.1587117163,
    "totalOtherIncomeExpensesNet": 0,
    "incomeBeforeTax": 3415000000,
    "incomeBeforeTaxRatio": 0.1587117163,
    "incomeTaxExpense": 1090000000,
    "netIncome": 2456000000,
    "netIncomeRatio": 0.1141423061,
    "eps": 0.71,
    "epsdiluted": 0.76,
    "weightedAverageShsOut": 3028000000,
    "weightedAverageShsOutDil": 3034600000,
    "link": "https://www.sec.gov/Archives/edgar/data/831001/000110465914015152/0001104659-14-015152-index.htm",
    "finalLink": "https://www.sec.gov/Archives/edgar/data/831001/000110465914015152/a14-3681_610k.htm"
  },
  {
    "date": "2013-09-30",
    "symbol": "C",
    "reportedCurrency": "USD",
    "cik": "0000831001",
    "fillingDate": "2013-11-01",
    "acceptedDate": "2013-11-01 08:22:53",
    "calendarYear": "2013",
    "period": "Q3",
    "revenue": 21856000000,
    "costOfRevenue": 5911000000,
    "grossProfit": 15945000000,
    "grossProfitRatio": 0.7295479502,
    "researchAndDevelopmentExpenses": 0,
    "generalAndAdministrativeExpenses": 5828000000,
    "sellingAndMarketingExpenses": 458000000,
    "sellingGeneralAndAdministrativeExpenses": 6286000000,
    "otherExpenses": 5393000000,
    "operatingExpenses": 11679000000,
    "costAndExpenses": 17590000000,
    "interestIncome": 15463000000,
    "interestExpense": 3952000000,
    "depreciationAndAmortization": 1430000000,
    "ebitda": 5696000000,
    "ebitdaratio": 0.2606149341,
    "operatingIncome": 4266000000,
    "operatingIncomeRatio": 0.1951866764,
    "totalOtherIncomeExpensesNet": 0,
    "incomeBeforeTax": 4266000000,
    "incomeBeforeTaxRatio": 0.1951866764,
    "incomeTaxExpense": 1080000000,
    "netIncome": 3227000000,
    "netIncomeRatio": 0.147648243,
    "eps": 0.98,
    "epsdiluted": 1,
    "weightedAverageShsOut": 3034300000,
    "weightedAverageShsOutDil": 3040900000,
    "link": "https://www.sec.gov/Archives/edgar/data/831001/000104746913010160/0001047469-13-010160-index.htm",
    "finalLink": "https://www.sec.gov/Archives/edgar/data/831001/000104746913010160/a2217172z10-q.htm"
  },
  {
    "date": "2013-06-30",
    "symbol": "C",
    "reportedCurrency": "USD",
    "cik": "0000831001",
    "fillingDate": "2013-08-02",
    "acceptedDate": "2013-08-02 08:06:57",
    "calendarYear": "2013",
    "period": "Q2",
    "revenue": 24646000000,
    "costOfRevenue": 6182000000,
    "grossProfit": 18464000000,
    "grossProfitRatio": 0.749168222,
    "researchAndDevelopmentExpenses": 0,
    "generalAndAdministrativeExpenses": 6075000000,
    "sellingAndMarketingExpenses": 480000000,
    "sellingGeneralAndAdministrativeExpenses": 6555000000,
    "otherExpenses": 5594000000,
    "operatingExpenses": 12149000000,
    "costAndExpenses": 18331000000,
    "interestIncome": 15840000000,
    "interestExpense": 4158000000,
    "depreciationAndAmortization": 818000000,
    "ebitda": 7133000000,
    "ebitdaratio": 0.2894181612,
    "operatingIncome": 6315000000,
    "operatingIncomeRatio": 0.2562281912,
    "totalOtherIncomeExpensesNet": 0,
    "incomeBeforeTax": 6315000000,
    "incomeBeforeTaxRatio": 0.2562281912,
    "incomeTaxExpense": 2127000000,
    "netIncome": 4182000000,
    "netIncomeRatio": 0.1696827071,
    "eps": 1.34,
    "epsdiluted": 1.34,
    "weightedAverageShsOut": 3040700000,
    "weightedAverageShsOutDil": 3046300000,
    "link": "https://www.sec.gov/Archives/edgar/data/831001/000104746913008011/0001047469-13-008011-index.htm",
    "finalLink": "https://www.sec.gov/Archives/edgar/data/831001/000104746913008011/a2216163z10-q.htm"
  },
  {
    "date": "2013-03-31",
    "symbol": "C",
    "reportedCurrency": "USD",
    "cik": "0000831001",
    "fillingDate": "2013-05-03",
    "acceptedDate": "2013-05-03 08:10:21",
    "calendarYear": "2013",
    "period": "Q1",
    "revenue": 24578000000,
    "costOfRevenue": 6789000000,
    "grossProfit": 17789000000,
    "grossProfitRatio": 0.7237773619,
    "researchAndDevelopmentExpenses": 0,
    "generalAndAdministrativeExpenses": 6335000000,
    "sellingAndMarketingExpenses": 449000000,
    "sellingGeneralAndAdministrativeExpenses": 6784000000,
    "otherExpenses": 5504000000,
    "operatingExpenses": 12288000000,
    "costAndExpenses": 19077000000,
    "interestIncome": 15960000000,
    "interestExpense": 4330000000,
    "depreciationAndAmortization": 807000000,
    "ebitda": 6308000000,
    "ebitdaratio": 0.2566522907,
    "operatingIncome": 5501000000,
    "operatingIncomeRatio": 0.2238180487,
    "totalOtherIncomeExpensesNet": 0,
    "incomeBeforeTax": 5501000000,
    "incomeBeforeTaxRatio": 0.2238180487,
    "incomeTaxExpense": 1570000000,
    "netIncome": 3808000000,
    "netIncomeRatio": 0.154935308,
    "eps": 1.24,
    "epsdiluted": 1.23,
    "weightedAverageShsOut": 3040100000,
    "weightedAverageShsOutDil": 3044700000,
    "link": "https://www.sec.gov/Archives/edgar/data/831001/000104746913005492/0001047469-13-005492-index.htm",
    "finalLink": "https://www.sec.gov/Archives/edgar/data/831001/000104746913005492/a2214911z10-q.htm"
  },
  {
    "date": "2012-12-31",
    "symbol": "C",
    "reportedCurrency": "USD",
    "cik": "0000831001",
    "fillingDate": "2013-03-01",
    "acceptedDate": "2013-03-01 07:49:35",
    "calendarYear": "2012",
    "period": "Q4",
    "revenue": 22802000000,
    "costOfRevenue": 6940000000,
    "grossProfit": 15862000000,
    "grossProfitRatio": 0.6956407333,
    "researchAndDevelopmentExpenses": 0,
    "generalAndAdministrativeExpenses": 3119000000,
    "sellingAndMarketingExpenses": 525000000,
    "sellingGeneralAndAdministrativeExpenses": 3644000000,
    "otherExpenses": 11088000000,
    "operatingExpenses": 14732000000,
    "costAndExpenses": 21672000000,
    "interestIncome": 16778000000,
    "interestExpense": 4628000000,
    "depreciationAndAmortization": 243000000,
    "ebitda": 1373000000,
    "ebitdaratio": 0.0602140163,
    "operatingIncome": 1130000000,
    "operatingIncomeRatio": 0.0495570564,
    "totalOtherIncomeExpensesNet": 0,
    "incomeBeforeTax": 1130000000,
    "incomeBeforeTaxRatio": 0.0495570564,
    "incomeTaxExpense": -206000000,
    "netIncome": 1196000000,
    "netIncomeRatio": 0.0524515393,
    "eps": 0.41,
    "epsdiluted": 0.41,
    "weightedAverageShsOut": 2942700000,
    "weightedAverageShsOutDil": 3017000000,
    "link": "https://www.sec.gov/Archives/edgar/data/831001/000120677413000852/0001206774-13-000852-index.htm",
    "finalLink": "https://www.sec.gov/Archives/edgar/data/831001/000120677413000852/citigroup_10k.htm"
  },
  {
    "date": "2012-09-30",
    "symbol": "C",
    "reportedCurrency": "USD",
    "cik": "0000831001",
    "fillingDate": "2012-11-06",
    "acceptedDate": "2012-11-06 08:40:06",
    "calendarYear": "2012",
    "period": "Q3",
    "revenue": 18729000000,
    "costOfRevenue": 7646000000,
    "grossProfit": 11083000000,
    "grossProfitRatio": 0.5917561002,
    "researchAndDevelopmentExpenses": 0,
    "generalAndAdministrativeExpenses": 6113000000,
    "sellingAndMarketingExpenses": 589000000,
    "sellingGeneralAndAdministrativeExpenses": 6702000000,
    "otherExpenses": 5390000000,
    "operatingExpenses": 12092000000,
    "costAndExpenses": 19738000000,
    "interestIncome": 16737000000,
    "interestExpense": 5026000000,
    "depreciationAndAmortization": 752000000,
    "ebitda": -257000000,
    "ebitdaratio": -0.0137220353,
    "operatingIncome": -1009000000,
    "operatingIncomeRatio": -0.0538736718,
    "totalOtherIncomeExpensesNet": 0,
    "incomeBeforeTax": -1009000000,
    "incomeBeforeTaxRatio": -0.0538736718,
    "incomeTaxExpense": -1494000000,
    "netIncome": 468000000,
    "netIncomeRatio": 0.0249879865,
    "eps": 0.15,
    "epsdiluted": 0.16,
    "weightedAverageShsOut": 2926800000,
    "weightedAverageShsOutDil": 2926800000,
    "link": "https://www.sec.gov/Archives/edgar/data/831001/000104746912010096/0001047469-12-010096-index.htm",
    "finalLink": "https://www.sec.gov/Archives/edgar/data/831001/000104746912010096/a2211642z10-q.htm"
  },
  {
    "date": "2012-06-30",
    "symbol": "C",
    "reportedCurrency": "USD",
    "cik": "0000831001",
    "fillingDate": "2012-08-03",
    "acceptedDate": "2012-08-03 16:19:01",
    "calendarYear": "2012",
    "period": "Q2",
    "revenue": 23730000000,
    "costOfRevenue": 8039000000,
    "grossProfit": 15691000000,
    "grossProfitRatio": 0.6612305099,
    "researchAndDevelopmentExpenses": 0,
    "generalAndAdministrativeExpenses": 6110000000,
    "sellingAndMarketingExpenses": 576000000,
    "sellingGeneralAndAdministrativeExpenses": 6686000000,
    "otherExpenses": 5308000000,
    "operatingExpenses": 11994000000,
    "costAndExpenses": 20033000000,
    "interestIncome": 16686000000,
    "interestExpense": 5343000000,
    "depreciationAndAmortization": 774000000,
    "ebitda": 4471000000,
    "ebitdaratio": 0.1884112937,
    "operatingIncome": 3697000000,
    "operatingIncomeRatio": 0.1557943531,
    "totalOtherIncomeExpensesNet": 0,
    "incomeBeforeTax": 3697000000,
    "incomeBeforeTaxRatio": 0.1557943531,
    "incomeTaxExpense": 718000000,
    "netIncome": 2946000000,
    "netIncomeRatio": 0.1241466498,
    "eps": 0.98,
    "epsdiluted": 0.95,
    "weightedAverageShsOut": 2926600000,
    "weightedAverageShsOutDil": 3015000000,
    "link": "https://www.sec.gov/Archives/edgar/data/831001/000104746912007741/0001047469-12-007741-index.htm",
    "finalLink": "https://www.sec.gov/Archives/edgar/data/831001/000104746912007741/a2210461z10-q.htm"
  },
  {
    "date": "2012-03-31",
    "symbol": "C",
    "reportedCurrency": "USD",
    "cik": "0000831001",
    "fillingDate": "2012-05-04",
    "acceptedDate": "2012-05-04 16:07:01",
    "calendarYear": "2012",
    "period": "Q1",
    "revenue": 24996000000,
    "costOfRevenue": 8609000000,
    "grossProfit": 16387000000,
    "grossProfitRatio": 0.6555848936,
    "researchAndDevelopmentExpenses": 0,
    "generalAndAdministrativeExpenses": 6385000000,
    "sellingAndMarketingExpenses": 503000000,
    "sellingGeneralAndAdministrativeExpenses": 6888000000,
    "otherExpenses": 5431000000,
    "operatingExpenses": 12319000000,
    "costAndExpenses": 20928000000,
    "interestIncome": 17537000000,
    "interestExpense": 5590000000,
    "depreciationAndAmortization": 738000000,
    "ebitda": 4806000000,
    "ebitdaratio": 0.1922707633,
    "operatingIncome": 4068000000,
    "operatingIncomeRatio": 0.1627460394,
    "totalOtherIncomeExpensesNet": 0,
    "incomeBeforeTax": 4068000000,
    "incomeBeforeTaxRatio": 0.1627460394,
    "incomeTaxExpense": 1006000000,
    "netIncome": 2931000000,
    "netIncomeRatio": 0.1172587614,
    "eps": 0.98,
    "epsdiluted": 0.95,
    "weightedAverageShsOut": 2926200000,
    "weightedAverageShsOutDil": 3014500000,
    "link": "https://www.sec.gov/Archives/edgar/data/831001/000104746912005382/0001047469-12-005382-index.htm",
    "finalLink": "https://www.sec.gov/Archives/edgar/data/831001/000104746912005382/a2209300z10-q.htm"
  },
  {
    "date": "2011-12-31",
    "symbol": "C",
    "reportedCurrency": "USD",
    "cik": "0000831001",
    "fillingDate": "2012-02-24",
    "acceptedDate": "2012-02-24 09:31:44",
    "calendarYear": "2011",
    "period": "Q4",
    "revenue": 22886000000,
    "costOfRevenue": 7614000000,
    "grossProfit": 15272000000,
    "grossProfitRatio": 0.6673075243,
    "researchAndDevelopmentExpenses": 0,
    "generalAndAdministrativeExpenses": 3564000000,
    "sellingAndMarketingExpenses": 687000000,
    "sellingGeneralAndAdministrativeExpenses": 4251000000,
    "otherExpenses": 9932000000,
    "operatingExpenses": 14183000000,
    "costAndExpenses": 21797000000,
    "interestIncome": 17795000000,
    "interestExpense": 5712000000,
    "depreciationAndAmortization": 737000000,
    "ebitda": 1826000000,
    "ebitdaratio": 0.0797867692,
    "operatingIncome": 1089000000,
    "operatingIncomeRatio": 0.0475836756,
    "totalOtherIncomeExpensesNet": 0,
    "incomeBeforeTax": 1089000000,
    "incomeBeforeTaxRatio": 0.0475836756,
    "incomeTaxExpense": 91000000,
    "netIncome": 956000000,
    "netIncomeRatio": 0.0417722625,
    "eps": 0.32,
    "epsdiluted": 0.32,
    "weightedAverageShsOut": 2915200000,
    "weightedAverageShsOutDil": 3003000000,
    "link": "https://www.sec.gov/Archives/edgar/data/831001/000120677412000799/0001206774-12-000799-index.htm",
    "finalLink": "https://www.sec.gov/Archives/edgar/data/831001/000120677412000799/citigroup_10k.htm"
  },
  {
    "date": "2011-09-30",
    "symbol": "C",
    "reportedCurrency": "USD",
    "cik": "0000831001",
    "fillingDate": "2011-11-04",
    "acceptedDate": "2011-11-04 06:36:32",
    "calendarYear": "2011",
    "period": "Q3",
    "revenue": 26862000000,
    "costOfRevenue": 9382000000,
    "grossProfit": 17480000000,
    "grossProfitRatio": 0.650733378,
    "researchAndDevelopmentExpenses": 0,
    "generalAndAdministrativeExpenses": 7529000000,
    "sellingAndMarketingExpenses": 635000000,
    "sellingGeneralAndAdministrativeExpenses": 8164000000,
    "otherExpenses": 4296000000,
    "operatingExpenses": 12460000000,
    "costAndExpenses": 21842000000,
    "interestIncome": 18145000000,
    "interestExpense": 6031000000,
    "depreciationAndAmortization": 744000000,
    "ebitda": 5764000000,
    "ebitdaratio": 0.2145782146,
    "operatingIncome": 5020000000,
    "operatingIncomeRatio": 0.186881096,
    "totalOtherIncomeExpensesNet": 0,
    "incomeBeforeTax": 5020000000,
    "incomeBeforeTaxRatio": 0.186881096,
    "incomeTaxExpense": 1278000000,
    "netIncome": 3771000000,
    "netIncomeRatio": 0.1403841858,
    "eps": 1.3,
    "epsdiluted": 1.23,
    "weightedAverageShsOut": 2910800000,
    "weightedAverageShsOutDil": 2998600000,
    "link": "https://www.sec.gov/Archives/edgar/data/831001/000104746911009017/0001047469-11-009017-index.htm",
    "finalLink": "https://www.sec.gov/Archives/edgar/data/831001/000104746911009017/a2206106z10-q.htm"
  },
  {
    "date": "2011-06-30",
    "symbol": "C",
    "reportedCurrency": "USD",
    "cik": "0000831001",
    "fillingDate": "2011-08-05",
    "acceptedDate": "2011-08-05 14:45:03",
    "calendarYear": "2011",
    "period": "Q2",
    "revenue": 27060000000,
    "costOfRevenue": 9825000000,
    "grossProfit": 17235000000,
    "grossProfitRatio": 0.6369179601,
    "researchAndDevelopmentExpenses": 0,
    "generalAndAdministrativeExpenses": 7944000000,
    "sellingAndMarketingExpenses": 627000000,
    "sellingGeneralAndAdministrativeExpenses": 8571000000,
    "otherExpenses": 4365000000,
    "operatingExpenses": 12936000000,
    "costAndExpenses": 22761000000,
    "interestIncome": 18586000000,
    "interestExpense": 6438000000,
    "depreciationAndAmortization": 720000000,
    "ebitda": 5019000000,
    "ebitdaratio": 0.1854767184,
    "operatingIncome": 4299000000,
    "operatingIncomeRatio": 0.1588691796,
    "totalOtherIncomeExpensesNet": 0,
    "incomeBeforeTax": 4299000000,
    "incomeBeforeTaxRatio": 0.1588691796,
    "incomeTaxExpense": 967000000,
    "netIncome": 3341000000,
    "netIncomeRatio": 0.123466371,
    "eps": 1.1,
    "epsdiluted": 1.09,
    "weightedAverageShsOut": 2908600000,
    "weightedAverageShsOutDil": 2997000000,
    "link": "https://www.sec.gov/Archives/edgar/data/831001/000104746911007016/0001047469-11-007016-index.htm",
    "finalLink": "https://www.sec.gov/Archives/edgar/data/831001/000104746911007016/a2205087z10-q.htm"
  },
  {
    "date": "2011-03-31",
    "symbol": "C",
    "reportedCurrency": "USD",
    "cik": "0000831001",
    "fillingDate": "2011-05-05",
    "acceptedDate": "2011-05-05 16:08:14",
    "calendarYear": "2011",
    "period": "Q1",
    "revenue": 25779000000,
    "costOfRevenue": 9237000000,
    "grossProfit": 16542000000,
    "grossProfitRatio": 0.6416850925,
    "researchAndDevelopmentExpenses": 0,
    "generalAndAdministrativeExpenses": 7623000000,
    "sellingAndMarketingExpenses": 397000000,
    "sellingGeneralAndAdministrativeExpenses": 8020000000,
    "otherExpenses": 4306000000,
    "operatingExpenses": 12326000000,
    "costAndExpenses": 21563000000,
    "interestIncome": 18155000000,
    "interestExpense": 6053000000,
    "depreciationAndAmortization": 671000000,
    "ebitda": 4887000000,
    "ebitdaratio": 0.1895729082,
    "operatingIncome": 4216000000,
    "operatingIncomeRatio": 0.1635439699,
    "totalOtherIncomeExpensesNet": 0,
    "incomeBeforeTax": 4216000000,
    "incomeBeforeTaxRatio": 0.1635439699,
    "incomeTaxExpense": 1185000000,
    "netIncome": 2999000000,
    "netIncomeRatio": 0.1163350014,
    "eps": 1.03,
    "epsdiluted": 1,
    "weightedAverageShsOut": 2904400000,
    "weightedAverageShsOutDil": 2996600000,
    "link": "https://www.sec.gov/Archives/edgar/data/831001/000104746911004635/0001047469-11-004635-index.htm",
    "finalLink": "https://www.sec.gov/Archives/edgar/data/831001/000104746911004635/a2203883z10-q.htm"
  },
  {
    "date": "2010-12-31",
    "symbol": "C",
    "reportedCurrency": "USD",
    "cik": "0000831001",
    "fillingDate": "2011-02-25",
    "acceptedDate": "2011-02-25 17:07:08",
    "calendarYear": "2010",
    "period": "Q4",
    "revenue": 23260000000,
    "costOfRevenue": 9944000000,
    "grossProfit": 13316000000,
    "grossProfitRatio": 0.5724849527,
    "researchAndDevelopmentExpenses": 0,
    "generalAndAdministrativeExpenses": 3877000000,
    "sellingAndMarketingExpenses": 518000000,
    "sellingGeneralAndAdministrativeExpenses": 4395000000,
    "otherExpenses": 7861000000,
    "operatingExpenses": 12256000000,
    "costAndExpenses": 22200000000,
    "interestIncome": 18876000000,
    "interestExpense": 6069000000,
    "depreciationAndAmortization": 1285000000,
    "ebitda": 2345000000,
    "ebitdaratio": 0.100816853,
    "operatingIncome": 1060000000,
    "operatingIncomeRatio": 0.0455717971,
    "totalOtherIncomeExpensesNet": 0,
    "incomeBeforeTax": 1060000000,
    "incomeBeforeTaxRatio": 0.0455717971,
    "incomeTaxExpense": -313000000,
    "netIncome": 1309000000,
    "netIncomeRatio": 0.0562768702,
    "eps": 0.45,
    "epsdiluted": 0.4,
    "weightedAverageShsOut": 2893290000,
    "weightedAverageShsOutDil": 2984780000,
    "link": "https://www.sec.gov/Archives/edgar/data/831001/000120677411000316/0001206774-11-000316-index.htm",
    "finalLink": "https://www.sec.gov/Archives/edgar/data/831001/000120677411000316/citigroup_10k.htm"
  },
  {
    "date": "2010-09-30",
    "symbol": "C",
    "reportedCurrency": "USD",
    "cik": "0000831001",
    "fillingDate": "2010-11-05",
    "acceptedDate": "2010-11-05 08:16:38",
    "calendarYear": "2010",
    "period": "Q3",
    "revenue": 26921000000,
    "costOfRevenue": 12102000000,
    "grossProfit": 14819000000,
    "grossProfitRatio": 0.5504624642,
    "researchAndDevelopmentExpenses": 0,
    "generalAndAdministrativeExpenses": 7374000000,
    "sellingAndMarketingExpenses": 458000000,
    "sellingGeneralAndAdministrativeExpenses": 7832000000,
    "otherExpenses": 3688000000,
    "operatingExpenses": 11520000000,
    "costAndExpenses": 23622000000,
    "interestIncome": 19311000000,
    "interestExpense": 6183000000,
    "depreciationAndAmortization": 136000000,
    "ebitda": 3435000000,
    "ebitdaratio": 0.1275955574,
    "operatingIncome": 3299000000,
    "operatingIncomeRatio": 0.1225437391,
    "totalOtherIncomeExpensesNet": 0,
    "incomeBeforeTax": 3299000000,
    "incomeBeforeTaxRatio": 0.1225437391,
    "incomeTaxExpense": 698000000,
    "netIncome": 2168000000,
    "netIncomeRatio": 0.0805319267,
    "eps": 0.75,
    "epsdiluted": 0.73,
    "weightedAverageShsOut": 2887800000,
    "weightedAverageShsOutDil": 2977800000,
    "link": "https://www.sec.gov/Archives/edgar/data/831001/000104746910009274/0001047469-10-009274-index.htm",
    "finalLink": "https://www.sec.gov/Archives/edgar/data/831001/000104746910009274/a2200785z10-q.htm"
  },
  {
    "date": "2010-06-30",
    "symbol": "C",
    "reportedCurrency": "USD",
    "cik": "0000831001",
    "fillingDate": "2010-08-06",
    "acceptedDate": "2010-08-06 16:15:58",
    "calendarYear": "2010",
    "period": "Q2",
    "revenue": 28500000000,
    "costOfRevenue": 13094000000,
    "grossProfit": 15406000000,
    "grossProfitRatio": 0.5405614035,
    "researchAndDevelopmentExpenses": 0,
    "generalAndAdministrativeExpenses": 7156000000,
    "sellingAndMarketingExpenses": 367000000,
    "sellingGeneralAndAdministrativeExpenses": 7523000000,
    "otherExpenses": 4343000000,
    "operatingExpenses": 11866000000,
    "costAndExpenses": 24960000000,
    "interestIncome": 20356000000,
    "interestExpense": 6429000000,
    "depreciationAndAmortization": 620000000,
    "ebitda": 4160000000,
    "ebitdaratio": 0.1459649123,
    "operatingIncome": 3540000000,
    "operatingIncomeRatio": 0.1242105263,
    "totalOtherIncomeExpensesNet": 0,
    "incomeBeforeTax": 3540000000,
    "incomeBeforeTaxRatio": 0.1242105263,
    "incomeTaxExpense": 812000000,
    "netIncome": 2697000000,
    "netIncomeRatio": 0.0946315789,
    "eps": 0.9,
    "epsdiluted": 0.82,
    "weightedAverageShsOut": 2844430000,
    "weightedAverageShsOutDil": 2933350000,
    "link": "https://www.sec.gov/Archives/edgar/data/831001/000104746910007153/0001047469-10-007153-index.htm",
    "finalLink": "https://www.sec.gov/Archives/edgar/data/831001/000104746910007153/a2199686z10-q.htm"
  },
  {
    "date": "2010-03-31",
    "symbol": "C",
    "reportedCurrency": "USD",
    "cik": "0000831001",
    "fillingDate": "2010-05-07",
    "acceptedDate": "2010-05-07 16:42:31",
    "calendarYear": "2010",
    "period": "Q1",
    "revenue": 31712000000,
    "costOfRevenue": 14909000000,
    "grossProfit": 16803000000,
    "grossProfitRatio": 0.5298625126,
    "researchAndDevelopmentExpenses": 0,
    "generalAndAdministrativeExpenses": 7361000000,
    "sellingAndMarketingExpenses": 302000000,
    "sellingGeneralAndAdministrativeExpenses": 7663000000,
    "otherExpenses": 3855000000,
    "operatingExpenses": 11518000000,
    "costAndExpenses": 26427000000,
    "interestIncome": 20852000000,
    "interestExpense": 6291000000,
    "depreciationAndAmortization": 623000000,
    "ebitda": 5908000000,
    "ebitdaratio": 0.1863017154,
    "operatingIncome": 5285000000,
    "operatingIncomeRatio": 0.1666561554,
    "totalOtherIncomeExpensesNet": 0,
    "incomeBeforeTax": 5285000000,
    "incomeBeforeTaxRatio": 0.1666561554,
    "incomeTaxExpense": 1036000000,
    "netIncome": 4428000000,
    "netIncomeRatio": 0.1396316852,
    "eps": 1.55,
    "epsdiluted": 1.55,
    "weightedAverageShsOut": 2844430000,
    "weightedAverageShsOutDil": 2862025000,
    "link": "https://www.sec.gov/Archives/edgar/data/831001/000104746910004978/0001047469-10-004978-index.htm",
    "finalLink": "https://www.sec.gov/Archives/edgar/data/831001/000104746910004978/a2198476z10-q.htm"
  },
  {
    "date": "2009-12-31",
    "symbol": "C",
    "reportedCurrency": "USD",
    "cik": "0000831001",
    "fillingDate": "2010-02-26",
    "acceptedDate": "2010-02-26 17:00:16",
    "calendarYear": "2009",
    "period": "Q4",
    "revenue": 11947000000,
    "costOfRevenue": 13468000000,
    "grossProfit": -1521000000,
    "grossProfitRatio": -0.127312296,
    "researchAndDevelopmentExpenses": 0,
    "generalAndAdministrativeExpenses": 4105000000,
    "sellingAndMarketingExpenses": 413000000,
    "sellingGeneralAndAdministrativeExpenses": 4518000000,
    "otherExpenses": 9054000000,
    "operatingExpenses": 13572000000,
    "costAndExpenses": 27040000000,
    "interestIncome": 17703000000,
    "interestExpense": 6542000000,
    "depreciationAndAmortization": 1563000000,
    "ebitda": -13530000000,
    "ebitdaratio": -1.1325018833,
    "operatingIncome": -15093000000,
    "operatingIncomeRatio": -1.2633297062,
    "totalOtherIncomeExpensesNet": 0,
    "incomeBeforeTax": -15093000000,
    "incomeBeforeTaxRatio": -1.2633297062,
    "incomeTaxExpense": -7353000000,
    "netIncome": -7579000000,
    "netIncomeRatio": -0.6343852013,
    "eps": -3.24,
    "epsdiluted": -3.3,
    "weightedAverageShsOut": 2338440000,
    "weightedAverageShsOutDil": 2426000000,
    "link": "https://www.sec.gov/Archives/edgar/data/831001/000120677410000406/0001206774-10-000406-index.htm",
    "finalLink": "https://www.sec.gov/Archives/edgar/data/831001/000120677410000406/citi_10k.htm"
  },
  {
    "date": "2009-09-30",
    "symbol": "C",
    "reportedCurrency": "USD",
    "cik": "0000831001",
    "fillingDate": "2009-11-06",
    "acceptedDate": "2009-11-06 17:11:41",
    "calendarYear": "2009",
    "period": "Q3",
    "revenue": 27782000000,
    "costOfRevenue": 15775000000,
    "grossProfit": 12007000000,
    "grossProfitRatio": 0.4321863077,
    "researchAndDevelopmentExpenses": 0,
    "generalAndAdministrativeExpenses": 7250000000,
    "sellingAndMarketingExpenses": 317000000,
    "sellingGeneralAndAdministrativeExpenses": 7567000000,
    "otherExpenses": 4969000000,
    "operatingExpenses": 12536000000,
    "costAndExpenses": 28311000000,
    "interestIncome": 18678000000,
    "interestExpense": 6680000000,
    "depreciationAndAmortization": 431000000,
    "ebitda": -98000000,
    "ebitdaratio": -0.0035274638,
    "operatingIncome": -529000000,
    "operatingIncomeRatio": -0.0190411058,
    "totalOtherIncomeExpensesNet": 0,
    "incomeBeforeTax": -529000000,
    "incomeBeforeTaxRatio": -0.0190411058,
    "incomeTaxExpense": -1122000000,
    "netIncome": 101000000,
    "netIncomeRatio": 0.0036354474,
    "eps": -2.7,
    "epsdiluted": -2.7,
    "weightedAverageShsOut": 1210430000,
    "weightedAverageShsOutDil": 1221600000,
    "link": "https://www.sec.gov/Archives/edgar/data/831001/000104746909009754/0001047469-09-009754-index.htm",
    "finalLink": "https://www.sec.gov/Archives/edgar/data/831001/000104746909009754/a2195256z10-q.htm"
  },
  {
    "date": "2009-06-30",
    "symbol": "C",
    "reportedCurrency": "USD",
    "cik": "0000831001",
    "fillingDate": "2009-08-07",
    "acceptedDate": "2009-08-07 16:48:34",
    "calendarYear": "2009",
    "period": "Q2",
    "revenue": 36811000000,
    "costOfRevenue": 19518000000,
    "grossProfit": 17293000000,
    "grossProfitRatio": 0.4697780555,
    "researchAndDevelopmentExpenses": 0,
    "generalAndAdministrativeExpenses": 7513000000,
    "sellingAndMarketingExpenses": 351000000,
    "sellingGeneralAndAdministrativeExpenses": 7864000000,
    "otherExpenses": 4135000000,
    "operatingExpenses": 11999000000,
    "costAndExpenses": 31517000000,
    "interestIncome": 19671000000,
    "interestExpense": 6842000000,
    "depreciationAndAmortization": 846000000,
    "ebitda": 6140000000,
    "ebitdaratio": 0.166797968,
    "operatingIncome": 5294000000,
    "operatingIncomeRatio": 0.1438157073,
    "totalOtherIncomeExpensesNet": 0,
    "incomeBeforeTax": 5294000000,
    "incomeBeforeTaxRatio": 0.1438157073,
    "incomeTaxExpense": 907000000,
    "netIncome": 4279000000,
    "netIncomeRatio": 0.1162424275,
    "eps": 7.92,
    "epsdiluted": 4.9,
    "weightedAverageShsOut": 539950000,
    "weightedAverageShsOutDil": 596780000,
    "link": "https://www.sec.gov/Archives/edgar/data/831001/000104746909007400/0001047469-09-007400-index.htm",
    "finalLink": "https://www.sec.gov/Archives/edgar/data/831001/000104746909007400/a2193853z10-q.htm"
  },
  {
    "date": "2009-03-31",
    "symbol": "C",
    "reportedCurrency": "USD",
    "cik": "0000831001",
    "fillingDate": "2009-05-11",
    "acceptedDate": "2009-05-08 18:42:23",
    "calendarYear": "2009",
    "period": "Q1",
    "revenue": 32178000000,
    "costOfRevenue": 17964000000,
    "grossProfit": 14214000000,
    "grossProfitRatio": 0.4417303748,
    "researchAndDevelopmentExpenses": 0,
    "generalAndAdministrativeExpenses": 7377000000,
    "sellingAndMarketingExpenses": 334000000,
    "sellingGeneralAndAdministrativeExpenses": 7711000000,
    "otherExpenses": 3974000000,
    "operatingExpenses": 11685000000,
    "costAndExpenses": 29649000000,
    "interestIncome": 20583000000,
    "interestExpense": 7657000000,
    "depreciationAndAmortization": 13000000,
    "ebitda": 2542000000,
    "ebitdaratio": 0.0789980732,
    "operatingIncome": 2529000000,
    "operatingIncomeRatio": 0.0785940705,
    "totalOtherIncomeExpensesNet": 0,
    "incomeBeforeTax": 2529000000,
    "incomeBeforeTaxRatio": 0.0785940705,
    "incomeTaxExpense": 835000000,
    "netIncome": 1593000000,
    "netIncomeRatio": 0.0495058736,
    "eps": -1.79,
    "epsdiluted": -1.8,
    "weightedAverageShsOut": 538500000,
    "weightedAverageShsOutDil": 595330000,
    "link": "https://www.sec.gov/Archives/edgar/data/831001/000104746909005290/0001047469-09-005290-index.htm",
    "finalLink": "https://www.sec.gov/Archives/edgar/data/831001/000104746909005290/a2192899z10-q.htm"
  },
  {
    "date": "2008-12-31",
    "symbol": "C",
    "reportedCurrency": "USD",
    "cik": "0000831001",
    "fillingDate": "2009-02-27",
    "acceptedDate": "2009-02-27 17:29:38",
    "calendarYear": "2008",
    "period": "Q4",
    "revenue": 16253000000,
    "costOfRevenue": 21950000000,
    "grossProfit": -5697000000,
    "grossProfitRatio": -0.350519904,
    "researchAndDevelopmentExpenses": 0,
    "generalAndAdministrativeExpenses": 7985000000,
    "sellingAndMarketingExpenses": 493000000,
    "sellingGeneralAndAdministrativeExpenses": 8478000000,
    "otherExpenses": 18255000000,
    "operatingExpenses": 26733000000,
    "costAndExpenses": 48683000000,
    "interestIncome": 23911000000,
    "interestExpense": 10658000000,
    "depreciationAndAmortization": 513000000,
    "ebitda": -31917000000,
    "ebitdaratio": -1.9637605365,
    "operatingIncome": -32430000000,
    "operatingIncomeRatio": -1.9953239402,
    "totalOtherIncomeExpensesNet": 0,
    "incomeBeforeTax": -32430000000,
    "incomeBeforeTaxRatio": -1.9953239402,
    "incomeTaxExpense": -10975000000,
    "netIncome": -17263000000,
    "netIncomeRatio": -1.0621423737,
    "eps": -32.29,
    "epsdiluted": -32.06,
    "weightedAverageShsOut": 534670000,
    "weightedAverageShsOutDil": 538500000,
    "link": "https://www.sec.gov/Archives/edgar/data/831001/000119312509041237/0001193125-09-041237-index.htm",
    "finalLink": "https://www.sec.gov/Archives/edgar/data/831001/000119312509041237/d10k.htm"
  },
  {
    "date": "2008-09-30",
    "symbol": "C",
    "reportedCurrency": "USD",
    "cik": "0000831001",
    "fillingDate": "2008-10-31",
    "acceptedDate": "2008-10-31 17:25:39",
    "calendarYear": "2008",
    "period": "Q3",
    "revenue": 28984000000,
    "costOfRevenue": 21793000000,
    "grossProfit": 7191000000,
    "grossProfitRatio": 0.2481024013,
    "researchAndDevelopmentExpenses": 0,
    "generalAndAdministrativeExpenses": 9059000000,
    "sellingAndMarketingExpenses": 496000000,
    "sellingGeneralAndAdministrativeExpenses": 9555000000,
    "otherExpenses": 4452000000,
    "operatingExpenses": 14007000000,
    "costAndExpenses": 35800000000,
    "interestIncome": 26130000000,
    "interestExpense": 12726000000,
    "depreciationAndAmortization": 543000000,
    "ebitda": -6273000000,
    "ebitdaratio": -0.2164297543,
    "operatingIncome": -6816000000,
    "operatingIncomeRatio": -0.2351642285,
    "totalOtherIncomeExpensesNet": 0,
    "incomeBeforeTax": -6816000000,
    "incomeBeforeTaxRatio": -0.2351642285,
    "incomeTaxExpense": -3295000000,
    "netIncome": -2815000000,
    "netIncomeRatio": -0.0971225504,
    "eps": -6.1,
    "epsdiluted": -6.1,
    "weightedAverageShsOut": 534180000,
    "weightedAverageShsOutDil": 583110000,
    "link": "https://www.sec.gov/Archives/edgar/data/831001/000104746908011506/0001047469-08-011506-index.htm",
    "finalLink": "https://www.sec.gov/Archives/edgar/data/831001/000104746908011506/a2188770z10-q.htm"
  },
  {
    "date": "2008-06-30",
    "symbol": "C",
    "reportedCurrency": "USD",
    "cik": "0000831001",
    "fillingDate": "2008-08-01",
    "acceptedDate": "2008-08-01 09:18:05",
    "calendarYear": "2008",
    "period": "Q2",
    "revenue": 30889000000,
    "costOfRevenue": 20451000000,
    "grossProfit": 10438000000,
    "grossProfitRatio": 0.3379196478,
    "researchAndDevelopmentExpenses": 0,
    "generalAndAdministrativeExpenses": 10211000000,
    "sellingAndMarketingExpenses": 616000000,
    "sellingGeneralAndAdministrativeExpenses": 10827000000,
    "otherExpenses": 4387000000,
    "operatingExpenses": 15214000000,
    "costAndExpenses": 35665000000,
    "interestIncome": 27337000000,
    "interestExpense": 13351000000,
    "depreciationAndAmortization": 598000000,
    "ebitda": -4178000000,
    "ebitdaratio": -0.1352585063,
    "operatingIncome": -4776000000,
    "operatingIncomeRatio": -0.1546181489,
    "totalOtherIncomeExpensesNet": 0,
    "incomeBeforeTax": -4776000000,
    "incomeBeforeTaxRatio": -0.1546181489,
    "incomeTaxExpense": -2447000000,
    "netIncome": -2495000000,
    "netIncomeRatio": -0.0807730907,
    "eps": -5.5,
    "epsdiluted": -5.5,
    "weightedAverageShsOut": 528740000,
    "weightedAverageShsOutDil": 577680000,
    "link": "https://www.sec.gov/Archives/edgar/data/831001/000104746908008604/0001047469-08-008604-index.htm",
    "finalLink": "https://www.sec.gov/Archives/edgar/data/831001/000104746908008604/a2187116z10-q.htm"
  },
  {
    "date": "2008-03-31",
    "symbol": "C",
    "reportedCurrency": "USD",
    "cik": "0000831001",
    "fillingDate": "2008-05-02",
    "acceptedDate": "2008-05-02 17:20:39",
    "calendarYear": "2008",
    "period": "Q1",
    "revenue": 28563000000,
    "costOfRevenue": 21974000000,
    "grossProfit": 6589000000,
    "grossProfitRatio": 0.2306830515,
    "researchAndDevelopmentExpenses": 0,
    "generalAndAdministrativeExpenses": 10306000000,
    "sellingAndMarketingExpenses": 636000000,
    "sellingGeneralAndAdministrativeExpenses": 10942000000,
    "otherExpenses": 4833000000,
    "operatingExpenses": 15775000000,
    "costAndExpenses": 37749000000,
    "interestIncome": 29190000000,
    "interestExpense": 16122000000,
    "depreciationAndAmortization": 812000000,
    "ebitda": -8374000000,
    "ebitdaratio": -0.2931764871,
    "operatingIncome": -9186000000,
    "operatingIncomeRatio": -0.3216048734,
    "totalOtherIncomeExpensesNet": 0,
    "incomeBeforeTax": -9186000000,
    "incomeBeforeTaxRatio": -0.3216048734,
    "incomeTaxExpense": -3939000000,
    "netIncome": -5111000000,
    "netIncomeRatio": -0.1789377866,
    "eps": -10.3,
    "epsdiluted": -10.3,
    "weightedAverageShsOut": 508560000,
    "weightedAverageShsOutDil": 557570000,
    "link": "https://www.sec.gov/Archives/edgar/data/831001/000104746908005768/0001047469-08-005768-index.htm",
    "finalLink": "https://www.sec.gov/Archives/edgar/data/831001/000104746908005768/a2185406z10-q.htm"
  },
  {
    "date": "2007-12-31",
    "symbol": "C",
    "reportedCurrency": "USD",
    "cik": "0000831001",
    "fillingDate": "2008-02-22",
    "acceptedDate": "2008-02-22 17:23:45",
    "calendarYear": "2007",
    "period": "Q4",
    "revenue": 27209000000,
    "costOfRevenue": 27565000000,
    "grossProfit": -356000000,
    "grossProfitRatio": -0.0130839061,
    "researchAndDevelopmentExpenses": 0,
    "generalAndAdministrativeExpenses": 9325000000,
    "sellingAndMarketingExpenses": 751000000,
    "sellingGeneralAndAdministrativeExpenses": 10076000000,
    "otherExpenses": 6426000000,
    "operatingExpenses": 16502000000,
    "costAndExpenses": 44067000000,
    "interestIncome": 32776000000,
    "interestExpense": 19993000000,
    "depreciationAndAmortization": 332000000,
    "ebitda": -16526000000,
    "ebitdaratio": -0.6073725605,
    "operatingIncome": -16858000000,
    "operatingIncomeRatio": -0.6195744055,
    "totalOtherIncomeExpensesNet": 0,
    "incomeBeforeTax": -16858000000,
    "incomeBeforeTaxRatio": -0.6195744055,
    "incomeTaxExpense": -7310000000,
    "netIncome": -9833000000,
    "netIncomeRatio": -0.3613877761,
    "eps": -19.94,
    "epsdiluted": -19.33,
    "weightedAverageShsOut": 493190000,
    "weightedAverageShsOutDil": 508560000,
    "link": "https://www.sec.gov/Archives/edgar/data/831001/000119312508036445/0001193125-08-036445-index.htm",
    "finalLink": "https://www.sec.gov/Archives/edgar/data/831001/000119312508036445/d10k.htm"
  },
  {
    "date": "2007-09-30",
    "symbol": "C",
    "reportedCurrency": "USD",
    "cik": "0000831001",
    "fillingDate": "2007-11-05",
    "acceptedDate": "2007-11-05 07:22:07",
    "calendarYear": "2007",
    "period": "Q3",
    "revenue": 42063000000,
    "costOfRevenue": 25290000000,
    "grossProfit": 16773000000,
    "grossProfitRatio": 0.3987590044,
    "researchAndDevelopmentExpenses": 0,
    "generalAndAdministrativeExpenses": 7595000000,
    "sellingAndMarketingExpenses": 766000000,
    "sellingGeneralAndAdministrativeExpenses": 8361000000,
    "otherExpenses": 5811000000,
    "operatingExpenses": 14172000000,
    "costAndExpenses": 39462000000,
    "interestIncome": 32267000000,
    "interestExpense": 20423000000,
    "depreciationAndAmortization": 486000000,
    "ebitda": 3087000000,
    "ebitdaratio": 0.0733899151,
    "operatingIncome": 2601000000,
    "operatingIncomeRatio": 0.0618358177,
    "totalOtherIncomeExpensesNet": 0,
    "incomeBeforeTax": 2601000000,
    "incomeBeforeTaxRatio": 0.0618358177,
    "incomeTaxExpense": 492000000,
    "netIncome": 2212000000,
    "netIncomeRatio": 0.052587785,
    "eps": 4.5,
    "epsdiluted": 4.4,
    "weightedAverageShsOut": 491610000,
    "weightedAverageShsOutDil": 501090000,
    "link": "https://www.sec.gov/Archives/edgar/data/831001/000104746907008376/0001047469-07-008376-index.htm",
    "finalLink": "https://www.sec.gov/Archives/edgar/data/831001/000104746907008376/a2180583z10-q.htm"
  },
  {
    "date": "2007-06-30",
    "symbol": "C",
    "reportedCurrency": "USD",
    "cik": "0000831001",
    "fillingDate": "2007-08-03",
    "acceptedDate": "2007-08-03 17:26:25",
    "calendarYear": "2007",
    "period": "Q2",
    "revenue": 45301000000,
    "costOfRevenue": 21681000000,
    "grossProfit": 23620000000,
    "grossProfitRatio": 0.5214012936,
    "researchAndDevelopmentExpenses": 0,
    "generalAndAdministrativeExpenses": 8896000000,
    "sellingAndMarketingExpenses": 767000000,
    "sellingGeneralAndAdministrativeExpenses": 9663000000,
    "otherExpenses": 5151000000,
    "operatingExpenses": 14814000000,
    "costAndExpenses": 36495000000,
    "interestIncome": 30369000000,
    "interestExpense": 18971000000,
    "depreciationAndAmortization": 670000000,
    "ebitda": 9476000000,
    "ebitdaratio": 0.2091786053,
    "operatingIncome": 8806000000,
    "operatingIncomeRatio": 0.1943886448,
    "totalOtherIncomeExpensesNet": 0,
    "incomeBeforeTax": 8806000000,
    "incomeBeforeTaxRatio": 0.1943886448,
    "incomeTaxExpense": 2663000000,
    "netIncome": 6226000000,
    "netIncomeRatio": 0.1374362597,
    "eps": 12.7,
    "epsdiluted": 12.4,
    "weightedAverageShsOut": 489830000,
    "weightedAverageShsOutDil": 499290000,
    "link": "https://www.sec.gov/Archives/edgar/data/831001/000110465907058831/0001104659-07-058831-index.htm",
    "finalLink": "https://www.sec.gov/Archives/edgar/data/831001/000110465907058831/a07-21064_110q.htm"
  },
  {
    "date": "2007-03-31",
    "symbol": "C",
    "reportedCurrency": "USD",
    "cik": "0000831001",
    "fillingDate": "2007-05-04",
    "acceptedDate": "2007-05-04 17:21:37",
    "calendarYear": "2007",
    "period": "Q1",
    "revenue": 43021000000,
    "costOfRevenue": 20268000000,
    "grossProfit": 22753000000,
    "grossProfitRatio": 0.528881244,
    "researchAndDevelopmentExpenses": 0,
    "generalAndAdministrativeExpenses": 8960000000,
    "sellingAndMarketingExpenses": 617000000,
    "sellingGeneralAndAdministrativeExpenses": 9577000000,
    "otherExpenses": 6302000000,
    "operatingExpenses": 15879000000,
    "costAndExpenses": 36147000000,
    "interestIncome": 28174000000,
    "interestExpense": 17562000000,
    "depreciationAndAmortization": 652000000,
    "ebitda": 7526000000,
    "ebitdaratio": 0.1749378211,
    "operatingIncome": 6874000000,
    "operatingIncomeRatio": 0.1597824318,
    "totalOtherIncomeExpensesNet": 0,
    "incomeBeforeTax": 6874000000,
    "incomeBeforeTaxRatio": 0.1597824318,
    "incomeTaxExpense": 1862000000,
    "netIncome": 5012000000,
    "netIncomeRatio": 0.1165012436,
    "eps": 10.2,
    "epsdiluted": 10.1,
    "weightedAverageShsOut": 487700000,
    "weightedAverageShsOutDil": 496790000,
    "link": "https://www.sec.gov/Archives/edgar/data/831001/000104746907003703/0001047469-07-003703-index.htm",
    "finalLink": "https://www.sec.gov/Archives/edgar/data/831001/000104746907003703/a2177694z10-q.htm"
  },
  {
    "date": "2006-12-31",
    "symbol": "C",
    "reportedCurrency": "USD",
    "cik": "0000831001",
    "fillingDate": "2007-02-23",
    "acceptedDate": "2007-02-23 17:29:15",
    "calendarYear": "2006",
    "period": "Q4",
    "revenue": 40046000000,
    "costOfRevenue": 18581000000,
    "grossProfit": 21465000000,
    "grossProfitRatio": 0.5360085901,
    "researchAndDevelopmentExpenses": 0,
    "generalAndAdministrativeExpenses": 8157000000,
    "sellingAndMarketingExpenses": 734000000,
    "sellingGeneralAndAdministrativeExpenses": 8891000000,
    "otherExpenses": 4915000000,
    "operatingExpenses": 13806000000,
    "costAndExpenses": 32387000000,
    "interestIncome": 26257000000,
    "interestExpense": 16218000000,
    "depreciationAndAmortization": 458000000,
    "ebitda": 8117000000,
    "ebitdaratio": 0.2026919043,
    "operatingIncome": 7659000000,
    "operatingIncomeRatio": 0.1912550567,
    "totalOtherIncomeExpensesNet": 0,
    "incomeBeforeTax": 7659000000,
    "incomeBeforeTaxRatio": 0.1912550567,
    "incomeTaxExpense": 2241000000,
    "netIncome": 5129000000,
    "netIncomeRatio": 0.1280777106,
    "eps": 10.52,
    "epsdiluted": 10.52,
    "weightedAverageShsOut": 485400000,
    "weightedAverageShsOutDil": 487700000,
    "link": "https://www.sec.gov/Archives/edgar/data/831001/000119312507038505/0001193125-07-038505-index.htm",
    "finalLink": "https://www.sec.gov/Archives/edgar/data/831001/000119312507038505/d10k.htm"
  },
  {
    "date": "2006-09-30",
    "symbol": "C",
    "reportedCurrency": "USD",
    "cik": "0000831001",
    "fillingDate": "2006-11-03",
    "acceptedDate": "2006-11-03 17:18:18",
    "calendarYear": "2006",
    "period": "Q3",
    "revenue": 36323000000,
    "costOfRevenue": 16694000000,
    "grossProfit": 19629000000,
    "grossProfitRatio": 0.5404013986,
    "researchAndDevelopmentExpenses": 0,
    "generalAndAdministrativeExpenses": 6992000000,
    "sellingAndMarketingExpenses": 574000000,
    "sellingGeneralAndAdministrativeExpenses": 7566000000,
    "otherExpenses": 4740000000,
    "operatingExpenses": 12306000000,
    "costAndExpenses": 29000000000,
    "interestIncome": 24729000000,
    "interestExpense": 14901000000,
    "depreciationAndAmortization": 688000000,
    "ebitda": 8011000000,
    "ebitdaratio": 0.2205489635,
    "operatingIncome": 7323000000,
    "operatingIncomeRatio": 0.2016077967,
    "totalOtherIncomeExpensesNet": 0,
    "incomeBeforeTax": 7323000000,
    "incomeBeforeTaxRatio": 0.2016077967,
    "incomeTaxExpense": 2020000000,
    "netIncome": 5505000000,
    "netIncomeRatio": 0.1515568648,
    "eps": 11.3,
    "epsdiluted": 11,
    "weightedAverageShsOut": 487550000,
    "weightedAverageShsOutDil": 497860000,
    "link": "https://www.sec.gov/Archives/edgar/data/831001/000104746906013525/0001047469-06-013525-index.htm",
    "finalLink": "https://www.sec.gov/Archives/edgar/data/831001/000104746906013525/a2174261z10-q.htm"
  },
  {
    "date": "2006-06-30",
    "symbol": "C",
    "reportedCurrency": "USD",
    "cik": "0000831001",
    "fillingDate": "2006-08-04",
    "acceptedDate": "2006-08-04 17:08:15",
    "calendarYear": "2006",
    "period": "Q2",
    "revenue": 35899000000,
    "costOfRevenue": 15153000000,
    "grossProfit": 20746000000,
    "grossProfitRatio": 0.5778991058,
    "researchAndDevelopmentExpenses": 0,
    "generalAndAdministrativeExpenses": 7605000000,
    "sellingAndMarketingExpenses": 652000000,
    "sellingGeneralAndAdministrativeExpenses": 8257000000,
    "otherExpenses": 4924000000,
    "operatingExpenses": 13181000000,
    "costAndExpenses": 28334000000,
    "interestIncome": 23527000000,
    "interestExpense": 13717000000,
    "depreciationAndAmortization": 688000000,
    "ebitda": 8253000000,
    "ebitdaratio": 0.2298949831,
    "operatingIncome": 7565000000,
    "operatingIncomeRatio": 0.2107301039,
    "totalOtherIncomeExpensesNet": 0,
    "incomeBeforeTax": 7565000000,
    "incomeBeforeTaxRatio": 0.2107301039,
    "incomeTaxExpense": 2303000000,
    "netIncome": 5265000000,
    "netIncomeRatio": 0.1466614669,
    "eps": 10.7,
    "epsdiluted": 10.5,
    "weightedAverageShsOut": 489900000,
    "weightedAverageShsOutDil": 499000000,
    "link": "https://www.sec.gov/Archives/edgar/data/831001/000104746906010415/0001047469-06-010415-index.htm",
    "finalLink": "https://www.sec.gov/Archives/edgar/data/831001/000104746906010415/a2172358z10-q.htm"
  },
  {
    "date": "2006-03-31",
    "symbol": "C",
    "reportedCurrency": "USD",
    "cik": "0000831001",
    "fillingDate": "2006-05-05",
    "acceptedDate": "2006-05-05 16:39:47",
    "calendarYear": "2006",
    "period": "Q1",
    "revenue": 34290000000,
    "costOfRevenue": 13503000000,
    "grossProfit": 20787000000,
    "grossProfitRatio": 0.6062117235,
    "researchAndDevelopmentExpenses": 0,
    "generalAndAdministrativeExpenses": 8490000000,
    "sellingAndMarketingExpenses": 0,
    "sellingGeneralAndAdministrativeExpenses": 8490000000,
    "otherExpenses": 5205000000,
    "operatingExpenses": 13695000000,
    "costAndExpenses": 27198000000,
    "interestIncome": 21873000000,
    "interestExpense": 12107000000,
    "depreciationAndAmortization": 669000000,
    "ebitda": 7761000000,
    "ebitdaratio": 0.2263342082,
    "operatingIncome": 7092000000,
    "operatingIncomeRatio": 0.206824147,
    "totalOtherIncomeExpensesNet": 0,
    "incomeBeforeTax": 7092000000,
    "incomeBeforeTaxRatio": 0.206824147,
    "incomeTaxExpense": 1537000000,
    "netIncome": 5639000000,
    "netIncomeRatio": 0.164450277,
    "eps": 11.4,
    "epsdiluted": 11.2,
    "weightedAverageShsOut": 492070000,
    "weightedAverageShsOutDil": 500790000,
    "link": "https://www.sec.gov/Archives/edgar/data/831001/000104746906006579/0001047469-06-006579-index.htm",
    "finalLink": "https://www.sec.gov/Archives/edgar/data/831001/000104746906006579/a2170143z10-q.htm"
  },
  {
    "date": "2005-12-31",
    "symbol": "C",
    "reportedCurrency": "USD",
    "cik": "0000831001",
    "fillingDate": "2006-02-24",
    "acceptedDate": "2006-02-23 19:02:44",
    "calendarYear": "2005",
    "period": "Q4",
    "revenue": 31714000000,
    "costOfRevenue": 12806000000,
    "grossProfit": 18908000000,
    "grossProfitRatio": 0.5962035694,
    "researchAndDevelopmentExpenses": 0,
    "generalAndAdministrativeExpenses": 6654000000,
    "sellingAndMarketingExpenses": 685000000,
    "sellingGeneralAndAdministrativeExpenses": 7339000000,
    "otherExpenses": 4346000000,
    "operatingExpenses": 11685000000,
    "costAndExpenses": 24491000000,
    "interestIncome": 20644000000,
    "interestExpense": 10935000000,
    "depreciationAndAmortization": 670000000,
    "ebitda": 7893000000,
    "ebitdaratio": 0.2488806205,
    "operatingIncome": 7223000000,
    "operatingIncomeRatio": 0.2277543041,
    "totalOtherIncomeExpensesNet": 0,
    "incomeBeforeTax": 7223000000,
    "incomeBeforeTaxRatio": 0.2277543041,
    "incomeTaxExpense": 2251000000,
    "netIncome": 6932000000,
    "netIncomeRatio": 0.2185785458,
    "eps": 14.09,
    "epsdiluted": 14.09,
    "weightedAverageShsOut": 492070000,
    "weightedAverageShsOutDil": 492070000,
    "link": "https://www.sec.gov/Archives/edgar/data/831001/000104746906002377/0001047469-06-002377-index.htm",
    "finalLink": "https://www.sec.gov/Archives/edgar/data/831001/000104746906002377/a2167745z10-k.htm"
  },
  {
    "date": "2005-09-30",
    "symbol": "C",
    "reportedCurrency": "USD",
    "cik": "0000831001",
    "fillingDate": "2005-11-04",
    "acceptedDate": "2005-11-04 17:15:04",
    "calendarYear": "2005",
    "period": "Q3",
    "revenue": 31147000000,
    "costOfRevenue": 12174000000,
    "grossProfit": 18973000000,
    "grossProfitRatio": 0.6091437378,
    "researchAndDevelopmentExpenses": 0,
    "generalAndAdministrativeExpenses": 7007000000,
    "sellingAndMarketingExpenses": 587000000,
    "sellingGeneralAndAdministrativeExpenses": 7594000000,
    "otherExpenses": 4227000000,
    "operatingExpenses": 11821000000,
    "costAndExpenses": 23995000000,
    "interestIncome": 19344000000,
    "interestExpense": 9649000000,
    "depreciationAndAmortization": 724000000,
    "ebitda": 7876000000,
    "ebitdaratio": 0.2528654445,
    "operatingIncome": 7152000000,
    "operatingIncomeRatio": 0.2296208303,
    "totalOtherIncomeExpensesNet": 0,
    "incomeBeforeTax": 7152000000,
    "incomeBeforeTaxRatio": 0.2296208303,
    "incomeTaxExpense": 2164000000,
    "netIncome": 7143000000,
    "netIncomeRatio": 0.2293318779,
    "eps": 14.1,
    "epsdiluted": 13.8,
    "weightedAverageShsOut": 505830000,
    "weightedAverageShsOutDil": 514600000,
    "link": "https://www.sec.gov/Archives/edgar/data/831001/000104746905026284/0001047469-05-026284-index.htm",
    "finalLink": "https://www.sec.gov/Archives/edgar/data/831001/000104746905026284/a2164819z10-q.htm"
  },
  {
    "date": "2005-06-30",
    "symbol": "C",
    "reportedCurrency": "USD",
    "cik": "0000831001",
    "fillingDate": "2005-08-04",
    "acceptedDate": "2005-08-04 17:18:28",
    "calendarYear": "2005",
    "period": "Q2",
    "revenue": 28837000000,
    "costOfRevenue": 10388000000,
    "grossProfit": 18449000000,
    "grossProfitRatio": 0.6397683532,
    "researchAndDevelopmentExpenses": 0,
    "generalAndAdministrativeExpenses": 6248000000,
    "sellingAndMarketingExpenses": 620000000,
    "sellingGeneralAndAdministrativeExpenses": 6868000000,
    "otherExpenses": 4671000000,
    "operatingExpenses": 11539000000,
    "costAndExpenses": 21927000000,
    "interestIncome": 18467000000,
    "interestExpense": 8668000000,
    "depreciationAndAmortization": 588000000,
    "ebitda": 7498000000,
    "ebitdaratio": 0.2600131775,
    "operatingIncome": 6910000000,
    "operatingIncomeRatio": 0.2396227069,
    "totalOtherIncomeExpensesNet": 0,
    "incomeBeforeTax": 6910000000,
    "incomeBeforeTaxRatio": 0.2396227069,
    "incomeTaxExpense": 2179000000,
    "netIncome": 5073000000,
    "netIncomeRatio": 0.1759198252,
    "eps": 9.9,
    "epsdiluted": 9.7,
    "weightedAverageShsOut": 511910000,
    "weightedAverageShsOutDil": 520810000,
    "link": "https://www.sec.gov/Archives/edgar/data/831001/000104746905020788/0001047469-05-020788-index.htm",
    "finalLink": "https://www.sec.gov/Archives/edgar/data/831001/000104746905020788/a2161777z10-q.htm"
  },
  {
    "date": "2005-03-31",
    "symbol": "C",
    "reportedCurrency": "USD",
    "cik": "0000831001",
    "fillingDate": "2005-05-04",
    "acceptedDate": "2005-05-04 17:17:59",
    "calendarYear": "2005",
    "period": "Q1",
    "revenue": 28620000000,
    "costOfRevenue": 9237000000,
    "grossProfit": 19383000000,
    "grossProfitRatio": 0.6772536688,
    "researchAndDevelopmentExpenses": 0,
    "generalAndAdministrativeExpenses": 6703000000,
    "sellingAndMarketingExpenses": 641000000,
    "sellingGeneralAndAdministrativeExpenses": 7344000000,
    "otherExpenses": 4440000000,
    "operatingExpenses": 11784000000,
    "costAndExpenses": 21021000000,
    "interestIncome": 17535000000,
    "interestExpense": 7424000000,
    "depreciationAndAmortization": 610000000,
    "ebitda": 8209000000,
    "ebitdaratio": 0.2868273934,
    "operatingIncome": 7599000000,
    "operatingIncomeRatio": 0.2655136268,
    "totalOtherIncomeExpensesNet": 0,
    "incomeBeforeTax": 7599000000,
    "incomeBeforeTaxRatio": 0.2655136268,
    "incomeTaxExpense": 2484000000,
    "netIncome": 5441000000,
    "netIncomeRatio": 0.1901118099,
    "eps": 10.6,
    "epsdiluted": 10.4,
    "weightedAverageShsOut": 513330000,
    "weightedAverageShsOutDil": 522600000,
    "link": "https://www.sec.gov/Archives/edgar/data/831001/000104746905013167/0001047469-05-013167-index.htm",
    "finalLink": "https://www.sec.gov/Archives/edgar/data/831001/000104746905013167/a2157496z10-q.htm"
  },
  {
    "date": "2004-12-31",
    "symbol": "C",
    "reportedCurrency": "USD",
    "cik": "0000831001",
    "fillingDate": "2005-02-28",
    "acceptedDate": "2005-02-28 17:10:27",
    "calendarYear": "2004",
    "period": "Q4",
    "revenue": 28605000000,
    "costOfRevenue": 8105000000,
    "grossProfit": 20500000000,
    "grossProfitRatio": 0.7166579269,
    "researchAndDevelopmentExpenses": 0,
    "generalAndAdministrativeExpenses": 7327000000,
    "sellingAndMarketingExpenses": 0,
    "sellingGeneralAndAdministrativeExpenses": 7327000000,
    "otherExpenses": 5695000000,
    "operatingExpenses": 13022000000,
    "costAndExpenses": 21127000000,
    "interestIncome": 17753000000,
    "interestExpense": 6719000000,
    "depreciationAndAmortization": -1327000000,
    "ebitda": 6151000000,
    "ebitdaratio": 0.215032337,
    "operatingIncome": 7478000000,
    "operatingIncomeRatio": 0.2614228282,
    "totalOtherIncomeExpensesNet": 0,
    "incomeBeforeTax": 7478000000,
    "incomeBeforeTaxRatio": 0.2614228282,
    "incomeTaxExpense": 2157000000,
    "netIncome": 5321000000,
    "netIncomeRatio": 0.1860164307,
    "eps": 10.37,
    "epsdiluted": 10.37,
    "weightedAverageShsOut": 512040000,
    "weightedAverageShsOutDil": 513330000,
    "link": "https://www.sec.gov/Archives/edgar/data/831001/000104746905004988/0001047469-05-004988-index.htm",
    "finalLink": "https://www.sec.gov/Archives/edgar/data/831001/000104746905004988/a2152655z10-k.htm"
  },
  {
    "date": "2004-09-30",
    "symbol": "C",
    "reportedCurrency": "USD",
    "cik": "0000831001",
    "fillingDate": "2004-11-04",
    "acceptedDate": "2004-11-04 16:55:16",
    "calendarYear": "2004",
    "period": "Q3",
    "revenue": 24611000000,
    "costOfRevenue": 6902000000,
    "grossProfit": 17709000000,
    "grossProfitRatio": 0.719556296,
    "researchAndDevelopmentExpenses": 0,
    "generalAndAdministrativeExpenses": 5627000000,
    "sellingAndMarketingExpenses": 661000000,
    "sellingGeneralAndAdministrativeExpenses": 6288000000,
    "otherExpenses": 4166000000,
    "operatingExpenses": 10454000000,
    "costAndExpenses": 17356000000,
    "interestIncome": 16199000000,
    "interestExpense": 5873000000,
    "depreciationAndAmortization": 758000000,
    "ebitda": 8013000000,
    "ebitdaratio": 0.32558612,
    "operatingIncome": 7255000000,
    "operatingIncomeRatio": 0.2947868839,
    "totalOtherIncomeExpensesNet": 0,
    "incomeBeforeTax": 7255000000,
    "incomeBeforeTaxRatio": 0.2947868839,
    "incomeTaxExpense": 2229000000,
    "netIncome": 5308000000,
    "netIncomeRatio": 0.2156759173,
    "eps": 10.3,
    "epsdiluted": 10.2,
    "weightedAverageShsOut": 511230000,
    "weightedAverageShsOutDil": 520560000,
    "link": "https://www.sec.gov/Archives/edgar/data/831001/000104746904033138/0001047469-04-033138-index.htm",
    "finalLink": "https://www.sec.gov/Archives/edgar/data/831001/000104746904033138/a2146111z10-q.htm"
  },
  {
    "date": "2004-06-30",
    "symbol": "C",
    "reportedCurrency": "USD",
    "cik": "0000831001",
    "fillingDate": "2004-08-04",
    "acceptedDate": "2004-08-04 16:45:33",
    "calendarYear": "2004",
    "period": "Q2",
    "revenue": 25826000000,
    "costOfRevenue": 6559000000,
    "grossProfit": 19267000000,
    "grossProfitRatio": 0.7460311314,
    "researchAndDevelopmentExpenses": 0,
    "generalAndAdministrativeExpenses": 5927000000,
    "sellingAndMarketingExpenses": 643000000,
    "sellingGeneralAndAdministrativeExpenses": 6570000000,
    "otherExpenses": 11864000000,
    "operatingExpenses": 18434000000,
    "costAndExpenses": 24993000000,
    "interestIncome": 15421000000,
    "interestExpense": 4971000000,
    "depreciationAndAmortization": 700000000,
    "ebitda": 1533000000,
    "ebitdaratio": 0.0593587857,
    "operatingIncome": 833000000,
    "operatingIncomeRatio": 0.0322543174,
    "totalOtherIncomeExpensesNet": 0,
    "incomeBeforeTax": 833000000,
    "incomeBeforeTaxRatio": 0.0322543174,
    "incomeTaxExpense": -83000000,
    "netIncome": 1144000000,
    "netIncomeRatio": 0.0442964454,
    "eps": 2.2,
    "epsdiluted": 2.2,
    "weightedAverageShsOut": 510050000,
    "weightedAverageShsOutDil": 520130000,
    "link": "https://www.sec.gov/Archives/edgar/data/831001/000104746904025326/0001047469-04-025326-index.htm",
    "finalLink": "https://www.sec.gov/Archives/edgar/data/831001/000104746904025326/a2141430z10-q.htm"
  },
  {
    "date": "2004-03-31",
    "symbol": "C",
    "reportedCurrency": "USD",
    "cik": "0000831001",
    "fillingDate": "2004-05-05",
    "acceptedDate": "2004-05-05 16:53:46",
    "calendarYear": "2004",
    "period": "Q1",
    "revenue": 24742000000,
    "costOfRevenue": 6690000000,
    "grossProfit": 18052000000,
    "grossProfitRatio": 0.7296095708,
    "researchAndDevelopmentExpenses": 0,
    "generalAndAdministrativeExpenses": 6105000000,
    "sellingAndMarketingExpenses": 0,
    "sellingGeneralAndAdministrativeExpenses": 6105000000,
    "otherExpenses": 4611000000,
    "operatingExpenses": 10716000000,
    "costAndExpenses": 17406000000,
    "interestIncome": 15097000000,
    "interestExpense": 4460000000,
    "depreciationAndAmortization": 556000000,
    "ebitda": 7892000000,
    "ebitdaratio": 0.3189717889,
    "operatingIncome": 7336000000,
    "operatingIncomeRatio": 0.2964998787,
    "totalOtherIncomeExpensesNet": 0,
    "incomeBeforeTax": 7336000000,
    "incomeBeforeTaxRatio": 0.2964998787,
    "incomeTaxExpense": 2312000000,
    "netIncome": 5273000000,
    "netIncomeRatio": 0.2131193921,
    "eps": 10.3,
    "epsdiluted": 10.1,
    "weightedAverageShsOut": 509560000,
    "weightedAverageShsOutDil": 520310000,
    "link": "https://www.sec.gov/Archives/edgar/data/831001/000104746904016016/0001047469-04-016016-index.htm",
    "finalLink": "https://www.sec.gov/Archives/edgar/data/831001/000104746904016016/a2135828z10-q.htm"
  },
  {
    "date": "2003-12-31",
    "symbol": "C",
    "reportedCurrency": "USD",
    "cik": "0000831001",
    "fillingDate": "2004-03-01",
    "acceptedDate": "2004-03-01 15:06:25",
    "calendarYear": "2003",
    "period": "Q4",
    "revenue": 24340000000,
    "costOfRevenue": 6379000000,
    "grossProfit": 17961000000,
    "grossProfitRatio": 0.7379211175,
    "researchAndDevelopmentExpenses": 0,
    "generalAndAdministrativeExpenses": 6226000000,
    "sellingAndMarketingExpenses": 0,
    "sellingGeneralAndAdministrativeExpenses": 6226000000,
    "otherExpenses": 4863000000,
    "operatingExpenses": 11089000000,
    "costAndExpenses": 17468000000,
    "interestIncome": 14761000000,
    "interestExpense": 4186000000,
    "depreciationAndAmortization": 558000000,
    "ebitda": 7430000000,
    "ebitdaratio": 0.3052588332,
    "operatingIncome": 6872000000,
    "operatingIncomeRatio": 0.2823336072,
    "totalOtherIncomeExpensesNet": 0,
    "incomeBeforeTax": 6872000000,
    "incomeBeforeTaxRatio": 0.2823336072,
    "incomeTaxExpense": 2112000000,
    "netIncome": 4760000000,
    "netIncomeRatio": 0.1955628595,
    "eps": 9.34,
    "epsdiluted": 9.34,
    "weightedAverageShsOut": 509560000,
    "weightedAverageShsOutDil": 509560000,
    "link": "https://www.sec.gov/Archives/edgar/data/831001/000104746904006087/0001047469-04-006087-index.htm",
    "finalLink": "https://www.sec.gov/Archives/edgar/data/831001/000104746904006087/a2129612z10-k.htm"
  },
  {
    "date": "2003-09-30",
    "symbol": "C",
    "reportedCurrency": "USD",
    "cik": "0000831001",
    "fillingDate": "2003-11-04",
    "acceptedDate": "2003-11-04 06:47:54",
    "calendarYear": "2003",
    "period": "Q3",
    "revenue": 23334000000,
    "costOfRevenue": 5550000000,
    "grossProfit": 17784000000,
    "grossProfitRatio": 0.7621496529,
    "researchAndDevelopmentExpenses": 0,
    "generalAndAdministrativeExpenses": 6335000000,
    "sellingAndMarketingExpenses": 0,
    "sellingGeneralAndAdministrativeExpenses": 6335000000,
    "otherExpenses": 4550000000,
    "operatingExpenses": 10885000000,
    "costAndExpenses": 16435000000,
    "interestIncome": 13853000000,
    "interestExpense": 3936000000,
    "depreciationAndAmortization": 521000000,
    "ebitda": 7420000000,
    "ebitdaratio": 0.3179909145,
    "operatingIncome": 6899000000,
    "operatingIncomeRatio": 0.2956629811,
    "totalOtherIncomeExpensesNet": 0,
    "incomeBeforeTax": 6899000000,
    "incomeBeforeTaxRatio": 0.2956629811,
    "incomeTaxExpense": 2208000000,
    "netIncome": 4691000000,
    "netIncomeRatio": 0.2010371132,
    "eps": 9.2,
    "epsdiluted": 9,
    "weightedAverageShsOut": 509680000,
    "weightedAverageShsOutDil": 520650000,
    "link": "https://www.sec.gov/Archives/edgar/data/831001/000104746903035889/0001047469-03-035889-index.htm",
    "finalLink": "https://www.sec.gov/Archives/edgar/data/831001/000104746903035889/a2121790z10-q.htm"
  },
  {
    "date": "2003-06-30",
    "symbol": "C",
    "reportedCurrency": "USD",
    "cik": "0000831001",
    "fillingDate": "2003-08-04",
    "acceptedDate": "2003-08-01 17:44:16",
    "calendarYear": "2003",
    "period": "Q2",
    "revenue": 23840000000,
    "costOfRevenue": 6672000000,
    "grossProfit": 17168000000,
    "grossProfitRatio": 0.7201342282,
    "researchAndDevelopmentExpenses": 0,
    "generalAndAdministrativeExpenses": 6445000000,
    "sellingAndMarketingExpenses": 0,
    "sellingGeneralAndAdministrativeExpenses": 6445000000,
    "otherExpenses": 4468000000,
    "operatingExpenses": 10913000000,
    "costAndExpenses": 17585000000,
    "interestIncome": 14088000000,
    "interestExpense": 4486000000,
    "depreciationAndAmortization": 532000000,
    "ebitda": 6787000000,
    "ebitdaratio": 0.2846895973,
    "operatingIncome": 6255000000,
    "operatingIncomeRatio": 0.2623741611,
    "totalOtherIncomeExpensesNet": 0,
    "incomeBeforeTax": 6255000000,
    "incomeBeforeTaxRatio": 0.2623741611,
    "incomeTaxExpense": 1956000000,
    "netIncome": 4299000000,
    "netIncomeRatio": 0.1803271812,
    "eps": 8.4,
    "epsdiluted": 8.3,
    "weightedAverageShsOut": 508550000,
    "weightedAverageShsOutDil": 518400000,
    "link": "https://www.sec.gov/Archives/edgar/data/831001/000110465903016457/0001104659-03-016457-index.htm",
    "finalLink": "https://www.sec.gov/Archives/edgar/data/831001/000110465903016457/a03-1718_110q.htm"
  },
  {
    "date": "2003-03-31",
    "symbol": "C",
    "reportedCurrency": "USD",
    "cik": "0000831001",
    "fillingDate": "2003-05-02",
    "acceptedDate": "2003-05-02 17:11:34",
    "calendarYear": "2003",
    "period": "Q1",
    "revenue": 23199000000,
    "costOfRevenue": 6716000000,
    "grossProfit": 16483000000,
    "grossProfitRatio": 0.7105047631,
    "researchAndDevelopmentExpenses": 0,
    "generalAndAdministrativeExpenses": 6177000000,
    "sellingAndMarketingExpenses": 0,
    "sellingGeneralAndAdministrativeExpenses": 6177000000,
    "otherExpenses": 4284000000,
    "operatingExpenses": 10461000000,
    "costAndExpenses": 17177000000,
    "interestIncome": 14345000000,
    "interestExpense": 4663000000,
    "depreciationAndAmortization": 509000000,
    "ebitda": 6531000000,
    "ebitdaratio": 0.2815207552,
    "operatingIncome": 6022000000,
    "operatingIncomeRatio": 0.2595801543,
    "totalOtherIncomeExpensesNet": 0,
    "incomeBeforeTax": 6022000000,
    "incomeBeforeTaxRatio": 0.2595801543,
    "incomeTaxExpense": 1919000000,
    "netIncome": 4103000000,
    "netIncomeRatio": 0.1768610716,
    "eps": 8,
    "epsdiluted": 7.9,
    "weightedAverageShsOut": 509490000,
    "weightedAverageShsOutDil": 516870000,
    "link": "https://www.sec.gov/Archives/edgar/data/831001/000104746903016505/0001047469-03-016505-index.htm",
    "finalLink": "https://www.sec.gov/Archives/edgar/data/831001/000104746903016505/a2109977z10-q.txt"
  },
  {
    "date": "2002-12-31",
    "symbol": "C",
    "reportedCurrency": "USD",
    "cik": "0000831001",
    "fillingDate": "2003-03-03",
    "acceptedDate": "2003-03-03 12:57:31",
    "calendarYear": "2002",
    "period": "Q4",
    "revenue": 22796000000,
    "costOfRevenue": 7613000000,
    "grossProfit": 15183000000,
    "grossProfitRatio": 0.6660379014,
    "researchAndDevelopmentExpenses": 0,
    "generalAndAdministrativeExpenses": 6940000000,
    "sellingAndMarketingExpenses": 0,
    "sellingGeneralAndAdministrativeExpenses": 6940000000,
    "otherExpenses": 4610000000,
    "operatingExpenses": 11550000000,
    "costAndExpenses": 19163000000,
    "interestIncome": 14752000000,
    "interestExpense": 4923000000,
    "depreciationAndAmortization": 655000000,
    "ebitda": 4288000000,
    "ebitdaratio": 0.188103176,
    "operatingIncome": 3633000000,
    "operatingIncomeRatio": 0.1593700649,
    "totalOtherIncomeExpensesNet": 0,
    "incomeBeforeTax": 3633000000,
    "incomeBeforeTaxRatio": 0.1593700649,
    "incomeTaxExpense": 1204000000,
    "netIncome": 2429000000,
    "netIncomeRatio": 0.1065537814,
    "eps": 4.77,
    "epsdiluted": 4.7,
    "weightedAverageShsOut": 506810000,
    "weightedAverageShsOutDil": 509490000,
    "link": "https://www.sec.gov/Archives/edgar/data/831001/000104746903007460/0001047469-03-007460-index.htm",
    "finalLink": "https://www.sec.gov/Archives/edgar/data/831001/000104746903007460/a2104619z10-k.txt"
  },
  {
    "date": "2002-09-30",
    "symbol": "C",
    "reportedCurrency": "USD",
    "cik": "0000831001",
    "fillingDate": "2002-11-13",
    "acceptedDate": "2002-11-13 12:44:11",
    "calendarYear": "2002",
    "period": "Q3",
    "revenue": 23505000000,
    "costOfRevenue": 8550000000,
    "grossProfit": 14955000000,
    "grossProfitRatio": 0.6362476069,
    "researchAndDevelopmentExpenses": 0,
    "generalAndAdministrativeExpenses": 5274000000,
    "sellingAndMarketingExpenses": 0,
    "sellingGeneralAndAdministrativeExpenses": 5274000000,
    "otherExpenses": 4077000000,
    "operatingExpenses": 9351000000,
    "costAndExpenses": 17901000000,
    "interestIncome": 15084000000,
    "interestExpense": 5861000000,
    "depreciationAndAmortization": 554000000,
    "ebitda": 6158000000,
    "ebitdaratio": 0.2619868113,
    "operatingIncome": 5604000000,
    "operatingIncomeRatio": 0.238417358,
    "totalOtherIncomeExpensesNet": 0,
    "incomeBeforeTax": 5604000000,
    "incomeBeforeTaxRatio": 0.238417358,
    "incomeTaxExpense": 1898000000,
    "netIncome": 3920000000,
    "netIncomeRatio": 0.166773027,
    "eps": 7.7,
    "epsdiluted": 7.6,
    "weightedAverageShsOut": 503660000,
    "weightedAverageShsOutDil": 511050000,
    "link": "https://www.sec.gov/Archives/edgar/data/831001/000104746902002817/0001047469-02-002817-index.htm",
    "finalLink": "https://www.sec.gov/Archives/edgar/data/831001/000104746902002817/a2093248z10-q.txt"
  },
  {
    "date": "2002-06-30",
    "symbol": "C",
    "reportedCurrency": "USD",
    "cik": "0000831001",
    "fillingDate": "2002-08-07",
    "acceptedDate": "2002-08-07 17:25:13",
    "calendarYear": "2002",
    "period": "Q2",
    "revenue": 23601000000,
    "costOfRevenue": 7665000000,
    "grossProfit": 15936000000,
    "grossProfitRatio": 0.675225626,
    "researchAndDevelopmentExpenses": 0,
    "generalAndAdministrativeExpenses": 5904000000,
    "sellingAndMarketingExpenses": 0,
    "sellingGeneralAndAdministrativeExpenses": 5904000000,
    "otherExpenses": 4186000000,
    "operatingExpenses": 10090000000,
    "costAndExpenses": 17755000000,
    "interestIncome": 15000000000,
    "interestExpense": 5608000000,
    "depreciationAndAmortization": 355000000,
    "ebitda": 6201000000,
    "ebitdaratio": 0.2627431041,
    "operatingIncome": 5846000000,
    "operatingIncomeRatio": 0.2477013686,
    "totalOtherIncomeExpensesNet": 0,
    "incomeBeforeTax": 5846000000,
    "incomeBeforeTaxRatio": 0.2477013686,
    "incomeTaxExpense": 2017000000,
    "netIncome": 4084000000,
    "netIncomeRatio": 0.1730435151,
    "eps": 8,
    "epsdiluted": 7.8,
    "weightedAverageShsOut": 509670000,
    "weightedAverageShsOutDil": 518580000,
    "link": "https://www.sec.gov/Archives/edgar/data/831001/000091205702030317/0000912057-02-030317-index.htm",
    "finalLink": "https://www.sec.gov/Archives/edgar/data/831001/000091205702030317/a2086257z10-q.txt"
  },
  {
    "date": "2002-03-31",
    "symbol": "C",
    "reportedCurrency": "USD",
    "cik": "0000831001",
    "fillingDate": "2002-05-14",
    "acceptedDate": "2002-05-14 17:22:30",
    "calendarYear": "2002",
    "period": "Q1",
    "revenue": 22654000000,
    "costOfRevenue": 7415000000,
    "grossProfit": 15239000000,
    "grossProfitRatio": 0.6726847356,
    "researchAndDevelopmentExpenses": 0,
    "generalAndAdministrativeExpenses": 5893000000,
    "sellingAndMarketingExpenses": 0,
    "sellingGeneralAndAdministrativeExpenses": 5893000000,
    "otherExpenses": 3983000000,
    "operatingExpenses": 9876000000,
    "costAndExpenses": 17291000000,
    "interestIncome": 14103000000,
    "interestExpense": 4856000000,
    "depreciationAndAmortization": 362000000,
    "ebitda": 5725000000,
    "ebitdaratio": 0.2527147524,
    "operatingIncome": 5363000000,
    "operatingIncomeRatio": 0.2367352344,
    "totalOtherIncomeExpensesNet": 0,
    "incomeBeforeTax": 5363000000,
    "incomeBeforeTaxRatio": 0.2367352344,
    "incomeTaxExpense": 1879000000,
    "netIncome": 4843000000,
    "netIncomeRatio": 0.2137812307,
    "eps": 9.4,
    "epsdiluted": 9.3,
    "weightedAverageShsOut": 511050000,
    "weightedAverageShsOutDil": 520980000,
    "link": "https://www.sec.gov/Archives/edgar/data/831001/000091205702020312/0000912057-02-020312-index.htm",
    "finalLink": "https://www.sec.gov/Archives/edgar/data/831001/000091205702020312/a2079870z10-q.txt"
  },
  {
    "date": "2001-12-31",
    "symbol": "C",
    "reportedCurrency": "USD",
    "cik": "0000831001",
    "fillingDate": "2002-03-12",
    "acceptedDate": "2002-03-12 00:00:00",
    "calendarYear": "2001",
    "period": "Q4",
    "revenue": 26650000000,
    "costOfRevenue": 7907000000,
    "grossProfit": 18743000000,
    "grossProfitRatio": 0.7033020638,
    "researchAndDevelopmentExpenses": 0,
    "generalAndAdministrativeExpenses": 7781000000,
    "sellingAndMarketingExpenses": 0,
    "sellingGeneralAndAdministrativeExpenses": 7781000000,
    "otherExpenses": 5189000000,
    "operatingExpenses": 12970000000,
    "costAndExpenses": 20877000000,
    "interestIncome": 15510000000,
    "interestExpense": 5646000000,
    "depreciationAndAmortization": 1044000000,
    "ebitda": 6817000000,
    "ebitdaratio": 0.2557973734,
    "operatingIncome": 5773000000,
    "operatingIncomeRatio": 0.2166228893,
    "totalOtherIncomeExpensesNet": 0,
    "incomeBeforeTax": 5773000000,
    "incomeBeforeTaxRatio": 0.2166228893,
    "incomeTaxExpense": 1898000000,
    "netIncome": 3875000000,
    "netIncomeRatio": 0.1454033771,
    "eps": 7.58,
    "epsdiluted": 7.58,
    "weightedAverageShsOut": 510160000,
    "weightedAverageShsOutDil": 511050000,
    "link": "https://www.sec.gov/Archives/edgar/data/831001/000091205702009629/0000912057-02-009629-index.htm",
    "finalLink": "https://www.sec.gov/Archives/edgar/data/831001/000091205702009629/a2072503z10-k405.txt"
  },
  {
    "date": "2001-09-30",
    "symbol": "C",
    "reportedCurrency": "USD",
    "cik": "0000831001",
    "fillingDate": "2001-11-14",
    "acceptedDate": "2001-11-14 00:00:00",
    "calendarYear": "2001",
    "period": "Q3",
    "revenue": 24482000000,
    "costOfRevenue": 9864000000,
    "grossProfit": 14618000000,
    "grossProfitRatio": 0.5970917409,
    "researchAndDevelopmentExpenses": 0,
    "generalAndAdministrativeExpenses": 5345000000,
    "sellingAndMarketingExpenses": 0,
    "sellingGeneralAndAdministrativeExpenses": 5345000000,
    "otherExpenses": 4267000000,
    "operatingExpenses": 9612000000,
    "costAndExpenses": 19476000000,
    "interestIncome": 16598000000,
    "interestExpense": 8284000000,
    "depreciationAndAmortization": -332000000,
    "ebitda": 4674000000,
    "ebitdaratio": 0.1909157749,
    "operatingIncome": 5006000000,
    "operatingIncomeRatio": 0.2044767584,
    "totalOtherIncomeExpensesNet": 0,
    "incomeBeforeTax": 5006000000,
    "incomeBeforeTaxRatio": 0.2044767584,
    "incomeTaxExpense": 1771000000,
    "netIncome": 3177000000,
    "netIncomeRatio": 0.1297688097,
    "eps": 6.2,
    "epsdiluted": 6.1,
    "weightedAverageShsOut": 506080000,
    "weightedAverageShsOutDil": 516900000,
    "link": "https://www.sec.gov/Archives/edgar/data/831001/000091205701539887/0000912057-01-539887-index.htm",
    "finalLink": "https://www.sec.gov/Archives/edgar/data/831001/000091205701539887/a2063572z10-q.txt"
  },
  {
    "date": "2001-06-30",
    "symbol": "C",
    "reportedCurrency": "USD",
    "cik": "0000831001",
    "fillingDate": "2001-08-13",
    "acceptedDate": "2001-08-13 00:00:00",
    "calendarYear": "2001",
    "period": "Q2",
    "revenue": 27854000000,
    "costOfRevenue": 9954000000,
    "grossProfit": 17900000000,
    "grossProfitRatio": 0.6426366052,
    "researchAndDevelopmentExpenses": 0,
    "generalAndAdministrativeExpenses": 7443000000,
    "sellingAndMarketingExpenses": 0,
    "sellingGeneralAndAdministrativeExpenses": 7443000000,
    "otherExpenses": 4845000000,
    "operatingExpenses": 12288000000,
    "costAndExpenses": 22242000000,
    "interestIncome": 16766000000,
    "interestExpense": 8469000000,
    "depreciationAndAmortization": 1152000000,
    "ebitda": 6764000000,
    "ebitdaratio": 0.2428376535,
    "operatingIncome": 5612000000,
    "operatingIncomeRatio": 0.2014791412,
    "totalOtherIncomeExpensesNet": 0,
    "incomeBeforeTax": 5612000000,
    "incomeBeforeTaxRatio": 0.2014791412,
    "incomeTaxExpense": 1960000000,
    "netIncome": 3536000000,
    "netIncomeRatio": 0.1269476556,
    "eps": 7,
    "epsdiluted": 6.9,
    "weightedAverageShsOut": 497960000,
    "weightedAverageShsOutDil": 510000000,
    "link": "https://www.sec.gov/Archives/edgar/data/831001/000091205701528176/0000912057-01-528176-index.htm",
    "finalLink": "https://www.sec.gov/Archives/edgar/data/831001/000091205701528176/a2056928z10-q.txt"
  },
  {
    "date": "2001-03-31",
    "symbol": "C",
    "reportedCurrency": "USD",
    "cik": "0000831001",
    "fillingDate": "2001-05-14",
    "acceptedDate": "2001-05-14 00:00:00",
    "calendarYear": "2001",
    "period": "Q1",
    "revenue": 29804000000,
    "costOfRevenue": 10997000000,
    "grossProfit": 18807000000,
    "grossProfitRatio": 0.6310226815,
    "researchAndDevelopmentExpenses": 0,
    "generalAndAdministrativeExpenses": 8056000000,
    "sellingAndMarketingExpenses": 0,
    "sellingGeneralAndAdministrativeExpenses": 8056000000,
    "otherExpenses": 5181000000,
    "operatingExpenses": 13237000000,
    "costAndExpenses": 24234000000,
    "interestIncome": 17173000000,
    "interestExpense": 9523000000,
    "depreciationAndAmortization": 1118000000,
    "ebitda": 6688000000,
    "ebitdaratio": 0.2243994095,
    "operatingIncome": 5570000000,
    "operatingIncomeRatio": 0.1868876661,
    "totalOtherIncomeExpensesNet": 0,
    "incomeBeforeTax": 5570000000,
    "incomeBeforeTaxRatio": 0.1868876661,
    "incomeTaxExpense": 1990000000,
    "netIncome": 3538000000,
    "netIncomeRatio": 0.1187088981,
    "eps": 7,
    "epsdiluted": 6.9,
    "weightedAverageShsOut": 498470000,
    "weightedAverageShsOutDil": 511000000,
    "link": "https://www.sec.gov/Archives/edgar/data/831001/000091205701515429/0000912057-01-515429-index.htm",
    "finalLink": "https://www.sec.gov/Archives/edgar/data/831001/000091205701515429/a2049100z10-q.txt"
  },
  {
    "date": "2000-12-31",
    "symbol": "C",
    "reportedCurrency": "USD",
    "cik": "0000831001",
    "fillingDate": "2001-03-14",
    "acceptedDate": "2001-03-14 00:00:00",
    "calendarYear": "2000",
    "period": "Q4",
    "revenue": 39349000000,
    "costOfRevenue": 16630000000,
    "grossProfit": 22719000000,
    "grossProfitRatio": 0.5773717248,
    "researchAndDevelopmentExpenses": 0,
    "generalAndAdministrativeExpenses": 9204000000,
    "sellingAndMarketingExpenses": 0,
    "sellingGeneralAndAdministrativeExpenses": 9204000000,
    "otherExpenses": 7535000000,
    "operatingExpenses": 16739000000,
    "costAndExpenses": 33369000000,
    "interestIncome": 25777000000,
    "interestExpense": 13386000000,
    "depreciationAndAmortization": 1658000000,
    "ebitda": 7638000000,
    "ebitdaratio": 0.194109126,
    "operatingIncome": 5980000000,
    "operatingIncomeRatio": 0.1519733665,
    "totalOtherIncomeExpensesNet": 0,
    "incomeBeforeTax": 5980000000,
    "incomeBeforeTaxRatio": 0.1519733665,
    "incomeTaxExpense": 2144000000,
    "netIncome": 3836000000,
    "netIncomeRatio": 0.0974865943,
    "eps": 7.7,
    "epsdiluted": 7.7,
    "weightedAverageShsOut": 497670000,
    "weightedAverageShsOutDil": 498470000,
    "link": "https://www.sec.gov/Archives/edgar/data/831001/000091205701007605/0000912057-01-007605-index.htm",
    "finalLink": "https://www.sec.gov/Archives/edgar/data/831001/000091205701007605/a2040499z10-k405.txt"
  },
  {
    "date": "2000-09-30",
    "symbol": "C",
    "reportedCurrency": "USD",
    "cik": "0000831001",
    "fillingDate": "2000-11-13",
    "acceptedDate": "2000-11-13 00:00:00",
    "calendarYear": "2000",
    "period": "Q3",
    "revenue": 28624000000,
    "costOfRevenue": 11010000000,
    "grossProfit": 17614000000,
    "grossProfitRatio": 0.6153577418,
    "researchAndDevelopmentExpenses": 0,
    "generalAndAdministrativeExpenses": 7377000000,
    "sellingAndMarketingExpenses": 0,
    "sellingGeneralAndAdministrativeExpenses": 7377000000,
    "otherExpenses": 4795000000,
    "operatingExpenses": 12172000000,
    "costAndExpenses": 23182000000,
    "interestIncome": 16889000000,
    "interestExpense": 9789000000,
    "depreciationAndAmortization": 1487000000,
    "ebitda": 6929000000,
    "ebitdaratio": 0.242069592,
    "operatingIncome": 5442000000,
    "operatingIncomeRatio": 0.1901201789,
    "totalOtherIncomeExpensesNet": 0,
    "incomeBeforeTax": 5442000000,
    "incomeBeforeTaxRatio": 0.1901201789,
    "incomeTaxExpense": 1958000000,
    "netIncome": 3484000000,
    "netIncomeRatio": 0.1217160425,
    "eps": 6.9,
    "epsdiluted": 6.7,
    "weightedAverageShsOut": 497870000,
    "weightedAverageShsOutDil": 513480000,
    "link": "https://www.sec.gov/Archives/edgar/data/831001/000100547700007751/0001005477-00-007751-index.htm",
    "finalLink": "https://www.sec.gov/Archives/edgar/data/831001/000100547700007751/0001005477-00-007751-0001.txt"
  },
  {
    "date": "2000-06-30",
    "symbol": "C",
    "reportedCurrency": "USD",
    "cik": "0000831001",
    "fillingDate": "2000-08-11",
    "acceptedDate": "2000-08-11 00:00:00",
    "calendarYear": "2000",
    "period": "Q2",
    "revenue": 23695000000,
    "costOfRevenue": 8502000000,
    "grossProfit": 15193000000,
    "grossProfitRatio": 0.6411901245,
    "researchAndDevelopmentExpenses": 0,
    "generalAndAdministrativeExpenses": 6495000000,
    "sellingAndMarketingExpenses": 0,
    "sellingGeneralAndAdministrativeExpenses": 6495000000,
    "otherExpenses": 4077000000,
    "operatingExpenses": 10572000000,
    "costAndExpenses": 19074000000,
    "interestIncome": 13144000000,
    "interestExpense": 7791000000,
    "depreciationAndAmortization": 1136000000,
    "ebitda": 5757000000,
    "ebitdaratio": 0.2429626503,
    "operatingIncome": 4621000000,
    "operatingIncomeRatio": 0.1950200464,
    "totalOtherIncomeExpensesNet": 0,
    "incomeBeforeTax": 4621000000,
    "incomeBeforeTaxRatio": 0.1950200464,
    "incomeTaxExpense": 1616000000,
    "netIncome": 3005000000,
    "netIncomeRatio": 0.1268200042,
    "eps": 6.7,
    "epsdiluted": 6.5,
    "weightedAverageShsOut": 444360000,
    "weightedAverageShsOutDil": 458690000,
    "link": "https://www.sec.gov/Archives/edgar/data/831001/000100547700005689/0001005477-00-005689-index.htm",
    "finalLink": "https://www.sec.gov/Archives/edgar/data/831001/000100547700005689/0001005477-00-005689-0001.txt"
  },
  {
    "date": "2000-03-31",
    "symbol": "C",
    "reportedCurrency": "USD",
    "cik": "0000831001",
    "fillingDate": "2000-05-12",
    "acceptedDate": "2000-05-12 00:00:00",
    "calendarYear": "2000",
    "period": "Q1",
    "revenue": 26815000000,
    "costOfRevenue": 8994000000,
    "grossProfit": 17821000000,
    "grossProfitRatio": 0.6645907142,
    "researchAndDevelopmentExpenses": 0,
    "generalAndAdministrativeExpenses": 6963000000,
    "sellingAndMarketingExpenses": 0,
    "sellingGeneralAndAdministrativeExpenses": 6963000000,
    "otherExpenses": 4835000000,
    "operatingExpenses": 11798000000,
    "costAndExpenses": 20792000000,
    "interestIncome": 14443000000,
    "interestExpense": 7685000000,
    "depreciationAndAmortization": 596000000,
    "ebitda": 6619000000,
    "ebitdaratio": 0.2468394555,
    "operatingIncome": 6023000000,
    "operatingIncomeRatio": 0.2246130897,
    "totalOtherIncomeExpensesNet": 0,
    "incomeBeforeTax": 6023000000,
    "incomeBeforeTaxRatio": 0.2246130897,
    "incomeTaxExpense": 2167000000,
    "netIncome": 3856000000,
    "netIncomeRatio": 0.1438001119,
    "eps": 7.7,
    "epsdiluted": 7.5,
    "weightedAverageShsOut": 497550000,
    "weightedAverageShsOutDil": 511540000,
    "link": "https://www.sec.gov/Archives/edgar/data/831001/000091205700024028/0000912057-00-024028-index.htm",
    "finalLink": "https://www.sec.gov/Archives/edgar/data/831001/000091205700024028/0000912057-00-024028.txt"
  },
  {
    "date": "1999-12-31",
    "symbol": "C",
    "reportedCurrency": "USD",
    "cik": "0000831001",
    "fillingDate": "2000-03-10",
    "acceptedDate": "2000-03-10 00:00:00",
    "calendarYear": "1999",
    "period": "Q4",
    "revenue": 20951000000,
    "costOfRevenue": 6871000000,
    "grossProfit": 14080000000,
    "grossProfitRatio": 0.6720442938,
    "researchAndDevelopmentExpenses": 0,
    "generalAndAdministrativeExpenses": 5849000000,
    "sellingAndMarketingExpenses": 0,
    "sellingGeneralAndAdministrativeExpenses": 5849000000,
    "otherExpenses": 4110000000,
    "operatingExpenses": 9959000000,
    "costAndExpenses": 16830000000,
    "interestIncome": 11334000000,
    "interestExpense": 6185000000,
    "depreciationAndAmortization": 829000000,
    "ebitda": 4950000000,
    "ebitdaratio": 0.236265572,
    "operatingIncome": 4121000000,
    "operatingIncomeRatio": 0.196697055,
    "totalOtherIncomeExpensesNet": 0,
    "incomeBeforeTax": 4121000000,
    "incomeBeforeTaxRatio": 0.196697055,
    "incomeTaxExpense": 1499000000,
    "netIncome": 2622000000,
    "netIncomeRatio": 0.1251491576,
    "eps": 5.9,
    "epsdiluted": 5.9,
    "weightedAverageShsOut": 444202000,
    "weightedAverageShsOutDil": 444202000,
    "link": "https://www.sec.gov/Archives/edgar/data/831001/000100547700002089/0001005477-00-002089-index.htm",
    "finalLink": "https://www.sec.gov/Archives/edgar/data/831001/000100547700002089/0001005477-00-002089.txt"
  },
  {
    "date": "1999-09-30",
    "symbol": "C",
    "reportedCurrency": "USD",
    "cik": "0000831001",
    "fillingDate": "1999-11-12",
    "acceptedDate": "1999-11-12 00:00:00",
    "calendarYear": "1999",
    "period": "Q3",
    "revenue": 20097000000,
    "costOfRevenue": 6708000000,
    "grossProfit": 13389000000,
    "grossProfitRatio": 0.6662188386,
    "researchAndDevelopmentExpenses": 0,
    "generalAndAdministrativeExpenses": 5789000000,
    "sellingAndMarketingExpenses": 0,
    "sellingGeneralAndAdministrativeExpenses": 5789000000,
    "otherExpenses": 3786000000,
    "operatingExpenses": 9575000000,
    "costAndExpenses": 16283000000,
    "interestIncome": 11201000000,
    "interestExpense": 6076000000,
    "depreciationAndAmortization": 877000000,
    "ebitda": 4691000000,
    "ebitdaratio": 0.2334179231,
    "operatingIncome": 3814000000,
    "operatingIncomeRatio": 0.1897795691,
    "totalOtherIncomeExpensesNet": 0,
    "incomeBeforeTax": 3814000000,
    "incomeBeforeTaxRatio": 0.1897795691,
    "incomeTaxExpense": 1379000000,
    "netIncome": 2435000000,
    "netIncomeRatio": 0.1211623625,
    "eps": 5.4,
    "epsdiluted": 5.3,
    "weightedAverageShsOut": 444267000,
    "weightedAverageShsOutDil": 458693000,
    "link": "https://www.sec.gov/Archives/edgar/data/831001/000100547799005213/0001005477-99-005213-index.htm",
    "finalLink": "https://www.sec.gov/Archives/edgar/data/831001/000100547799005213/0001005477-99-005213.txt"
  },
  {
    "date": "1999-06-30",
    "symbol": "C",
    "reportedCurrency": "USD",
    "cik": "0000831001",
    "fillingDate": "1999-08-12",
    "acceptedDate": "1999-08-12 00:00:00",
    "calendarYear": "1999",
    "period": "Q2",
    "revenue": 20436000000,
    "costOfRevenue": 6846000000,
    "grossProfit": 13590000000,
    "grossProfitRatio": 0.665002936,
    "researchAndDevelopmentExpenses": 0,
    "generalAndAdministrativeExpenses": 5766000000,
    "sellingAndMarketingExpenses": 0,
    "sellingGeneralAndAdministrativeExpenses": 5766000000,
    "otherExpenses": 3974000000,
    "operatingExpenses": 9740000000,
    "costAndExpenses": 16586000000,
    "interestIncome": 11063000000,
    "interestExpense": 6056000000,
    "depreciationAndAmortization": 799000000,
    "ebitda": 4649000000,
    "ebitdaratio": 0.2274907027,
    "operatingIncome": 3850000000,
    "operatingIncomeRatio": 0.1883930319,
    "totalOtherIncomeExpensesNet": 0,
    "incomeBeforeTax": 3850000000,
    "incomeBeforeTaxRatio": 0.1883930319,
    "incomeTaxExpense": 1402000000,
    "netIncome": 2448000000,
    "netIncomeRatio": 0.1197886083,
    "eps": 5.4,
    "epsdiluted": 5.3,
    "weightedAverageShsOut": 444360000,
    "weightedAverageShsOutDil": 460040000,
    "link": "https://www.sec.gov/Archives/edgar/data/831001/000100547799003624/0001005477-99-003624-index.htm",
    "finalLink": "https://www.sec.gov/Archives/edgar/data/831001/000100547799003624/0001005477-99-003624.txt"
  },
  {
    "date": "1999-03-31",
    "symbol": "C",
    "reportedCurrency": "USD",
    "cik": "0000831001",
    "fillingDate": "1999-05-14",
    "acceptedDate": "1999-05-14 00:00:00",
    "calendarYear": "1999",
    "period": "Q1",
    "revenue": 20521000000,
    "costOfRevenue": 7180000000,
    "grossProfit": 13341000000,
    "grossProfitRatio": 0.6501145168,
    "researchAndDevelopmentExpenses": 0,
    "generalAndAdministrativeExpenses": 5803000000,
    "sellingAndMarketingExpenses": 0,
    "sellingGeneralAndAdministrativeExpenses": 5803000000,
    "otherExpenses": 3626000000,
    "operatingExpenses": 9429000000,
    "costAndExpenses": 16609000000,
    "interestIncome": 11302000000,
    "interestExpense": 6451000000,
    "depreciationAndAmortization": 822000000,
    "ebitda": 4734000000,
    "ebitdaratio": 0.2306905122,
    "operatingIncome": 3912000000,
    "operatingIncomeRatio": 0.1906339847,
    "totalOtherIncomeExpensesNet": 0,
    "incomeBeforeTax": 3912000000,
    "incomeBeforeTaxRatio": 0.1906339847,
    "incomeTaxExpense": 1423000000,
    "netIncome": 2362000000,
    "netIncomeRatio": 0.1151016032,
    "eps": 5.3,
    "epsdiluted": 5.1,
    "weightedAverageShsOut": 445360000,
    "weightedAverageShsOutDil": 458667000,
    "link": "https://www.sec.gov/Archives/edgar/data/831001/000100547799002353/0001005477-99-002353-index.htm",
    "finalLink": "https://www.sec.gov/Archives/edgar/data/831001/0001005477-99-002353.txt"
  },
  {
    "date": "1998-12-31",
    "symbol": "C",
    "reportedCurrency": "USD",
    "cik": "0000831001",
    "fillingDate": "1999-03-08",
    "acceptedDate": "1999-03-08 00:00:00",
    "calendarYear": "1998",
    "period": "Q4",
    "revenue": 47745000000,
    "costOfRevenue": 17690000000,
    "grossProfit": 30055000000,
    "grossProfitRatio": 0.629489999,
    "researchAndDevelopmentExpenses": 0,
    "generalAndAdministrativeExpenses": 11173000000,
    "sellingAndMarketingExpenses": 0,
    "sellingGeneralAndAdministrativeExpenses": 11173000000,
    "otherExpenses": 13567000000,
    "operatingExpenses": 24740000000,
    "costAndExpenses": 42430000000,
    "interestIncome": 32876000000,
    "interestExpense": 17690000000,
    "depreciationAndAmortization": 1850000000,
    "ebitda": 7165000000,
    "ebitdaratio": 0.15006807,
    "operatingIncome": 5315000000,
    "operatingIncomeRatio": 0.1113205571,
    "totalOtherIncomeExpensesNet": 0,
    "incomeBeforeTax": 5315000000,
    "incomeBeforeTaxRatio": 0.1113205571,
    "incomeTaxExpense": 1941000000,
    "netIncome": 3374000000,
    "netIncomeRatio": 0.0706670856,
    "eps": 7.58,
    "epsdiluted": 7.58,
    "weightedAverageShsOut": 445360000,
    "weightedAverageShsOutDil": 445360000,
    "link": "https://www.sec.gov/Archives/edgar/data/831001/000104746999008860/0001047469-99-008860-index.htm",
    "finalLink": "https://www.sec.gov/Archives/edgar/data/831001/0001047469-99-008860.txt"
  },
  {
    "date": "1998-09-30",
    "symbol": "C",
    "reportedCurrency": "USD",
    "cik": "0000831001",
    "fillingDate": "1998-11-13",
    "acceptedDate": "1998-11-13 00:00:00",
    "calendarYear": "1998",
    "period": "Q3",
    "revenue": 17594000000,
    "costOfRevenue": 7999000000,
    "grossProfit": 9595000000,
    "grossProfitRatio": 0.5453563715,
    "researchAndDevelopmentExpenses": 0,
    "generalAndAdministrativeExpenses": 4918000000,
    "sellingAndMarketingExpenses": 0,
    "sellingGeneralAndAdministrativeExpenses": 4918000000,
    "otherExpenses": 3573000000,
    "operatingExpenses": 8491000000,
    "costAndExpenses": 16490000000,
    "interestIncome": 11810000000,
    "interestExpense": 7173000000,
    "depreciationAndAmortization": 1547000000,
    "ebitda": 2651000000,
    "ebitdaratio": 0.1506763669,
    "operatingIncome": 1104000000,
    "operatingIncomeRatio": 0.0627486643,
    "totalOtherIncomeExpensesNet": 0,
    "incomeBeforeTax": 1104000000,
    "incomeBeforeTaxRatio": 0.0627486643,
    "incomeTaxExpense": 375000000,
    "netIncome": 729000000,
    "netIncomeRatio": 0.04143458,
    "eps": 1.5,
    "epsdiluted": 1.5,
    "weightedAverageShsOut": 223248000,
    "weightedAverageShsOutDil": 233983000,
    "link": "https://www.sec.gov/Archives/edgar/data/831001/000104746998040485/0001047469-98-040485-index.htm",
    "finalLink": "https://www.sec.gov/Archives/edgar/data/831001/0001047469-98-040485.txt"
  },
  {
    "date": "1998-06-30",
    "symbol": "C",
    "reportedCurrency": "USD",
    "cik": "0000831001",
    "fillingDate": "1998-08-13",
    "acceptedDate": "1998-08-13 00:00:00",
    "calendarYear": "1998",
    "period": "Q2",
    "revenue": 19961000000,
    "costOfRevenue": 7652000000,
    "grossProfit": 12309000000,
    "grossProfitRatio": 0.6166524723,
    "researchAndDevelopmentExpenses": 0,
    "generalAndAdministrativeExpenses": 5476000000,
    "sellingAndMarketingExpenses": 0,
    "sellingGeneralAndAdministrativeExpenses": 5476000000,
    "otherExpenses": 3303000000,
    "operatingExpenses": 8779000000,
    "costAndExpenses": 16431000000,
    "interestIncome": 11635000000,
    "interestExpense": 6996000000,
    "depreciationAndAmortization": 85000000,
    "ebitda": 3615000000,
    "ebitdaratio": 0.1811031511,
    "operatingIncome": 3530000000,
    "operatingIncomeRatio": 0.1768448475,
    "totalOtherIncomeExpensesNet": 0,
    "incomeBeforeTax": 3530000000,
    "incomeBeforeTaxRatio": 0.1768448475,
    "incomeTaxExpense": 1290000000,
    "netIncome": 2240000000,
    "netIncomeRatio": 0.1122188267,
    "eps": 4.9,
    "epsdiluted": 4.7,
    "weightedAverageShsOut": 223128000,
    "weightedAverageShsOutDil": 234503000,
    "link": "https://www.sec.gov/Archives/edgar/data/831001/000100547798002454/0001005477-98-002454-index.htm",
    "finalLink": "https://www.sec.gov/Archives/edgar/data/831001/0001005477-98-002454.txt"
  },
  {
    "date": "1998-03-31",
    "symbol": "C",
    "reportedCurrency": "USD",
    "cik": "0000831001",
    "fillingDate": "1998-05-14",
    "acceptedDate": "1998-05-14 00:00:00",
    "calendarYear": "1998",
    "period": "Q1",
    "revenue": 19437000000,
    "costOfRevenue": 7236000000,
    "grossProfit": 12201000000,
    "grossProfitRatio": 0.6277203272,
    "researchAndDevelopmentExpenses": 0,
    "generalAndAdministrativeExpenses": 5485000000,
    "sellingAndMarketingExpenses": 0,
    "sellingGeneralAndAdministrativeExpenses": 5485000000,
    "otherExpenses": 3306000000,
    "operatingExpenses": 8791000000,
    "costAndExpenses": 16027000000,
    "interestIncome": 11131000000,
    "interestExpense": 6641000000,
    "depreciationAndAmortization": 622000000,
    "ebitda": 4032000000,
    "ebitdaratio": 0.2074394197,
    "operatingIncome": 3410000000,
    "operatingIncomeRatio": 0.1754385965,
    "totalOtherIncomeExpensesNet": 0,
    "incomeBeforeTax": 3410000000,
    "incomeBeforeTaxRatio": 0.1754385965,
    "incomeTaxExpense": 1249000000,
    "netIncome": 2161000000,
    "netIncomeRatio": 0.1111797088,
    "eps": 4.7,
    "epsdiluted": 4.5,
    "weightedAverageShsOut": 230383000,
    "weightedAverageShsOutDil": 230383000,
    "link": "https://www.sec.gov/Archives/edgar/data/831001/000104746998019933/0001047469-98-019933-index.htm",
    "finalLink": "https://www.sec.gov/Archives/edgar/data/831001/0001047469-98-019933.txt"
  },
  {
    "date": "1997-12-31",
    "symbol": "C",
    "reportedCurrency": "USD",
    "cik": "0000831001",
    "fillingDate": "1998-03-24",
    "acceptedDate": "1998-03-24 00:00:00",
    "calendarYear": "1997",
    "period": "Q4",
    "revenue": 19232000000,
    "costOfRevenue": 9359000000,
    "grossProfit": 9873000000,
    "grossProfitRatio": 0.5133631448,
    "researchAndDevelopmentExpenses": 0,
    "generalAndAdministrativeExpenses": 5082000000,
    "sellingAndMarketingExpenses": 0,
    "sellingGeneralAndAdministrativeExpenses": 5082000000,
    "otherExpenses": 3365000000,
    "operatingExpenses": 8447000000,
    "costAndExpenses": 17806000000,
    "interestIncome": 11314000000,
    "interestExpense": 9359000000,
    "depreciationAndAmortization": 134000000,
    "ebitda": 1560000000,
    "ebitdaratio": 0.0811148087,
    "operatingIncome": 1426000000,
    "operatingIncomeRatio": 0.0741472546,
    "totalOtherIncomeExpensesNet": 0,
    "incomeBeforeTax": 1426000000,
    "incomeBeforeTaxRatio": 0.0741472546,
    "incomeTaxExpense": 450000000,
    "netIncome": 976000000,
    "netIncomeRatio": 0.0507487521,
    "eps": 4.37,
    "epsdiluted": 4.37,
    "weightedAverageShsOut": 223128000,
    "weightedAverageShsOutDil": 223128000,
    "link": "https://www.sec.gov/Archives/edgar/data/831001/000100547798000860/0001005477-98-000860-index.htm",
    "finalLink": "https://www.sec.gov/Archives/edgar/data/831001/0001005477-98-000860.txt"
  },
  {
    "date": "1997-09-30",
    "symbol": "C",
    "reportedCurrency": "USD",
    "cik": "0000831001",
    "fillingDate": "1997-11-12",
    "acceptedDate": "1997-11-12 00:00:00",
    "calendarYear": "1997",
    "period": "Q3",
    "revenue": 9961000000,
    "costOfRevenue": 3080000000,
    "grossProfit": 6881000000,
    "grossProfitRatio": 0.690794097,
    "researchAndDevelopmentExpenses": 0,
    "generalAndAdministrativeExpenses": 3601000000,
    "sellingAndMarketingExpenses": 0,
    "sellingGeneralAndAdministrativeExpenses": 3601000000,
    "otherExpenses": 1653000000,
    "operatingExpenses": 5254000000,
    "costAndExpenses": 8334000000,
    "interestIncome": 4274000000,
    "interestExpense": 3080000000,
    "depreciationAndAmortization": 364000000,
    "ebitda": 1991000000,
    "ebitdaratio": 0.1998795302,
    "operatingIncome": 1627000000,
    "operatingIncomeRatio": 0.1633370144,
    "totalOtherIncomeExpensesNet": 0,
    "incomeBeforeTax": 1627000000,
    "incomeBeforeTaxRatio": 0.1633370144,
    "incomeTaxExpense": 598000000,
    "netIncome": 1029000000,
    "netIncomeRatio": 0.1033028812,
    "eps": 4.5,
    "epsdiluted": 4.3,
    "weightedAverageShsOut": 228667000,
    "weightedAverageShsOutDil": 239302000,
    "link": "https://www.sec.gov/Archives/edgar/data/831001/000104746997003779/0001047469-97-003779-index.htm",
    "finalLink": "https://www.sec.gov/Archives/edgar/data/831001/0001047469-97-003779.txt"
  },
  {
    "date": "1997-06-30",
    "symbol": "C",
    "reportedCurrency": "USD",
    "cik": "0000831001",
    "fillingDate": "1997-08-12",
    "acceptedDate": "1997-08-12 00:00:00",
    "calendarYear": "1997",
    "period": "Q2",
    "revenue": 9184000000,
    "costOfRevenue": 2792000000,
    "grossProfit": 6392000000,
    "grossProfitRatio": 0.6959930314,
    "researchAndDevelopmentExpenses": 0,
    "generalAndAdministrativeExpenses": 3417000000,
    "sellingAndMarketingExpenses": 0,
    "sellingGeneralAndAdministrativeExpenses": 3417000000,
    "otherExpenses": 1575000000,
    "operatingExpenses": 4992000000,
    "costAndExpenses": 7784000000,
    "interestIncome": 4047000000,
    "interestExpense": 2792000000,
    "depreciationAndAmortization": 355000000,
    "ebitda": 1755000000,
    "ebitdaratio": 0.1910932056,
    "operatingIncome": 1400000000,
    "operatingIncomeRatio": 0.1524390244,
    "totalOtherIncomeExpensesNet": 0,
    "incomeBeforeTax": 1400000000,
    "incomeBeforeTaxRatio": 0.1524390244,
    "incomeTaxExpense": 517000000,
    "netIncome": 883000000,
    "netIncomeRatio": 0.0961454704,
    "eps": 3.8,
    "epsdiluted": 3.7,
    "weightedAverageShsOut": 232368000,
    "weightedAverageShsOutDil": 238649000,
    "link": "https://www.sec.gov/Archives/edgar/data/831001/000091205797027288/0000912057-97-027288-index.htm",
    "finalLink": "https://www.sec.gov/Archives/edgar/data/831001/0000912057-97-027288.txt"
  },
  {
    "date": "1997-03-31",
    "symbol": "C",
    "reportedCurrency": "USD",
    "cik": "0000831001",
    "fillingDate": "1997-05-13",
    "acceptedDate": "1997-05-13 00:00:00",
    "calendarYear": "1997",
    "period": "Q1",
    "revenue": 8700000000,
    "costOfRevenue": 2378000000,
    "grossProfit": 6322000000,
    "grossProfitRatio": 0.7266666667,
    "researchAndDevelopmentExpenses": 0,
    "generalAndAdministrativeExpenses": 3453000000,
    "sellingAndMarketingExpenses": 0,
    "sellingGeneralAndAdministrativeExpenses": 3453000000,
    "otherExpenses": 1571000000,
    "operatingExpenses": 5024000000,
    "costAndExpenses": 7402000000,
    "interestIncome": 3498000000,
    "interestExpense": 2378000000,
    "depreciationAndAmortization": 354000000,
    "ebitda": 1652000000,
    "ebitdaratio": 0.1898850575,
    "operatingIncome": 1298000000,
    "operatingIncomeRatio": 0.1491954023,
    "totalOtherIncomeExpensesNet": 0,
    "incomeBeforeTax": 1298000000,
    "incomeBeforeTaxRatio": 0.1491954023,
    "incomeTaxExpense": 483000000,
    "netIncome": 815000000,
    "netIncomeRatio": 0.0936781609,
    "eps": 3.5,
    "epsdiluted": 3.4,
    "weightedAverageShsOut": 232857000,
    "weightedAverageShsOutDil": 239706000,
    "link": "https://www.sec.gov/Archives/edgar/data/831001/000091205797017228/0000912057-97-017228-index.htm",
    "finalLink": "https://www.sec.gov/Archives/edgar/data/831001/0000912057-97-017228.txt"
  },
  {
    "date": "1996-12-31",
    "symbol": "C",
    "reportedCurrency": "USD",
    "cik": "0000831001",
    "fillingDate": "1997-03-26",
    "acceptedDate": "1997-03-26 00:00:00",
    "calendarYear": "1996",
    "period": "Q4",
    "revenue": 5782000000,
    "costOfRevenue": 619000000,
    "grossProfit": 5163000000,
    "grossProfitRatio": 0.8929436181,
    "researchAndDevelopmentExpenses": 0,
    "generalAndAdministrativeExpenses": 2575000000,
    "sellingAndMarketingExpenses": 0,
    "sellingGeneralAndAdministrativeExpenses": 2575000000,
    "otherExpenses": 1578000000,
    "operatingExpenses": 4153000000,
    "costAndExpenses": 4772000000,
    "interestIncome": 5549000000,
    "interestExpense": 619000000,
    "depreciationAndAmortization": 86000000,
    "ebitda": 1096000000,
    "ebitdaratio": 0.1895537876,
    "operatingIncome": 1010000000,
    "operatingIncomeRatio": 0.1746800415,
    "totalOtherIncomeExpensesNet": 0,
    "incomeBeforeTax": 1010000000,
    "incomeBeforeTaxRatio": 0.1746800415,
    "incomeTaxExpense": 367000000,
    "netIncome": 643000000,
    "netIncomeRatio": 0.1112071947,
    "eps": 3.62,
    "epsdiluted": 3.62,
    "weightedAverageShsOut": 177429000,
    "weightedAverageShsOutDil": 177429000,
    "link": "https://www.sec.gov/Archives/edgar/data/831001/000100547797000866/0001005477-97-000866-index.htm",
    "finalLink": "https://www.sec.gov/Archives/edgar/data/831001/0001005477-97-000866.txt"
  },
  {
    "date": "1996-09-30",
    "symbol": "C",
    "reportedCurrency": "USD",
    "cik": "0000831001",
    "fillingDate": "1996-11-12",
    "acceptedDate": "1996-11-12 00:00:00",
    "calendarYear": "1996",
    "period": "Q3",
    "revenue": 5622000000,
    "costOfRevenue": 580000000,
    "grossProfit": 5042000000,
    "grossProfitRatio": 0.896833867,
    "researchAndDevelopmentExpenses": 0,
    "generalAndAdministrativeExpenses": 2911000000,
    "sellingAndMarketingExpenses": 0,
    "sellingGeneralAndAdministrativeExpenses": 2911000000,
    "otherExpenses": 1247000000,
    "operatingExpenses": 4158000000,
    "costAndExpenses": 4738000000,
    "interestIncome": 0,
    "interestExpense": 580000000,
    "depreciationAndAmortization": 89000000,
    "ebitda": 973000000,
    "ebitdaratio": 0.1730700818,
    "operatingIncome": 884000000,
    "operatingIncomeRatio": 0.1572394166,
    "totalOtherIncomeExpensesNet": 0,
    "incomeBeforeTax": 884000000,
    "incomeBeforeTaxRatio": 0.1572394166,
    "incomeTaxExpense": 323000000,
    "netIncome": 592000000,
    "netIncomeRatio": 0.1053006048,
    "eps": 2.9,
    "epsdiluted": 2.9,
    "weightedAverageShsOut": 194483000,
    "weightedAverageShsOutDil": 194483000,
    "link": "https://www.sec.gov/Archives/edgar/data/831001/000100547796000409/0001005477-96-000409-index.htm",
    "finalLink": "https://www.sec.gov/Archives/edgar/data/831001/0001005477-96-000409.txt"
  },
  {
    "date": "1996-06-30",
    "symbol": "C",
    "reportedCurrency": "USD",
    "cik": "0000831001",
    "fillingDate": "1996-08-13",
    "acceptedDate": "1996-08-13 00:00:00",
    "calendarYear": "1996",
    "period": "Q2",
    "revenue": 5823000000,
    "costOfRevenue": 563000000,
    "grossProfit": 5260000000,
    "grossProfitRatio": 0.9033144427,
    "researchAndDevelopmentExpenses": 0,
    "generalAndAdministrativeExpenses": 3337000000,
    "sellingAndMarketingExpenses": 0,
    "sellingGeneralAndAdministrativeExpenses": 3337000000,
    "otherExpenses": 1266000000,
    "operatingExpenses": 4603000000,
    "costAndExpenses": 5166000000,
    "interestIncome": 0,
    "interestExpense": 563000000,
    "depreciationAndAmortization": 80000000,
    "ebitda": 737000000,
    "ebitdaratio": 0.1265670617,
    "operatingIncome": 657000000,
    "operatingIncomeRatio": 0.1128284389,
    "totalOtherIncomeExpensesNet": 0,
    "incomeBeforeTax": 657000000,
    "incomeBeforeTaxRatio": 0.1128284389,
    "incomeTaxExpense": 81000000,
    "netIncome": 576000000,
    "netIncomeRatio": 0.0989180835,
    "eps": 3.8,
    "epsdiluted": 3.6,
    "weightedAverageShsOut": 146053000,
    "weightedAverageShsOutDil": 154167000,
    "link": "https://www.sec.gov/Archives/edgar/data/831001/000095011296002786/0000950112-96-002786-index.htm",
    "finalLink": "https://www.sec.gov/Archives/edgar/data/831001/0000950112-96-002786.txt"
  },
  {
    "date": "1996-03-31",
    "symbol": "C",
    "reportedCurrency": "USD",
    "cik": "0000831001",
    "fillingDate": "1996-05-14",
    "acceptedDate": "1996-05-14 00:00:00",
    "calendarYear": "1996",
    "period": "Q1",
    "revenue": 4515000000,
    "costOfRevenue": 497000000,
    "grossProfit": 4018000000,
    "grossProfitRatio": 0.8899224806,
    "researchAndDevelopmentExpenses": 0,
    "generalAndAdministrativeExpenses": 2243000000,
    "sellingAndMarketingExpenses": 0,
    "sellingGeneralAndAdministrativeExpenses": 2243000000,
    "otherExpenses": 975000000,
    "operatingExpenses": 3218000000,
    "costAndExpenses": 3715000000,
    "interestIncome": 1410000000,
    "interestExpense": 497000000,
    "depreciationAndAmortization": 87000000,
    "ebitda": 887000000,
    "ebitdaratio": 0.1964562569,
    "operatingIncome": 800000000,
    "operatingIncomeRatio": 0.1771871539,
    "totalOtherIncomeExpensesNet": 0,
    "incomeBeforeTax": 800000000,
    "incomeBeforeTaxRatio": 0.1771871539,
    "incomeTaxExpense": 280000000,
    "netIncome": 520000000,
    "netIncomeRatio": 0.1151716501,
    "eps": 3.4,
    "epsdiluted": 3.2,
    "weightedAverageShsOut": 145000000,
    "weightedAverageShsOutDil": 154063000,
    "link": "https://www.sec.gov/Archives/edgar/data/831001/000095011296001481/0000950112-96-001481-index.htm",
    "finalLink": "https://www.sec.gov/Archives/edgar/data/831001/0000950112-96-001481.txt"
  },
  {
    "date": "1995-12-31",
    "symbol": "C",
    "reportedCurrency": "USD",
    "cik": "0000831001",
    "fillingDate": "1996-03-27",
    "acceptedDate": "1996-03-27 00:00:00",
    "calendarYear": "1995",
    "period": "Q4",
    "revenue": 4141000000,
    "costOfRevenue": 494000000,
    "grossProfit": 3647000000,
    "grossProfitRatio": 0.8807051437,
    "researchAndDevelopmentExpenses": 0,
    "generalAndAdministrativeExpenses": 1825000000,
    "sellingAndMarketingExpenses": 0,
    "sellingGeneralAndAdministrativeExpenses": 1825000000,
    "otherExpenses": 1060000000,
    "operatingExpenses": 2885000000,
    "costAndExpenses": 3379000000,
    "interestIncome": 4355000000,
    "interestExpense": 494000000,
    "depreciationAndAmortization": 182000000,
    "ebitda": 944000000,
    "ebitdaratio": 0.2279642598,
    "operatingIncome": 762000000,
    "operatingIncomeRatio": 0.1840135233,
    "totalOtherIncomeExpensesNet": 0,
    "incomeBeforeTax": 762000000,
    "incomeBeforeTaxRatio": 0.1840135233,
    "incomeTaxExpense": 272000000,
    "netIncome": 607000000,
    "netIncomeRatio": 0.146582951,
    "eps": 4.19,
    "epsdiluted": 4.19,
    "weightedAverageShsOut": 145000000,
    "weightedAverageShsOutDil": 145000000,
    "link": "https://www.sec.gov/Archives/edgar/data/831001/000095011296000929/0000950112-96-000929-index.htm",
    "finalLink": "https://www.sec.gov/Archives/edgar/data/831001/0000950112-96-000929.txt"
  },
  {
    "date": "1995-09-30",
    "symbol": "C",
    "reportedCurrency": "USD",
    "cik": "0000831001",
    "fillingDate": "1995-11-14",
    "acceptedDate": "1995-11-14 00:00:00",
    "calendarYear": "1995",
    "period": "Q3",
    "revenue": 4290000000,
    "costOfRevenue": 489000000,
    "grossProfit": 3801000000,
    "grossProfitRatio": 0.886013986,
    "researchAndDevelopmentExpenses": 0,
    "generalAndAdministrativeExpenses": 2240000000,
    "sellingAndMarketingExpenses": 0,
    "sellingGeneralAndAdministrativeExpenses": 2240000000,
    "otherExpenses": 854000000,
    "operatingExpenses": 3094000000,
    "costAndExpenses": 3583000000,
    "interestIncome": 0,
    "interestExpense": 489000000,
    "depreciationAndAmortization": -30000000,
    "ebitda": 677000000,
    "ebitdaratio": 0.1578088578,
    "operatingIncome": 707000000,
    "operatingIncomeRatio": 0.1648018648,
    "totalOtherIncomeExpensesNet": 0,
    "incomeBeforeTax": 707000000,
    "incomeBeforeTaxRatio": 0.1648018648,
    "incomeTaxExpense": 251000000,
    "netIncome": 481000000,
    "netIncomeRatio": 0.1121212121,
    "eps": 2.5,
    "epsdiluted": 2.5,
    "weightedAverageShsOut": 184000000,
    "weightedAverageShsOutDil": 184000000,
    "link": "https://www.sec.gov/Archives/edgar/data/831001/000095011295002962/0000950112-95-002962-index.htm",
    "finalLink": "https://www.sec.gov/Archives/edgar/data/831001/0000950112-95-002962.txt"
  }
]