[
  {
    "date": "2024-12-31",
    "symbol": "C",
    "reportedCurrency": "USD",
    "cik": "0000831001",
    "fillingDate": "2025-02-21",
    "acceptedDate": "2025-02-21 17:12:44",
    "calendarYear": "2024",
    "period": "FY",
    "revenue": 170707000000,
    "costOfRevenue": 99587000000,
    "grossProfit": 71120000000,
    "grossProfitRatio": 0.4166202909,
    "researchAndDevelopmentExpenses": 0,
    "generalAndAdministrativeExpenses": 28632000000,
    "sellingAndMarketingExpenses": 1113000000,
    "sellingGeneralAndAdministrativeExpenses": 29745000000,
    "otherExpenses": 24329000000,
    "operatingExpenses": 54074000000,
    "costAndExpenses": 153661000000,
    "interestIncome": 143713000000,
    "interestExpense": 89618000000,
    "depreciationAndAmortization": 4311000000,
    "ebitda": 21357000000,
    "ebitdaratio": 0.1251091051,
    "operatingIncome": 17046000000,
    "operatingIncomeRatio": 0.0998553076,
    "totalOtherIncomeExpensesNet": 0,
    "incomeBeforeTax": 17046000000,
    "incomeBeforeTaxRatio": 0.0998553076,
    "incomeTaxExpense": 4211000000,
    "netIncome": 12682000000,
    "netIncomeRatio": 0.0742910367,
    "eps": 6.03,
    "epsdiluted": 5.95,
    "weightedAverageShsOut": 1901400000,
    "weightedAverageShsOutDil": 1901400000,
    "link": "https://www.sec.gov/Archives/edgar/data/831001/000083100125000067/0000831001-25-000067-index.htm",
    "finalLink": "https://www.sec.gov/Archives/edgar/data/831001/000083100125000067/c-20241231.htm"
  },
  {
    "date": "2023-12-31",
    "symbol": "C",
    "reportedCurrency": "USD",
    "cik": "0000831001",
    "fillingDate": "2024-02-23",
    "acceptedDate": "2024-02-23 17:10:34",
    "calendarYear": "2023",
    "period": "FY",
    "revenue": 155382000000,
    "costOfRevenue": 87481000000,
    "grossProfit": 67901000000,
    "grossProfitRatio": 0.436993989,
    "researchAndDevelopmentExpenses": 0,
    "generalAndAdministrativeExpenses": 29319000000,
    "sellingAndMarketingExpenses": 1393000000,
    "sellingGeneralAndAdministrativeExpenses": 30712000000,
    "otherExpenses": 24279000000,
    "operatingExpenses": 54991000000,
    "costAndExpenses": 142472000000,
    "interestIncome": 133258000000,
    "interestExpense": 78358000000,
    "depreciationAndAmortization": 4560000000,
    "ebitda": 17470000000,
    "ebitdaratio": 0.1124325855,
    "operatingIncome": 12910000000,
    "operatingIncomeRatio": 0.0830855569,
    "totalOtherIncomeExpensesNet": 0,
    "incomeBeforeTax": 12910000000,
    "incomeBeforeTaxRatio": 0.0830855569,
    "incomeTaxExpense": 3528000000,
    "netIncome": 9228000000,
    "netIncomeRatio": 0.0593891184,
    "eps": 4.07,
    "epsdiluted": 4.04,
    "weightedAverageShsOut": 1930100000,
    "weightedAverageShsOutDil": 1955800000,
    "link": "https://www.sec.gov/Archives/edgar/data/831001/000083100124000033/0000831001-24-000033-index.htm",
    "finalLink": "https://www.sec.gov/Archives/edgar/data/831001/000083100124000033/c-20231231.htm"
  },
  {
    "date": "2022-12-31",
    "symbol": "C",
    "reportedCurrency": "USD",
    "cik": "0000831001",
    "fillingDate": "2023-02-27",
    "acceptedDate": "2023-02-24 21:45:33",
    "calendarYear": "2022",
    "period": "FY",
    "revenue": 100220000000,
    "costOfRevenue": 30852000000,
    "grossProfit": 69368000000,
    "grossProfitRatio": 0.692157254,
    "researchAndDevelopmentExpenses": 0,
    "generalAndAdministrativeExpenses": 26749000000,
    "sellingAndMarketingExpenses": 1556000000,
    "sellingGeneralAndAdministrativeExpenses": 28305000000,
    "otherExpenses": 22256000000,
    "operatingExpenses": 50561000000,
    "costAndExpenses": 81413000000,
    "interestIncome": 74408000000,
    "interestExpense": 25740000000,
    "depreciationAndAmortization": 4262000000,
    "ebitda": 23069000000,
    "ebitdaratio": 0.2301835961,
    "operatingIncome": 18807000000,
    "operatingIncomeRatio": 0.1876571543,
    "totalOtherIncomeExpensesNet": 0,
    "incomeBeforeTax": 18807000000,
    "incomeBeforeTaxRatio": 0.1876571543,
    "incomeTaxExpense": 3642000000,
    "netIncome": 14845000000,
    "netIncomeRatio": 0.1481241269,
    "eps": 7.04,
    "epsdiluted": 7,
    "weightedAverageShsOut": 1946700000,
    "weightedAverageShsOutDil": 1964300000,
    "link": "https://www.sec.gov/Archives/edgar/data/831001/000083100123000037/0000831001-23-000037-index.htm",
    "finalLink": "https://www.sec.gov/Archives/edgar/data/831001/000083100123000037/c-20221231.htm"
  },
  {
    "date": "2021-12-31",
    "symbol": "C",
    "reportedCurrency": "USD",
    "cik": "0000831001",
    "fillingDate": "2022-02-28",
    "acceptedDate": "2022-02-25 18:35:29",
    "calendarYear": "2021",
    "period": "FY",
    "revenue": 79868000000,
    "costOfRevenue": 4090000000,
    "grossProfit": 75778000000,
    "grossProfitRatio": 0.9487905043,
    "researchAndDevelopmentExpenses": 0,
    "generalAndAdministrativeExpenses": 25250000000,
    "sellingAndMarketingExpenses": 1490000000,
    "sellingGeneralAndAdministrativeExpenses": 26740000000,
    "otherExpenses": 21569000000,
    "operatingExpenses": 48309000000,
    "costAndExpenses": 52399000000,
    "interestIncome": 50475000000,
    "interestExpense": 7981000000,
    "depreciationAndAmortization": 3964000000,
    "ebitda": 31433000000,
    "ebitdaratio": 0.3935618771,
    "operatingIncome": 27469000000,
    "operatingIncomeRatio": 0.3439299845,
    "totalOtherIncomeExpensesNet": 0,
    "incomeBeforeTax": 27469000000,
    "incomeBeforeTaxRatio": 0.3439299845,
    "incomeTaxExpense": 5451000000,
    "netIncome": 21952000000,
    "netIncomeRatio": 0.2748535083,
    "eps": 10.21,
    "epsdiluted": 10.14,
    "weightedAverageShsOut": 2033000000,
    "weightedAverageShsOutDil": 2049400000,
    "link": "https://www.sec.gov/Archives/edgar/data/831001/000083100122000036/0000831001-22-000036-index.htm",
    "finalLink": "https://www.sec.gov/Archives/edgar/data/831001/000083100122000036/c-20211231.htm"
  },
  {
    "date": "2020-12-31",
    "symbol": "C",
    "reportedCurrency": "USD",
    "cik": "0000831001",
    "fillingDate": "2021-02-26",
    "acceptedDate": "2021-02-26 16:44:10",
    "calendarYear": "2020",
    "period": "FY",
    "revenue": 88832000000,
    "costOfRevenue": 30713000000,
    "grossProfit": 58119000000,
    "grossProfitRatio": 0.6542574748,
    "researchAndDevelopmentExpenses": 0,
    "generalAndAdministrativeExpenses": 22327000000,
    "sellingAndMarketingExpenses": 1217000000,
    "sellingGeneralAndAdministrativeExpenses": 23544000000,
    "otherExpenses": 20943000000,
    "operatingExpenses": 44487000000,
    "costAndExpenses": 75200000000,
    "interestIncome": 58089000000,
    "interestExpense": 13338000000,
    "depreciationAndAmortization": 3937000000,
    "ebitda": 17569000000,
    "ebitdaratio": 0.1977778278,
    "operatingIncome": 13632000000,
    "operatingIncomeRatio": 0.1534582133,
    "totalOtherIncomeExpensesNet": 0,
    "incomeBeforeTax": 13632000000,
    "incomeBeforeTaxRatio": 0.1534582133,
    "incomeTaxExpense": 2525000000,
    "netIncome": 11047000000,
    "netIncomeRatio": 0.1243583393,
    "eps": 4.75,
    "epsdiluted": 4.73,
    "weightedAverageShsOut": 2085800000,
    "weightedAverageShsOutDil": 2099000000,
    "link": "https://www.sec.gov/Archives/edgar/data/831001/000083100121000042/0000831001-21-000042-index.htm",
    "finalLink": "https://www.sec.gov/Archives/edgar/data/831001/000083100121000042/c-20201231.htm"
  },
  {
    "date": "2019-12-31",
    "symbol": "C",
    "reportedCurrency": "USD",
    "cik": "0000831001",
    "fillingDate": "2020-02-21",
    "acceptedDate": "2020-02-21 17:05:55",
    "calendarYear": "2019",
    "period": "FY",
    "revenue": 103449000000,
    "costOfRevenue": 36692000000,
    "grossProfit": 66757000000,
    "grossProfitRatio": 0.6453131495,
    "researchAndDevelopmentExpenses": 0,
    "generalAndAdministrativeExpenses": 21506000000,
    "sellingAndMarketingExpenses": 1516000000,
    "sellingGeneralAndAdministrativeExpenses": 23022000000,
    "otherExpenses": 19834000000,
    "operatingExpenses": 42856000000,
    "costAndExpenses": 79548000000,
    "interestIncome": 76510000000,
    "interestExpense": 28382000000,
    "depreciationAndAmortization": 3905000000,
    "ebitda": 27806000000,
    "ebitdaratio": 0.2687894518,
    "operatingIncome": 23901000000,
    "operatingIncomeRatio": 0.2310413827,
    "totalOtherIncomeExpensesNet": 0,
    "incomeBeforeTax": 23901000000,
    "incomeBeforeTaxRatio": 0.2310413827,
    "incomeTaxExpense": 4430000000,
    "netIncome": 19401000000,
    "netIncomeRatio": 0.1875416872,
    "eps": 8.08,
    "epsdiluted": 8.04,
    "weightedAverageShsOut": 2249200000,
    "weightedAverageShsOutDil": 2265300000,
    "link": "https://www.sec.gov/Archives/edgar/data/831001/000083100120000031/0000831001-20-000031-index.htm",
    "finalLink": "https://www.sec.gov/Archives/edgar/data/831001/000083100120000031/c-12312019x10k.htm"
  },
  {
    "date": "2018-12-31",
    "symbol": "C",
    "reportedCurrency": "USD",
    "cik": "0000831001",
    "fillingDate": "2019-02-22",
    "acceptedDate": "2019-02-22 16:50:54",
    "calendarYear": "2018",
    "period": "FY",
    "revenue": 97120000000,
    "costOfRevenue": 31733000000,
    "grossProfit": 65387000000,
    "grossProfitRatio": 0.6732598847,
    "researchAndDevelopmentExpenses": 0,
    "generalAndAdministrativeExpenses": 21255000000,
    "sellingAndMarketingExpenses": 1545000000,
    "sellingGeneralAndAdministrativeExpenses": 22800000000,
    "otherExpenses": 19142000000,
    "operatingExpenses": 41942000000,
    "costAndExpenses": 73675000000,
    "interestIncome": 70828000000,
    "interestExpense": 24266000000,
    "depreciationAndAmortization": 3754000000,
    "ebitda": 27199000000,
    "ebitdaratio": 0.2800556013,
    "operatingIncome": 23445000000,
    "operatingIncomeRatio": 0.2414023888,
    "totalOtherIncomeExpensesNet": 0,
    "incomeBeforeTax": 23445000000,
    "incomeBeforeTaxRatio": 0.2414023888,
    "incomeTaxExpense": 5357000000,
    "netIncome": 18045000000,
    "netIncomeRatio": 0.1858010708,
    "eps": 6.69,
    "epsdiluted": 6.68,
    "weightedAverageShsOut": 2493300000,
    "weightedAverageShsOutDil": 2494800000,
    "link": "https://www.sec.gov/Archives/edgar/data/831001/000083100119000027/0000831001-19-000027-index.htm",
    "finalLink": "https://www.sec.gov/Archives/edgar/data/831001/000083100119000027/c-12312018x10k.htm"
  },
  {
    "date": "2017-12-31",
    "symbol": "C",
    "reportedCurrency": "USD",
    "cik": "0000831001",
    "fillingDate": "2018-02-23",
    "acceptedDate": "2018-02-23 08:44:36",
    "calendarYear": "2017",
    "period": "FY",
    "revenue": 88962000000,
    "costOfRevenue": 23860000000,
    "grossProfit": 65102000000,
    "grossProfitRatio": 0.7317955981,
    "researchAndDevelopmentExpenses": 0,
    "generalAndAdministrativeExpenses": 21290000000,
    "sellingAndMarketingExpenses": 1608000000,
    "sellingGeneralAndAdministrativeExpenses": 22898000000,
    "otherExpenses": 19443000000,
    "operatingExpenses": 42341000000,
    "costAndExpenses": 66201000000,
    "interestIncome": 61579000000,
    "interestExpense": 16518000000,
    "depreciationAndAmortization": 3659000000,
    "ebitda": 26420000000,
    "ebitdaratio": 0.2969807333,
    "operatingIncome": 22761000000,
    "operatingIncomeRatio": 0.2558508127,
    "totalOtherIncomeExpensesNet": 0,
    "incomeBeforeTax": 22761000000,
    "incomeBeforeTaxRatio": 0.2558508127,
    "incomeTaxExpense": 29388000000,
    "netIncome": -6798000000,
    "netIncomeRatio": -0.076414649,
    "eps": -2.98,
    "epsdiluted": -2.98,
    "weightedAverageShsOut": 2698500000,
    "weightedAverageShsOutDil": 2698500000,
    "link": "https://www.sec.gov/Archives/edgar/data/831001/000083100118000040/0000831001-18-000040-index.htm",
    "finalLink": "https://www.sec.gov/Archives/edgar/data/831001/000083100118000040/c-12312017x10k.htm"
  },
  {
    "date": "2016-12-31",
    "symbol": "C",
    "reportedCurrency": "USD",
    "cik": "0000831001",
    "fillingDate": "2017-02-24",
    "acceptedDate": "2017-02-24 16:46:05",
    "calendarYear": "2016",
    "period": "FY",
    "revenue": 83309000000,
    "costOfRevenue": 19290000000,
    "grossProfit": 64019000000,
    "grossProfitRatio": 0.7684523881,
    "researchAndDevelopmentExpenses": 0,
    "generalAndAdministrativeExpenses": 21174000000,
    "sellingAndMarketingExpenses": 1632000000,
    "sellingGeneralAndAdministrativeExpenses": 22806000000,
    "otherExpenses": 19736000000,
    "operatingExpenses": 42542000000,
    "costAndExpenses": 61832000000,
    "interestIncome": 57988000000,
    "interestExpense": 12512000000,
    "depreciationAndAmortization": 3720000000,
    "ebitda": 25197000000,
    "ebitdaratio": 0.3024523161,
    "operatingIncome": 21477000000,
    "operatingIncomeRatio": 0.2577992774,
    "totalOtherIncomeExpensesNet": 0,
    "incomeBeforeTax": 21477000000,
    "incomeBeforeTaxRatio": 0.2577992774,
    "incomeTaxExpense": 6444000000,
    "netIncome": 14912000000,
    "netIncomeRatio": 0.1789962669,
    "eps": 4.74,
    "epsdiluted": 4.74,
    "weightedAverageShsOut": 2888100000,
    "weightedAverageShsOutDil": 2888300000,
    "link": "https://www.sec.gov/Archives/edgar/data/831001/000083100117000038/0000831001-17-000038-index.htm",
    "finalLink": "https://www.sec.gov/Archives/edgar/data/831001/000083100117000038/c-12312016x10k.htm"
  },
  {
    "date": "2015-12-31",
    "symbol": "C",
    "reportedCurrency": "USD",
    "cik": "0000831001",
    "fillingDate": "2016-02-26",
    "acceptedDate": "2016-02-26 16:45:11",
    "calendarYear": "2015",
    "period": "FY",
    "revenue": 88275000000,
    "costOfRevenue": 19103000000,
    "grossProfit": 69172000000,
    "grossProfitRatio": 0.7835967148,
    "researchAndDevelopmentExpenses": 0,
    "generalAndAdministrativeExpenses": 22500000000,
    "sellingAndMarketingExpenses": 1547000000,
    "sellingGeneralAndAdministrativeExpenses": 24047000000,
    "otherExpenses": 20299000000,
    "operatingExpenses": 44346000000,
    "costAndExpenses": 63449000000,
    "interestIncome": 58551000000,
    "interestExpense": 11921000000,
    "depreciationAndAmortization": 3506000000,
    "ebitda": 28332000000,
    "ebitdaratio": 0.3209515718,
    "operatingIncome": 24826000000,
    "operatingIncomeRatio": 0.2812347777,
    "totalOtherIncomeExpensesNet": 0,
    "incomeBeforeTax": 24826000000,
    "incomeBeforeTaxRatio": 0.2812347777,
    "incomeTaxExpense": 7440000000,
    "netIncome": 17242000000,
    "netIncomeRatio": 0.1953214387,
    "eps": 5.43,
    "epsdiluted": 5.42,
    "weightedAverageShsOut": 3004000000,
    "weightedAverageShsOutDil": 3007700000,
    "link": "https://www.sec.gov/Archives/edgar/data/831001/000083100116000235/0000831001-16-000235-index.htm",
    "finalLink": "https://www.sec.gov/Archives/edgar/data/831001/000083100116000235/c-12312015x10k.htm"
  },
  {
    "date": "2014-12-31",
    "symbol": "C",
    "reportedCurrency": "USD",
    "cik": "0000831001",
    "fillingDate": "2015-02-25",
    "acceptedDate": "2015-02-25 17:06:00",
    "calendarYear": "2014",
    "period": "FY",
    "revenue": 90909000000,
    "costOfRevenue": 20356000000,
    "grossProfit": 70553000000,
    "grossProfitRatio": 0.7760837761,
    "researchAndDevelopmentExpenses": 0,
    "generalAndAdministrativeExpenses": 24760000000,
    "sellingAndMarketingExpenses": 1844000000,
    "sellingGeneralAndAdministrativeExpenses": 26604000000,
    "otherExpenses": 29248000000,
    "operatingExpenses": 55852000000,
    "costAndExpenses": 76208000000,
    "interestIncome": 61683000000,
    "interestExpense": 13690000000,
    "depreciationAndAmortization": 3589000000,
    "ebitda": 18290000000,
    "ebitdaratio": 0.2011902012,
    "operatingIncome": 14701000000,
    "operatingIncomeRatio": 0.1617111617,
    "totalOtherIncomeExpensesNet": 0,
    "incomeBeforeTax": 14701000000,
    "incomeBeforeTaxRatio": 0.1617111617,
    "incomeTaxExpense": 7197000000,
    "netIncome": 7310000000,
    "netIncomeRatio": 0.0804100804,
    "eps": 2.21,
    "epsdiluted": 2.2,
    "weightedAverageShsOut": 3031600000,
    "weightedAverageShsOutDil": 3037000000,
    "link": "https://www.sec.gov/Archives/edgar/data/831001/000083100115000043/0000831001-15-000043-index.htm",
    "finalLink": "https://www.sec.gov/Archives/edgar/data/831001/000083100115000043/c-12312014x10k.htm"
  },
  {
    "date": "2013-12-31",
    "symbol": "C",
    "reportedCurrency": "USD",
    "cik": "0000831001",
    "fillingDate": "2014-03-03",
    "acceptedDate": "2014-03-03 07:57:17",
    "calendarYear": "2013",
    "period": "FY",
    "revenue": 92901000000,
    "costOfRevenue": 23861000000,
    "grossProfit": 69040000000,
    "grossProfitRatio": 0.7431566937,
    "researchAndDevelopmentExpenses": 0,
    "generalAndAdministrativeExpenses": 24797000000,
    "sellingAndMarketingExpenses": 1888000000,
    "sellingGeneralAndAdministrativeExpenses": 26685000000,
    "otherExpenses": 22553000000,
    "operatingExpenses": 49238000000,
    "costAndExpenses": 73099000000,
    "interestIncome": 62970000000,
    "interestExpense": 16177000000,
    "depreciationAndAmortization": 3303000000,
    "ebitda": 23105000000,
    "ebitdaratio": 0.2487056113,
    "operatingIncome": 19802000000,
    "operatingIncomeRatio": 0.2131516345,
    "totalOtherIncomeExpensesNet": 0,
    "incomeBeforeTax": 19802000000,
    "incomeBeforeTaxRatio": 0.2131516345,
    "incomeTaxExpense": 6186000000,
    "netIncome": 13659000000,
    "netIncomeRatio": 0.1470274809,
    "eps": 4.26,
    "epsdiluted": 4.25,
    "weightedAverageShsOut": 3035800000,
    "weightedAverageShsOutDil": 3041600000,
    "link": "https://www.sec.gov/Archives/edgar/data/831001/000110465914015152/0001104659-14-015152-index.htm",
    "finalLink": "https://www.sec.gov/Archives/edgar/data/831001/000110465914015152/a14-3681_610k.htm"
  },
  {
    "date": "2012-12-31",
    "symbol": "C",
    "reportedCurrency": "USD",
    "cik": "0000831001",
    "fillingDate": "2013-03-01",
    "acceptedDate": "2013-03-01 07:49:35",
    "calendarYear": "2012",
    "period": "FY",
    "revenue": 89802000000,
    "costOfRevenue": 31054000000,
    "grossProfit": 58748000000,
    "grossProfitRatio": 0.6541947841,
    "researchAndDevelopmentExpenses": 0,
    "generalAndAdministrativeExpenses": 26006000000,
    "sellingAndMarketingExpenses": 2164000000,
    "sellingGeneralAndAdministrativeExpenses": 28170000000,
    "otherExpenses": 22753000000,
    "operatingExpenses": 50923000000,
    "costAndExpenses": 81977000000,
    "interestIncome": 67298000000,
    "interestExpense": 20612000000,
    "depreciationAndAmortization": 2507000000,
    "ebitda": 10332000000,
    "ebitdaratio": 0.1150531169,
    "operatingIncome": 7825000000,
    "operatingIncomeRatio": 0.087136144,
    "totalOtherIncomeExpensesNet": 0,
    "incomeBeforeTax": 7825000000,
    "incomeBeforeTaxRatio": 0.087136144,
    "incomeTaxExpense": 7000000,
    "netIncome": 7407000000,
    "netIncomeRatio": 0.0824814592,
    "eps": 2.51,
    "epsdiluted": 2.44,
    "weightedAverageShsOut": 2930600000,
    "weightedAverageShsOutDil": 3015500000,
    "link": "https://www.sec.gov/Archives/edgar/data/831001/000120677413000852/0001206774-13-000852-index.htm",
    "finalLink": "https://www.sec.gov/Archives/edgar/data/831001/000120677413000852/citigroup_10k.htm"
  },
  {
    "date": "2011-12-31",
    "symbol": "C",
    "reportedCurrency": "USD",
    "cik": "0000831001",
    "fillingDate": "2012-02-24",
    "acceptedDate": "2012-02-24 09:31:44",
    "calendarYear": "2011",
    "period": "FY",
    "revenue": 101540000000,
    "costOfRevenue": 35596000000,
    "grossProfit": 65944000000,
    "grossProfitRatio": 0.6494386449,
    "researchAndDevelopmentExpenses": 0,
    "generalAndAdministrativeExpenses": 26586000000,
    "sellingAndMarketingExpenses": 2268000000,
    "sellingGeneralAndAdministrativeExpenses": 28854000000,
    "otherExpenses": 22368000000,
    "operatingExpenses": 51222000000,
    "costAndExpenses": 86818000000,
    "interestIncome": 71858000000,
    "interestExpense": 24209000000,
    "depreciationAndAmortization": 2872000000,
    "ebitda": 17594000000,
    "ebitdaratio": 0.1732716171,
    "operatingIncome": 14722000000,
    "operatingIncomeRatio": 0.1449871972,
    "totalOtherIncomeExpensesNet": 0,
    "incomeBeforeTax": 14722000000,
    "incomeBeforeTaxRatio": 0.1449871972,
    "incomeTaxExpense": 3575000000,
    "netIncome": 11067000000,
    "netIncomeRatio": 0.1089915304,
    "eps": 3.73,
    "epsdiluted": 3.63,
    "weightedAverageShsOut": 2909800000,
    "weightedAverageShsOutDil": 2998800000,
    "link": "https://www.sec.gov/Archives/edgar/data/831001/000120677412000799/0001206774-12-000799-index.htm",
    "finalLink": "https://www.sec.gov/Archives/edgar/data/831001/000120677412000799/citigroup_10k.htm"
  },
  {
    "date": "2010-12-31",
    "symbol": "C",
    "reportedCurrency": "USD",
    "cik": "0000831001",
    "fillingDate": "2011-02-25",
    "acceptedDate": "2011-02-25 17:07:08",
    "calendarYear": "2010",
    "period": "FY",
    "revenue": 111697000000,
    "costOfRevenue": 50173000000,
    "grossProfit": 61524000000,
    "grossProfitRatio": 0.5508115706,
    "researchAndDevelopmentExpenses": 0,
    "generalAndAdministrativeExpenses": 25395000000,
    "sellingAndMarketingExpenses": 1645000000,
    "sellingGeneralAndAdministrativeExpenses": 27040000000,
    "otherExpenses": 21300000000,
    "operatingExpenses": 48340000000,
    "costAndExpenses": 98513000000,
    "interestIncome": 79282000000,
    "interestExpense": 25096000000,
    "depreciationAndAmortization": 2664000000,
    "ebitda": 15848000000,
    "ebitdaratio": 0.1418838465,
    "operatingIncome": 13184000000,
    "operatingIncomeRatio": 0.1180336088,
    "totalOtherIncomeExpensesNet": 0,
    "incomeBeforeTax": 13184000000,
    "incomeBeforeTaxRatio": 0.1180336088,
    "incomeTaxExpense": 2233000000,
    "netIncome": 10602000000,
    "netIncomeRatio": 0.0949175,
    "eps": 3.65,
    "epsdiluted": 3.5,
    "weightedAverageShsOut": 2877600000,
    "weightedAverageShsOutDil": 2967800000,
    "link": "https://www.sec.gov/Archives/edgar/data/831001/000120677411000316/0001206774-11-000316-index.htm",
    "finalLink": "https://www.sec.gov/Archives/edgar/data/831001/000120677411000316/citigroup_10k.htm"
  },
  {
    "date": "2009-12-31",
    "symbol": "C",
    "reportedCurrency": "USD",
    "cik": "0000831001",
    "fillingDate": "2010-02-26",
    "acceptedDate": "2010-02-26 17:00:16",
    "calendarYear": "2009",
    "period": "FY",
    "revenue": 108187000000,
    "costOfRevenue": 66906000000,
    "grossProfit": 41281000000,
    "grossProfitRatio": 0.3815707987,
    "researchAndDevelopmentExpenses": 0,
    "generalAndAdministrativeExpenses": 26245000000,
    "sellingAndMarketingExpenses": 1415000000,
    "sellingGeneralAndAdministrativeExpenses": 27660000000,
    "otherExpenses": 21420000000,
    "operatingExpenses": 49080000000,
    "costAndExpenses": 115986000000,
    "interestIncome": 76398000000,
    "interestExpense": 27902000000,
    "depreciationAndAmortization": 2853000000,
    "ebitda": -4946000000,
    "ebitdaratio": -0.0457171379,
    "operatingIncome": -7799000000,
    "operatingIncomeRatio": -0.0720881437,
    "totalOtherIncomeExpensesNet": 0,
    "incomeBeforeTax": -7799000000,
    "incomeBeforeTaxRatio": -0.0720881437,
    "incomeTaxExpense": -6733000000,
    "netIncome": -1606000000,
    "netIncomeRatio": -0.0148446671,
    "eps": -8,
    "epsdiluted": -8,
    "weightedAverageShsOut": 1156800000,
    "weightedAverageShsOutDil": 1209900000,
    "link": "https://www.sec.gov/Archives/edgar/data/831001/000120677410000406/0001206774-10-000406-index.htm",
    "finalLink": "https://www.sec.gov/Archives/edgar/data/831001/000120677410000406/citi_10k.htm"
  },
  {
    "date": "2008-12-31",
    "symbol": "C",
    "reportedCurrency": "USD",
    "cik": "0000831001",
    "fillingDate": "2009-02-27",
    "acceptedDate": "2009-02-27 17:29:38",
    "calendarYear": "2008",
    "period": "FY",
    "revenue": 104847000000,
    "costOfRevenue": 86061000000,
    "grossProfit": 18786000000,
    "grossProfitRatio": 0.1791753698,
    "researchAndDevelopmentExpenses": 0,
    "generalAndAdministrativeExpenses": 32499000000,
    "sellingAndMarketingExpenses": 2188000000,
    "sellingGeneralAndAdministrativeExpenses": 34687000000,
    "otherExpenses": 36454000000,
    "operatingExpenses": 71141000000,
    "costAndExpenses": 157202000000,
    "interestIncome": 106499000000,
    "interestExpense": 52750000000,
    "depreciationAndAmortization": 2466000000,
    "ebitda": -49889000000,
    "ebitdaratio": -0.4758266808,
    "operatingIncome": -52355000000,
    "operatingIncomeRatio": -0.499346667,
    "totalOtherIncomeExpensesNet": 0,
    "incomeBeforeTax": -52355000000,
    "incomeBeforeTaxRatio": -0.499346667,
    "incomeTaxExpense": -20326000000,
    "netIncome": -27684000000,
    "netIncomeRatio": -0.2640418896,
    "eps": -56.3,
    "epsdiluted": -56.3,
    "weightedAverageShsOut": 526540000,
    "weightedAverageShsOutDil": 576890000,
    "link": "https://www.sec.gov/Archives/edgar/data/831001/000119312509041237/0001193125-09-041237-index.htm",
    "finalLink": "https://www.sec.gov/Archives/edgar/data/831001/000119312509041237/d10k.htm"
  },
  {
    "date": "2007-12-31",
    "symbol": "C",
    "reportedCurrency": "USD",
    "cik": "0000831001",
    "fillingDate": "2008-02-22",
    "acceptedDate": "2008-02-22 17:23:45",
    "calendarYear": "2007",
    "period": "FY",
    "revenue": 153258000000,
    "costOfRevenue": 92940000000,
    "grossProfit": 60318000000,
    "grossProfitRatio": 0.3935716243,
    "researchAndDevelopmentExpenses": 0,
    "generalAndAdministrativeExpenses": 33640000000,
    "sellingAndMarketingExpenses": 2729000000,
    "sellingGeneralAndAdministrativeExpenses": 36369000000,
    "otherExpenses": 23303000000,
    "operatingExpenses": 59672000000,
    "costAndExpenses": 152612000000,
    "interestIncome": 121347000000,
    "interestExpense": 75958000000,
    "depreciationAndAmortization": 2421000000,
    "ebitda": 3067000000,
    "ebitdaratio": 0.0200120059,
    "operatingIncome": 646000000,
    "operatingIncomeRatio": 0.0042151144,
    "totalOtherIncomeExpensesNet": 0,
    "incomeBeforeTax": 646000000,
    "incomeBeforeTaxRatio": 0.0042151144,
    "incomeTaxExpense": -2546000000,
    "netIncome": 3617000000,
    "netIncomeRatio": 0.0236007256,
    "eps": 6.8,
    "epsdiluted": 6.7,
    "weightedAverageShsOut": 490580000,
    "weightedAverageShsOutDil": 492400000,
    "link": "https://www.sec.gov/Archives/edgar/data/831001/000119312508036445/0001193125-08-036445-index.htm",
    "finalLink": "https://www.sec.gov/Archives/edgar/data/831001/000119312508036445/d10k.htm"
  },
  {
    "date": "2006-12-31",
    "symbol": "C",
    "reportedCurrency": "USD",
    "cik": "0000831001",
    "fillingDate": "2007-02-23",
    "acceptedDate": "2007-02-23 17:29:15",
    "calendarYear": "2006",
    "period": "FY",
    "revenue": 142010000000,
    "costOfRevenue": 62253000000,
    "grossProfit": 79757000000,
    "grossProfitRatio": 0.5616294627,
    "researchAndDevelopmentExpenses": 0,
    "generalAndAdministrativeExpenses": 30719000000,
    "sellingAndMarketingExpenses": 2471000000,
    "sellingGeneralAndAdministrativeExpenses": 33190000000,
    "otherExpenses": 18078000000,
    "operatingExpenses": 51268000000,
    "costAndExpenses": 113521000000,
    "interestIncome": 93611000000,
    "interestExpense": 55683000000,
    "depreciationAndAmortization": 2503000000,
    "ebitda": 30992000000,
    "ebitdaratio": 0.2182381522,
    "operatingIncome": 28489000000,
    "operatingIncomeRatio": 0.2006126329,
    "totalOtherIncomeExpensesNet": 0,
    "incomeBeforeTax": 28489000000,
    "incomeBeforeTaxRatio": 0.2006126329,
    "incomeTaxExpense": 7749000000,
    "netIncome": 21538000000,
    "netIncomeRatio": 0.1516653757,
    "eps": 43.9,
    "epsdiluted": 43.1,
    "weightedAverageShsOut": 488730000,
    "weightedAverageShsOutDil": 498610000,
    "link": "https://www.sec.gov/Archives/edgar/data/831001/000119312507038505/0001193125-07-038505-index.htm",
    "finalLink": "https://www.sec.gov/Archives/edgar/data/831001/000119312507038505/d10k.htm"
  },
  {
    "date": "2005-12-31",
    "symbol": "C",
    "reportedCurrency": "USD",
    "cik": "0000831001",
    "fillingDate": "2006-02-24",
    "acceptedDate": "2006-02-23 19:02:44",
    "calendarYear": "2005",
    "period": "FY",
    "revenue": 120318000000,
    "costOfRevenue": 44855000000,
    "grossProfit": 75463000000,
    "grossProfitRatio": 0.6271962632,
    "researchAndDevelopmentExpenses": 0,
    "generalAndAdministrativeExpenses": 26639000000,
    "sellingAndMarketingExpenses": 2533000000,
    "sellingGeneralAndAdministrativeExpenses": 29172000000,
    "otherExpenses": 16858000000,
    "operatingExpenses": 46030000000,
    "costAndExpenses": 90885000000,
    "interestIncome": 75922000000,
    "interestExpense": 36676000000,
    "depreciationAndAmortization": 2318000000,
    "ebitda": 31751000000,
    "ebitdaratio": 0.2638923519,
    "operatingIncome": 29433000000,
    "operatingIncomeRatio": 0.2446267391,
    "totalOtherIncomeExpensesNet": 0,
    "incomeBeforeTax": 29433000000,
    "incomeBeforeTaxRatio": 0.2446267391,
    "incomeTaxExpense": 9078000000,
    "netIncome": 24589000000,
    "netIncomeRatio": 0.2043667614,
    "eps": 48.4,
    "epsdiluted": 47.5,
    "weightedAverageShsOut": 506760000,
    "weightedAverageShsOutDil": 516040000,
    "link": "https://www.sec.gov/Archives/edgar/data/831001/000104746906002377/0001047469-06-002377-index.htm",
    "finalLink": "https://www.sec.gov/Archives/edgar/data/831001/000104746906002377/a2167745z10-k.htm"
  },
  {
    "date": "2004-12-31",
    "symbol": "C",
    "reportedCurrency": "USD",
    "cik": "0000831001",
    "fillingDate": "2005-02-28",
    "acceptedDate": "2005-02-28 17:10:27",
    "calendarYear": "2004",
    "period": "FY",
    "revenue": 101639000000,
    "costOfRevenue": 28237000000,
    "grossProfit": 73402000000,
    "grossProfitRatio": 0.7221834138,
    "researchAndDevelopmentExpenses": 0,
    "generalAndAdministrativeExpenses": 23818000000,
    "sellingAndMarketingExpenses": 2653000000,
    "sellingGeneralAndAdministrativeExpenses": 26471000000,
    "otherExpenses": 24195000000,
    "operatingExpenses": 50666000000,
    "costAndExpenses": 78903000000,
    "interestIncome": 63621000000,
    "interestExpense": 22004000000,
    "depreciationAndAmortization": 2056000000,
    "ebitda": 24792000000,
    "ebitdaratio": 0.2439221165,
    "operatingIncome": 22736000000,
    "operatingIncomeRatio": 0.2236936609,
    "totalOtherIncomeExpensesNet": 0,
    "incomeBeforeTax": 22736000000,
    "incomeBeforeTaxRatio": 0.2236936609,
    "incomeTaxExpense": 6464000000,
    "netIncome": 17046000000,
    "netIncomeRatio": 0.1677112132,
    "eps": 33.2,
    "epsdiluted": 32.6,
    "weightedAverageShsOut": 510720000,
    "weightedAverageShsOutDil": 520740000,
    "link": "https://www.sec.gov/Archives/edgar/data/831001/000104746905004988/0001047469-05-004988-index.htm",
    "finalLink": "https://www.sec.gov/Archives/edgar/data/831001/000104746905004988/a2152655z10-k.htm"
  },
  {
    "date": "2003-12-31",
    "symbol": "C",
    "reportedCurrency": "USD",
    "cik": "0000831001",
    "fillingDate": "2004-03-01",
    "acceptedDate": "2004-03-01 15:06:25",
    "calendarYear": "2003",
    "period": "FY",
    "revenue": 94713000000,
    "costOfRevenue": 25317000000,
    "grossProfit": 69396000000,
    "grossProfitRatio": 0.7326977289,
    "researchAndDevelopmentExpenses": 0,
    "generalAndAdministrativeExpenses": 25183000000,
    "sellingAndMarketingExpenses": 0,
    "sellingGeneralAndAdministrativeExpenses": 25183000000,
    "otherExpenses": 18165000000,
    "operatingExpenses": 43348000000,
    "costAndExpenses": 68665000000,
    "interestIncome": 57047000000,
    "interestExpense": 17271000000,
    "depreciationAndAmortization": 2120000000,
    "ebitda": 28168000000,
    "ebitdaratio": 0.2974037355,
    "operatingIncome": 26048000000,
    "operatingIncomeRatio": 0.2750203246,
    "totalOtherIncomeExpensesNet": 0,
    "incomeBeforeTax": 26048000000,
    "incomeBeforeTaxRatio": 0.2750203246,
    "incomeTaxExpense": 8195000000,
    "netIncome": 17853000000,
    "netIncomeRatio": 0.1884957714,
    "eps": 34.9,
    "epsdiluted": 34.2,
    "weightedAverageShsOut": 509330000,
    "weightedAverageShsOutDil": 519360000,
    "link": "https://www.sec.gov/Archives/edgar/data/831001/000104746904006087/0001047469-04-006087-index.htm",
    "finalLink": "https://www.sec.gov/Archives/edgar/data/831001/000104746904006087/a2129612z10-k.htm"
  },
  {
    "date": "2002-12-31",
    "symbol": "C",
    "reportedCurrency": "USD",
    "cik": "0000831001",
    "fillingDate": "2003-03-03",
    "acceptedDate": "2003-03-03 12:57:31",
    "calendarYear": "2002",
    "period": "FY",
    "revenue": 92556000000,
    "costOfRevenue": 31243000000,
    "grossProfit": 61313000000,
    "grossProfitRatio": 0.6624421972,
    "researchAndDevelopmentExpenses": 0,
    "generalAndAdministrativeExpenses": 22128000000,
    "sellingAndMarketingExpenses": 0,
    "sellingGeneralAndAdministrativeExpenses": 22128000000,
    "otherExpenses": 18739000000,
    "operatingExpenses": 40867000000,
    "costAndExpenses": 72110000000,
    "interestIncome": 58939000000,
    "interestExpense": 21248000000,
    "depreciationAndAmortization": 1926000000,
    "ebitda": 22372000000,
    "ebitdaratio": 0.241713125,
    "operatingIncome": 20446000000,
    "operatingIncomeRatio": 0.2209041013,
    "totalOtherIncomeExpensesNet": 0,
    "incomeBeforeTax": 20446000000,
    "incomeBeforeTaxRatio": 0.2209041013,
    "incomeTaxExpense": 6998000000,
    "netIncome": 15276000000,
    "netIncomeRatio": 0.1650460262,
    "eps": 29.9,
    "epsdiluted": 29.4,
    "weightedAverageShsOut": 507800000,
    "weightedAverageShsOutDil": 516620000,
    "link": "https://www.sec.gov/Archives/edgar/data/831001/000104746903007460/0001047469-03-007460-index.htm",
    "finalLink": "https://www.sec.gov/Archives/edgar/data/831001/000104746903007460/a2104619z10-k.txt"
  },
  {
    "date": "2001-12-31",
    "symbol": "C",
    "reportedCurrency": "USD",
    "cik": "0000831001",
    "fillingDate": "2002-03-12",
    "acceptedDate": "2002-03-12 00:00:00",
    "calendarYear": "2001",
    "period": "FY",
    "revenue": 99160000000,
    "costOfRevenue": 38593000000,
    "grossProfit": 60567000000,
    "grossProfitRatio": 0.6108007261,
    "researchAndDevelopmentExpenses": 0,
    "generalAndAdministrativeExpenses": 22969000000,
    "sellingAndMarketingExpenses": 0,
    "sellingGeneralAndAdministrativeExpenses": 22969000000,
    "otherExpenses": 17166000000,
    "operatingExpenses": 40135000000,
    "costAndExpenses": 78728000000,
    "interestIncome": 64484000000,
    "interestExpense": 31793000000,
    "depreciationAndAmortization": 4479000000,
    "ebitda": 24911000000,
    "ebitdaratio": 0.2512202501,
    "operatingIncome": 20432000000,
    "operatingIncomeRatio": 0.2060508269,
    "totalOtherIncomeExpensesNet": 0,
    "incomeBeforeTax": 20432000000,
    "incomeBeforeTaxRatio": 0.2060508269,
    "incomeTaxExpense": 7203000000,
    "netIncome": 14126000000,
    "netIncomeRatio": 0.1424566357,
    "eps": 27.9,
    "epsdiluted": 27.2,
    "weightedAverageShsOut": 503170000,
    "weightedAverageShsOutDil": 514700000,
    "link": "https://www.sec.gov/Archives/edgar/data/831001/000091205702009629/0000912057-02-009629-index.htm",
    "finalLink": "https://www.sec.gov/Archives/edgar/data/831001/000091205702009629/a2072503z10-k405.txt"
  },
  {
    "date": "2000-12-31",
    "symbol": "C",
    "reportedCurrency": "USD",
    "cik": "0000831001",
    "fillingDate": "2001-03-14",
    "acceptedDate": "2001-03-14 00:00:00",
    "calendarYear": "2000",
    "period": "FY",
    "revenue": 100031000000,
    "costOfRevenue": 41798000000,
    "grossProfit": 58233000000,
    "grossProfitRatio": 0.5821495336,
    "researchAndDevelopmentExpenses": 0,
    "generalAndAdministrativeExpenses": 21760000000,
    "sellingAndMarketingExpenses": 0,
    "sellingGeneralAndAdministrativeExpenses": 21760000000,
    "otherExpenses": 17215000000,
    "operatingExpenses": 38975000000,
    "costAndExpenses": 80773000000,
    "interestIncome": 62749000000,
    "interestExpense": 36459000000,
    "depreciationAndAmortization": 4324000000,
    "ebitda": 23582000000,
    "ebitdaratio": 0.2357469185,
    "operatingIncome": 19258000000,
    "operatingIncomeRatio": 0.1925203187,
    "totalOtherIncomeExpensesNet": 0,
    "incomeBeforeTax": 19258000000,
    "incomeBeforeTaxRatio": 0.1925203187,
    "incomeTaxExpense": 7027000000,
    "netIncome": 13519000000,
    "netIncomeRatio": 0.1351481041,
    "eps": 26.9,
    "epsdiluted": 26.2,
    "weightedAverageShsOut": 497700000,
    "weightedAverageShsOutDil": 512220000,
    "link": "https://www.sec.gov/Archives/edgar/data/831001/000091205701007605/0000912057-01-007605-index.htm",
    "finalLink": "https://www.sec.gov/Archives/edgar/data/831001/000091205701007605/a2040499z10-k405.txt"
  },
  {
    "date": "1999-12-31",
    "symbol": "C",
    "reportedCurrency": "USD",
    "cik": "0000831001",
    "fillingDate": "2000-03-10",
    "acceptedDate": "2000-03-10 00:00:00",
    "calendarYear": "1999",
    "period": "FY",
    "revenue": 94396000000,
    "costOfRevenue": 33434000000,
    "grossProfit": 60962000000,
    "grossProfitRatio": 0.6458112632,
    "researchAndDevelopmentExpenses": 0,
    "generalAndAdministrativeExpenses": 25289000000,
    "sellingAndMarketingExpenses": 0,
    "sellingGeneralAndAdministrativeExpenses": 25289000000,
    "otherExpenses": 17773000000,
    "operatingExpenses": 43062000000,
    "costAndExpenses": 76496000000,
    "interestIncome": 54989000000,
    "interestExpense": 28674000000,
    "depreciationAndAmortization": 3839000000,
    "ebitda": 21739000000,
    "ebitdaratio": 0.2302957752,
    "operatingIncome": 17900000000,
    "operatingIncomeRatio": 0.1896266791,
    "totalOtherIncomeExpensesNet": 0,
    "incomeBeforeTax": 17900000000,
    "incomeBeforeTaxRatio": 0.1896266791,
    "incomeTaxExpense": 6530000000,
    "netIncome": 11243000000,
    "netIncomeRatio": 0.1191046231,
    "eps": 22.3,
    "epsdiluted": 21.7,
    "weightedAverageShsOut": 497920000,
    "weightedAverageShsOutDil": 512780000,
    "link": "https://www.sec.gov/Archives/edgar/data/831001/000100547700002089/0001005477-00-002089-index.htm",
    "finalLink": "https://www.sec.gov/Archives/edgar/data/831001/000100547700002089/0001005477-00-002089.txt"
  },
  {
    "date": "1998-12-31",
    "symbol": "C",
    "reportedCurrency": "USD",
    "cik": "0000831001",
    "fillingDate": "1999-03-08",
    "acceptedDate": "1999-03-08 00:00:00",
    "calendarYear": "1998",
    "period": "FY",
    "revenue": 85925000000,
    "costOfRevenue": 34953000000,
    "grossProfit": 50972000000,
    "grossProfitRatio": 0.5932150131,
    "researchAndDevelopmentExpenses": 0,
    "generalAndAdministrativeExpenses": 23142000000,
    "sellingAndMarketingExpenses": 0,
    "sellingGeneralAndAdministrativeExpenses": 23142000000,
    "otherExpenses": 16973000000,
    "operatingExpenses": 40115000000,
    "costAndExpenses": 75068000000,
    "interestIncome": 54536000000,
    "interestExpense": 30692000000,
    "depreciationAndAmortization": 3319000000,
    "ebitda": 14176000000,
    "ebitdaratio": 0.1649810882,
    "operatingIncome": 10857000000,
    "operatingIncomeRatio": 0.1263543788,
    "totalOtherIncomeExpensesNet": 0,
    "incomeBeforeTax": 10857000000,
    "incomeBeforeTaxRatio": 0.1263543788,
    "incomeTaxExpense": 3907000000,
    "netIncome": 6950000000,
    "netIncomeRatio": 0.0808844923,
    "eps": 13.5,
    "epsdiluted": 13.1,
    "weightedAverageShsOut": 499510000,
    "weightedAverageShsOutDil": 514370000,
    "link": "https://www.sec.gov/Archives/edgar/data/831001/000104746999008860/0001047469-99-008860-index.htm",
    "finalLink": "https://www.sec.gov/Archives/edgar/data/831001/0001047469-99-008860.txt"
  },
  {
    "date": "1997-12-31",
    "symbol": "C",
    "reportedCurrency": "USD",
    "cik": "0000831001",
    "fillingDate": "1998-03-24",
    "acceptedDate": "1998-03-24 00:00:00",
    "calendarYear": "1997",
    "period": "FY",
    "revenue": 72306000000,
    "costOfRevenue": 26721000000,
    "grossProfit": 45585000000,
    "grossProfitRatio": 0.6304456062,
    "researchAndDevelopmentExpenses": 0,
    "generalAndAdministrativeExpenses": 20656000000,
    "sellingAndMarketingExpenses": 0,
    "sellingGeneralAndAdministrativeExpenses": 20656000000,
    "otherExpenses": 14391000000,
    "operatingExpenses": 35047000000,
    "costAndExpenses": 61768000000,
    "interestIncome": 42101000000,
    "interestExpense": 24524000000,
    "depreciationAndAmortization": 2642000000,
    "ebitda": 13180000000,
    "ebitdaratio": 0.1822808619,
    "operatingIncome": 10538000000,
    "operatingIncomeRatio": 0.1457417088,
    "totalOtherIncomeExpensesNet": 0,
    "incomeBeforeTax": 10538000000,
    "incomeBeforeTaxRatio": 0.1457417088,
    "incomeTaxExpense": 3833000000,
    "netIncome": 6705000000,
    "netIncomeRatio": 0.0927308937,
    "eps": 29.68,
    "epsdiluted": 29,
    "weightedAverageShsOut": 225898000,
    "weightedAverageShsOutDil": 231215000,
    "link": "https://www.sec.gov/Archives/edgar/data/831001/000100547798000860/0001005477-98-000860-index.htm",
    "finalLink": "https://www.sec.gov/Archives/edgar/data/831001/0001005477-98-000860.txt"
  },
  {
    "date": "1996-12-31",
    "symbol": "C",
    "reportedCurrency": "USD",
    "cik": "0000831001",
    "fillingDate": "1997-03-26",
    "acceptedDate": "1997-03-26 00:00:00",
    "calendarYear": "1996",
    "period": "FY",
    "revenue": 65101000000,
    "costOfRevenue": 23536000000,
    "grossProfit": 41565000000,
    "grossProfitRatio": 0.6384694552,
    "researchAndDevelopmentExpenses": 0,
    "generalAndAdministrativeExpenses": 19394000000,
    "sellingAndMarketingExpenses": 0,
    "sellingGeneralAndAdministrativeExpenses": 19394000000,
    "otherExpenses": 11131000000,
    "operatingExpenses": 30525000000,
    "costAndExpenses": 54061000000,
    "interestIncome": 37798000000,
    "interestExpense": 21336000000,
    "depreciationAndAmortization": 2374000000,
    "ebitda": 13414000000,
    "ebitdaratio": 0.2060490622,
    "operatingIncome": 11040000000,
    "operatingIncomeRatio": 0.1695826485,
    "totalOtherIncomeExpensesNet": 0,
    "incomeBeforeTax": 11040000000,
    "incomeBeforeTaxRatio": 0.1695826485,
    "incomeTaxExpense": 3967000000,
    "netIncome": 6739000000,
    "netIncomeRatio": 0.103516075,
    "eps": 12.65,
    "epsdiluted": 12.1,
    "weightedAverageShsOut": 219515000,
    "weightedAverageShsOutDil": 234114000,
    "link": "https://www.sec.gov/Archives/edgar/data/831001/000100547797000866/0001005477-97-000866-index.htm",
    "finalLink": "https://www.sec.gov/Archives/edgar/data/831001/0001005477-97-000866.txt"
  },
  {
    "date": "1995-12-31",
    "symbol": "C",
    "reportedCurrency": "USD",
    "cik": "0000831001",
    "fillingDate": "1996-03-27",
    "acceptedDate": "1996-03-27 00:00:00",
    "calendarYear": "1995",
    "period": "FY",
    "revenue": 27267000000,
    "costOfRevenue": 9549000000,
    "grossProfit": 17718000000,
    "grossProfitRatio": 0.6497964573,
    "researchAndDevelopmentExpenses": 0,
    "generalAndAdministrativeExpenses": 10166000000,
    "sellingAndMarketingExpenses": 0,
    "sellingGeneralAndAdministrativeExpenses": 10166000000,
    "otherExpenses": 4232000000,
    "operatingExpenses": 14398000000,
    "costAndExpenses": 23947000000,
    "interestIncome": 13045000000,
    "interestExpense": 9378000000,
    "depreciationAndAmortization": 416000000,
    "ebitda": 3736000000,
    "ebitdaratio": 0.1370154399,
    "operatingIncome": 3320000000,
    "operatingIncomeRatio": 0.1217589027,
    "totalOtherIncomeExpensesNet": 0,
    "incomeBeforeTax": 3320000000,
    "incomeBeforeTaxRatio": 0.1217589027,
    "incomeTaxExpense": 1179000000,
    "netIncome": 2291000000,
    "netIncomeRatio": 0.0840209777,
    "eps": 9.2,
    "epsdiluted": 9.2,
    "weightedAverageShsOut": 190435000,
    "weightedAverageShsOutDil": 190656000,
    "link": "https://www.sec.gov/Archives/edgar/data/831001/000095011296000929/0000950112-96-000929-index.htm",
    "finalLink": "https://www.sec.gov/Archives/edgar/data/831001/0000950112-96-000929.txt"
  },
  {
    "date": "1994-12-31",
    "symbol": "C",
    "reportedCurrency": "USD",
    "cik": "0000831001",
    "fillingDate": "1995-03-31",
    "acceptedDate": "1995-03-31 00:00:00",
    "calendarYear": "1994",
    "period": "FY",
    "revenue": 18719000000,
    "costOfRevenue": 1436000000,
    "grossProfit": 17283000000,
    "grossProfitRatio": 0.9232865003,
    "researchAndDevelopmentExpenses": 0,
    "generalAndAdministrativeExpenses": 11038000000,
    "sellingAndMarketingExpenses": 0,
    "sellingGeneralAndAdministrativeExpenses": 11038000000,
    "otherExpenses": 4096000000,
    "operatingExpenses": 15134000000,
    "costAndExpenses": 16570000000,
    "interestIncome": 3637000000,
    "interestExpense": 1284000000,
    "depreciationAndAmortization": 349000000,
    "ebitda": 2498000000,
    "ebitdaratio": 0.1334472995,
    "operatingIncome": 2149000000,
    "operatingIncomeRatio": 0.1148031412,
    "totalOtherIncomeExpensesNet": 0,
    "incomeBeforeTax": 2149000000,
    "incomeBeforeTaxRatio": 0.1148031412,
    "incomeTaxExpense": 823000000,
    "netIncome": 1326000000,
    "netIncomeRatio": 0.0708371174,
    "eps": 6.44,
    "epsdiluted": 6.44,
    "weightedAverageShsOut": 193147000,
    "weightedAverageShsOutDil": 193333000,
    "link": "https://www.sec.gov/Archives/edgar/data/831001/000095011295000845/0000950112-95-000845-index.htm",
    "finalLink": "https://www.sec.gov/Archives/edgar/data/831001/0000950112-95-000845.txt"
  },
  {
    "date": "1993-12-31",
    "symbol": "C",
    "reportedCurrency": "USD",
    "cik": "0000831001",
    "fillingDate": "1994-03-31",
    "acceptedDate": "1994-03-31 00:00:00",
    "calendarYear": "1993",
    "period": "FY",
    "revenue": 6810000000,
    "costOfRevenue": 841000000,
    "grossProfit": 5969000000,
    "grossProfitRatio": 0.8765051395,
    "researchAndDevelopmentExpenses": 0,
    "generalAndAdministrativeExpenses": 2890000000,
    "sellingAndMarketingExpenses": 0,
    "sellingGeneralAndAdministrativeExpenses": 2890000000,
    "otherExpenses": 1578000000,
    "operatingExpenses": 4468000000,
    "costAndExpenses": 5309000000,
    "interestIncome": 718000000,
    "interestExpense": 707000000,
    "depreciationAndAmortization": 125000000,
    "ebitda": 1626000000,
    "ebitdaratio": 0.2387665198,
    "operatingIncome": 1501000000,
    "operatingIncomeRatio": 0.2204111601,
    "totalOtherIncomeExpensesNet": 0,
    "incomeBeforeTax": 1501000000,
    "incomeBeforeTaxRatio": 0.2204111601,
    "incomeTaxExpense": 550000000,
    "netIncome": 916000000,
    "netIncomeRatio": 0.1345080764,
    "eps": 9.6,
    "epsdiluted": 9.1,
    "weightedAverageShsOut": 146857000,
    "weightedAverageShsOutDil": 146857000,
    "link": "https://www.sec.gov/Archives/edgar/data/831001/000095011294000839/0000950112-94-000839-index.htm",
    "finalLink": "https://www.sec.gov/Archives/edgar/data/831001/0000950112-94-000839.txt"
  },
  {
    "date": "1992-12-31",
    "symbol": "C",
    "reportedCurrency": "USD",
    "cik": "0000831001",
    "fillingDate": "1992-12-31",
    "acceptedDate": "1992-12-31 00:00:00",
    "calendarYear": "1992",
    "period": "FY",
    "revenue": 5312600000,
    "costOfRevenue": 839200000,
    "grossProfit": 4473400000,
    "grossProfitRatio": 0.8420359146,
    "researchAndDevelopmentExpenses": 0,
    "generalAndAdministrativeExpenses": 1976000000,
    "sellingAndMarketingExpenses": 0,
    "sellingGeneralAndAdministrativeExpenses": 1976000000,
    "otherExpenses": 1309600000,
    "operatingExpenses": 3285600000,
    "costAndExpenses": 4124800000,
    "interestIncome": 605400000,
    "interestExpense": 673900000,
    "depreciationAndAmortization": 97100000,
    "ebitda": 1284900000,
    "ebitdaratio": 0.2418589768,
    "operatingIncome": 1187800000,
    "operatingIncomeRatio": 0.2235816738,
    "totalOtherIncomeExpensesNet": 0,
    "incomeBeforeTax": 1187800000,
    "incomeBeforeTaxRatio": 0.2235816738,
    "incomeTaxExpense": 431600000,
    "netIncome": 728100000,
    "netIncomeRatio": 0.1370515379,
    "eps": 5.4,
    "epsdiluted": 5.4,
    "weightedAverageShsOut": 133481000,
    "weightedAverageShsOutDil": 133481000,
    "link": null,
    "finalLink": null
  },
  {
    "date": "1991-12-31",
    "symbol": "C",
    "reportedCurrency": "USD",
    "cik": "0000831001",
    "fillingDate": "1991-12-31",
    "acceptedDate": "1991-12-31 00:00:00",
    "calendarYear": "1991",
    "period": "FY",
    "revenue": 6670800000,
    "costOfRevenue": 1041000000,
    "grossProfit": 5629800000,
    "grossProfitRatio": 0.843946753,
    "researchAndDevelopmentExpenses": 0,
    "generalAndAdministrativeExpenses": 2137500000,
    "sellingAndMarketingExpenses": 621500000,
    "sellingGeneralAndAdministrativeExpenses": 2759000000,
    "otherExpenses": 2105300000,
    "operatingExpenses": 4864300000,
    "costAndExpenses": 5905300000,
    "interestIncome": 687900000,
    "interestExpense": 875900000,
    "depreciationAndAmortization": 120400000,
    "ebitda": 885900000,
    "ebitdaratio": 0.1328026623,
    "operatingIncome": 765500000,
    "operatingIncomeRatio": 0.1147538526,
    "totalOtherIncomeExpensesNet": 0,
    "incomeBeforeTax": 765500000,
    "incomeBeforeTaxRatio": 0.1147538526,
    "incomeTaxExpense": 286700000,
    "netIncome": 478800000,
    "netIncomeRatio": 0.0717754992,
    "eps": 3.5,
    "epsdiluted": 3.5,
    "weightedAverageShsOut": 136800000,
    "weightedAverageShsOutDil": 136800000,
    "link": null,
    "finalLink": null
  },
  {
    "date": "1990-12-31",
    "symbol": "C",
    "reportedCurrency": "USD",
    "cik": "0000831001",
    "fillingDate": "1990-12-31",
    "acceptedDate": "1990-12-31 00:00:00",
    "calendarYear": "1990",
    "period": "FY",
    "revenue": 6209100000,
    "costOfRevenue": 1148700000,
    "grossProfit": 5060400000,
    "grossProfitRatio": 0.8149973426,
    "researchAndDevelopmentExpenses": 0,
    "generalAndAdministrativeExpenses": 2005900000,
    "sellingAndMarketingExpenses": 567100000,
    "sellingGeneralAndAdministrativeExpenses": 2573000000,
    "otherExpenses": 1898800000,
    "operatingExpenses": 4471800000,
    "costAndExpenses": 5620500000,
    "interestIncome": 839000000,
    "interestExpense": 1027200000,
    "depreciationAndAmortization": 124100000,
    "ebitda": 712700000,
    "ebitdaratio": 0.1147831409,
    "operatingIncome": 588600000,
    "operatingIncomeRatio": 0.0947963473,
    "totalOtherIncomeExpensesNet": 0,
    "incomeBeforeTax": 588600000,
    "incomeBeforeTaxRatio": 0.0947963473,
    "incomeTaxExpense": 215700000,
    "netIncome": 372900000,
    "netIncomeRatio": 0.0600570131,
    "eps": 2.8,
    "epsdiluted": 2.8,
    "weightedAverageShsOut": 133179000,
    "weightedAverageShsOutDil": 133179000,
    "link": null,
    "finalLink": null
  },
  {
    "date": "1989-12-31",
    "symbol": "C",
    "reportedCurrency": "USD",
    "cik": "0000831001",
    "fillingDate": "1989-12-31",
    "acceptedDate": "1989-12-31 00:00:00",
    "calendarYear": "1989",
    "period": "FY",
    "revenue": 5695300000,
    "costOfRevenue": 1103700000,
    "grossProfit": 4591600000,
    "grossProfitRatio": 0.8062086282,
    "researchAndDevelopmentExpenses": 0,
    "generalAndAdministrativeExpenses": 1884600000,
    "sellingAndMarketingExpenses": 0,
    "sellingGeneralAndAdministrativeExpenses": 1884600000,
    "otherExpenses": 2236400000,
    "operatingExpenses": 4121000000,
    "costAndExpenses": 5224700000,
    "interestIncome": 872700000,
    "interestExpense": 1000600000,
    "depreciationAndAmortization": 102500000,
    "ebitda": 573100000,
    "ebitdaratio": 0.1006268327,
    "operatingIncome": 470600000,
    "operatingIncomeRatio": 0.0826295366,
    "totalOtherIncomeExpensesNet": 0,
    "incomeBeforeTax": 470600000,
    "incomeBeforeTaxRatio": 0.0826295366,
    "incomeTaxExpense": 181600000,
    "netIncome": 289000000,
    "netIncomeRatio": 0.0507435956,
    "eps": 2.3,
    "epsdiluted": 2.3,
    "weightedAverageShsOut": 125652000,
    "weightedAverageShsOutDil": 125652000,
    "link": null,
    "finalLink": null
  },
  {
    "date": "1988-12-31",
    "symbol": "C",
    "reportedCurrency": "USD",
    "cik": "0000831001",
    "fillingDate": "1988-12-31",
    "acceptedDate": "1988-12-30 19:00:00",
    "calendarYear": "1988",
    "period": "FY",
    "revenue": 0,
    "costOfRevenue": 0,
    "grossProfit": 0,
    "grossProfitRatio": 0,
    "researchAndDevelopmentExpenses": 0,
    "generalAndAdministrativeExpenses": 0,
    "sellingAndMarketingExpenses": 0,
    "sellingGeneralAndAdministrativeExpenses": 0,
    "otherExpenses": 161800000,
    "operatingExpenses": 161800000,
    "costAndExpenses": 161800000,
    "interestIncome": 0,
    "interestExpense": 0,
    "depreciationAndAmortization": 0,
    "ebitda": 161800000,
    "ebitdaratio": 0,
    "operatingIncome": 161800000,
    "operatingIncomeRatio": 0,
    "totalOtherIncomeExpensesNet": 0,
    "incomeBeforeTax": 161800000,
    "incomeBeforeTaxRatio": 0,
    "incomeTaxExpense": 0,
    "netIncome": 161800000,
    "netIncomeRatio": 0,
    "eps": 1.41,
    "epsdiluted": 1.41,
    "weightedAverageShsOut": 114969000,
    "weightedAverageShsOutDil": 114969000,
    "link": null,
    "finalLink": null
  },
  {
    "date": "1987-12-31",
    "symbol": "C",
    "reportedCurrency": "USD",
    "cik": "0000831001",
    "fillingDate": "1987-12-31",
    "acceptedDate": "1987-12-30 19:00:00",
    "calendarYear": "1987",
    "period": "FY",
    "revenue": 0,
    "costOfRevenue": 0,
    "grossProfit": 0,
    "grossProfitRatio": 0,
    "researchAndDevelopmentExpenses": 0,
    "generalAndAdministrativeExpenses": 0,
    "sellingAndMarketingExpenses": 0,
    "sellingGeneralAndAdministrativeExpenses": 0,
    "otherExpenses": 23700000,
    "operatingExpenses": 23700000,
    "costAndExpenses": 23700000,
    "interestIncome": 0,
    "interestExpense": 0,
    "depreciationAndAmortization": 0,
    "ebitda": 23700000,
    "ebitdaratio": 0,
    "operatingIncome": 23700000,
    "operatingIncomeRatio": 0,
    "totalOtherIncomeExpensesNet": 0,
    "incomeBeforeTax": 23700000,
    "incomeBeforeTaxRatio": 0,
    "incomeTaxExpense": 0,
    "netIncome": 23700000,
    "netIncomeRatio": 0,
    "eps": 0.4,
    "epsdiluted": 0.4,
    "weightedAverageShsOut": 59250000,
    "weightedAverageShsOutDil": 59250000,
    "link": null,
    "finalLink": null
  },
  {
    "date": "1986-12-31",
    "symbol": "C",
    "reportedCurrency": "USD",
    "cik": "0000831001",
    "fillingDate": "1986-12-31",
    "acceptedDate": "1986-12-30 19:00:00",
    "calendarYear": "1986",
    "period": "FY",
    "revenue": 0,
    "costOfRevenue": 0,
    "grossProfit": 0,
    "grossProfitRatio": 0,
    "researchAndDevelopmentExpenses": 0,
    "generalAndAdministrativeExpenses": 0,
    "sellingAndMarketingExpenses": 0,
    "sellingGeneralAndAdministrativeExpenses": 0,
    "otherExpenses": 45900000,
    "operatingExpenses": 45900000,
    "costAndExpenses": 45900000,
    "interestIncome": 0,
    "interestExpense": 0,
    "depreciationAndAmortization": 0,
    "ebitda": 45900000,
    "ebitdaratio": 0,
    "operatingIncome": 45900000,
    "operatingIncomeRatio": 0,
    "totalOtherIncomeExpensesNet": 0,
    "incomeBeforeTax": 45900000,
    "incomeBeforeTaxRatio": 0,
    "incomeTaxExpense": 0,
    "netIncome": 45900000,
    "netIncomeRatio": 0,
    "eps": 1,
    "epsdiluted": 1,
    "weightedAverageShsOut": 45900000,
    "weightedAverageShsOutDil": 45900000,
    "link": null,
    "finalLink": null
  }
]