[
  {
    "date": "2025-08-24",
    "symbol": "CAG",
    "reportedCurrency": "USD",
    "cik": "0000023217",
    "fillingDate": "2025-10-01",
    "acceptedDate": "2025-10-01 16:31:03",
    "calendarYear": "2026",
    "period": "Q1",
    "revenue": 2632600000,
    "costOfRevenue": 1992000000,
    "grossProfit": 640600000,
    "grossProfitRatio": 0.2433335866,
    "researchAndDevelopmentExpenses": 0,
    "generalAndAdministrativeExpenses": 0,
    "sellingAndMarketingExpenses": 0,
    "sellingGeneralAndAdministrativeExpenses": 335600000,
    "otherExpenses": 0,
    "operatingExpenses": 335600000,
    "costAndExpenses": 2327600000,
    "interestIncome": 0,
    "interestExpense": 93800000,
    "depreciationAndAmortization": 0,
    "ebitda": 347400000,
    "ebitdaratio": 0.1319607992,
    "operatingIncome": 347400000,
    "operatingIncomeRatio": 0.1319607992,
    "totalOtherIncomeExpensesNet": -58300000,
    "incomeBeforeTax": 289100000,
    "incomeBeforeTaxRatio": 0.1098153916,
    "incomeTaxExpense": 124600000,
    "netIncome": 164500000,
    "netIncomeRatio": 0.0624857555,
    "eps": 0.34,
    "epsdiluted": 0.34,
    "weightedAverageShsOut": 478700000,
    "weightedAverageShsOutDil": 479600000,
    "link": "https://www.sec.gov/Archives/edgar/data/23217/000110465925095651/0001104659-25-095651-index.htm",
    "finalLink": "https://www.sec.gov/Archives/edgar/data/23217/000110465925095651/tmb-20250824x10q.htm"
  },
  {
    "date": "2025-05-25",
    "symbol": "CAG",
    "reportedCurrency": "USD",
    "cik": "0000023217",
    "fillingDate": "2025-07-10",
    "acceptedDate": "2025-07-10 07:33:58",
    "calendarYear": "2025",
    "period": "Q4",
    "revenue": 2781800000,
    "costOfRevenue": 2068400000,
    "grossProfit": 713400000,
    "grossProfitRatio": 0.2564526566,
    "researchAndDevelopmentExpenses": 60800000,
    "generalAndAdministrativeExpenses": 63900000,
    "sellingAndMarketingExpenses": 263200000,
    "sellingGeneralAndAdministrativeExpenses": 332700000,
    "otherExpenses": -60800000,
    "operatingExpenses": 332700000,
    "costAndExpenses": 2401100000,
    "interestIncome": 600000,
    "interestExpense": 101800000,
    "depreciationAndAmortization": 95300000,
    "ebitda": 490200000,
    "ebitdaratio": 0.176216838,
    "operatingIncome": 380700000,
    "operatingIncomeRatio": 0.1368538356,
    "totalOtherIncomeExpensesNet": -87500000,
    "incomeBeforeTax": 293200000,
    "incomeBeforeTaxRatio": 0.1053993817,
    "incomeTaxExpense": 37200000,
    "netIncome": 256000000,
    "netIncomeRatio": 0.0920267453,
    "eps": 0.54,
    "epsdiluted": 0.53,
    "weightedAverageShsOut": 478200000,
    "weightedAverageShsOutDil": 478200000,
    "link": "https://www.sec.gov/Archives/edgar/data/23217/000155837025009180/0001558370-25-009180-index.htm",
    "finalLink": "https://www.sec.gov/Archives/edgar/data/23217/000155837025009180/tmb-20250525x10k.htm"
  },
  {
    "date": "2025-02-23",
    "symbol": "CAG",
    "reportedCurrency": "USD",
    "cik": "0000023217",
    "fillingDate": "2025-04-03",
    "acceptedDate": "2025-04-03 16:30:37",
    "calendarYear": "2025",
    "period": "Q3",
    "revenue": 2841000000,
    "costOfRevenue": 2137400000,
    "grossProfit": 703600000,
    "grossProfitRatio": 0.2476592749,
    "researchAndDevelopmentExpenses": 0,
    "generalAndAdministrativeExpenses": 0,
    "sellingAndMarketingExpenses": 0,
    "sellingGeneralAndAdministrativeExpenses": 438100000,
    "otherExpenses": 0,
    "operatingExpenses": 438100000,
    "costAndExpenses": 2575500000,
    "interestIncome": 400000,
    "interestExpense": 101300000,
    "depreciationAndAmortization": 98300000,
    "ebitda": 387900000,
    "ebitdaratio": 0.1365364308,
    "operatingIncome": 265500000,
    "operatingIncomeRatio": 0.0934530095,
    "totalOtherIncomeExpensesNet": -76500000,
    "incomeBeforeTax": 189000000,
    "incomeBeforeTaxRatio": 0.0665258712,
    "incomeTaxExpense": 43900000,
    "netIncome": 145100000,
    "netIncomeRatio": 0.0510735656,
    "eps": 0.3,
    "epsdiluted": 0.3,
    "weightedAverageShsOut": 478100000,
    "weightedAverageShsOutDil": 479300000,
    "link": "https://www.sec.gov/Archives/edgar/data/23217/000155837025004399/0001558370-25-004399-index.htm",
    "finalLink": "https://www.sec.gov/Archives/edgar/data/23217/000155837025004399/tmb-20250223x10q.htm"
  },
  {
    "date": "2024-11-24",
    "symbol": "CAG",
    "reportedCurrency": "USD",
    "cik": "0000023217",
    "fillingDate": "2024-12-19",
    "acceptedDate": "2024-12-19 16:30:37",
    "calendarYear": "2025",
    "period": "Q2",
    "revenue": 3195100000,
    "costOfRevenue": 2349900000,
    "grossProfit": 845200000,
    "grossProfitRatio": 0.2645300617,
    "researchAndDevelopmentExpenses": 0,
    "generalAndAdministrativeExpenses": 0,
    "sellingAndMarketingExpenses": 0,
    "sellingGeneralAndAdministrativeExpenses": 370800000,
    "otherExpenses": 0,
    "operatingExpenses": 370800000,
    "costAndExpenses": 2720700000,
    "interestIncome": 600000,
    "interestExpense": 108800000,
    "depreciationAndAmortization": 97500000,
    "ebitda": 551700000,
    "ebitdaratio": 0.1726706519,
    "operatingIncome": 474400000,
    "operatingIncomeRatio": 0.148477356,
    "totalOtherIncomeExpensesNet": -128400000,
    "incomeBeforeTax": 346000000,
    "incomeBeforeTaxRatio": 0.1082908203,
    "incomeTaxExpense": 61500000,
    "netIncome": 284500000,
    "netIncomeRatio": 0.0890425965,
    "eps": 0.6,
    "epsdiluted": 0.59,
    "weightedAverageShsOut": 478000000,
    "weightedAverageShsOutDil": 479300000,
    "link": "https://www.sec.gov/Archives/edgar/data/23217/000155837024016392/0001558370-24-016392-index.htm",
    "finalLink": "https://www.sec.gov/Archives/edgar/data/23217/000155837024016392/tmb-20241124x10q.htm"
  },
  {
    "date": "2024-08-25",
    "symbol": "CAG",
    "reportedCurrency": "USD",
    "cik": "0000023217",
    "fillingDate": "2024-10-02",
    "acceptedDate": "2024-10-02 16:30:32",
    "calendarYear": "2025",
    "period": "Q1",
    "revenue": 2794900000,
    "costOfRevenue": 2049800000,
    "grossProfit": 745100000,
    "grossProfitRatio": 0.2665927225,
    "researchAndDevelopmentExpenses": 0,
    "generalAndAdministrativeExpenses": 0,
    "sellingAndMarketingExpenses": 0,
    "sellingGeneralAndAdministrativeExpenses": 335500000,
    "otherExpenses": 0,
    "operatingExpenses": 335500000,
    "costAndExpenses": 2385300000,
    "interestIncome": 900000,
    "interestExpense": 106700000,
    "depreciationAndAmortization": 99100000,
    "ebitda": 533100000,
    "ebitdaratio": 0.1907402769,
    "operatingIncome": 409600000,
    "operatingIncomeRatio": 0.1465526495,
    "totalOtherIncomeExpensesNet": -81600000,
    "incomeBeforeTax": 328000000,
    "incomeBeforeTaxRatio": 0.1173566138,
    "incomeTaxExpense": -138900000,
    "netIncome": 466800000,
    "netIncomeRatio": 0.167018498,
    "eps": 0.97,
    "epsdiluted": 0.97,
    "weightedAverageShsOut": 478800000,
    "weightedAverageShsOutDil": 480300000,
    "link": "https://www.sec.gov/Archives/edgar/data/23217/000155837024013126/0001558370-24-013126-index.htm",
    "finalLink": "https://www.sec.gov/Archives/edgar/data/23217/000155837024013126/tmb-20240825x10q.htm"
  },
  {
    "date": "2024-05-26",
    "symbol": "CAG",
    "reportedCurrency": "USD",
    "cik": "0000023217",
    "fillingDate": "2024-07-11",
    "acceptedDate": "2024-07-11 16:30:44",
    "calendarYear": "2024",
    "period": "Q4",
    "revenue": 2905900000,
    "costOfRevenue": 2098300000,
    "grossProfit": 807600000,
    "grossProfitRatio": 0.2779173406,
    "researchAndDevelopmentExpenses": 0,
    "generalAndAdministrativeExpenses": 0,
    "sellingAndMarketingExpenses": 0,
    "sellingGeneralAndAdministrativeExpenses": 373100000,
    "otherExpenses": 0,
    "operatingExpenses": 373100000,
    "costAndExpenses": 2471400000,
    "interestIncome": 2400000,
    "interestExpense": 107100000,
    "depreciationAndAmortization": 109200000,
    "ebitda": -386300000,
    "ebitdaratio": -0.1329364397,
    "operatingIncome": 434500000,
    "operatingIncomeRatio": 0.1495233835,
    "totalOtherIncomeExpensesNet": -1036300000,
    "incomeBeforeTax": -601800000,
    "incomeBeforeTaxRatio": -0.2070959083,
    "incomeTaxExpense": -34600000,
    "netIncome": -567300000,
    "netIncomeRatio": -0.1952235108,
    "eps": -1.18,
    "epsdiluted": -1.18,
    "weightedAverageShsOut": 478800000,
    "weightedAverageShsOutDil": 478800000,
    "link": "https://www.sec.gov/Archives/edgar/data/23217/000155837024009764/0001558370-24-009764-index.htm",
    "finalLink": "https://www.sec.gov/Archives/edgar/data/23217/000155837024009764/tmb-20240526x10k.htm"
  },
  {
    "date": "2024-02-25",
    "symbol": "CAG",
    "reportedCurrency": "USD",
    "cik": "0000023217",
    "fillingDate": "2024-04-04",
    "acceptedDate": "2024-04-04 16:30:55",
    "calendarYear": "2024",
    "period": "Q3",
    "revenue": 3032900000,
    "costOfRevenue": 2165800000,
    "grossProfit": 867100000,
    "grossProfitRatio": 0.2858979854,
    "researchAndDevelopmentExpenses": 0,
    "generalAndAdministrativeExpenses": 0,
    "sellingAndMarketingExpenses": 0,
    "sellingGeneralAndAdministrativeExpenses": 385900000,
    "otherExpenses": 0,
    "operatingExpenses": 385900000,
    "costAndExpenses": 2551700000,
    "interestIncome": 1400000,
    "interestExpense": 107900000,
    "depreciationAndAmortization": 95800000,
    "ebitda": 607500000,
    "ebitdaratio": 0.20030334,
    "operatingIncome": 481200000,
    "operatingIncomeRatio": 0.1586600284,
    "totalOtherIncomeExpensesNet": -35300000,
    "incomeBeforeTax": 445900000,
    "incomeBeforeTaxRatio": 0.147021003,
    "incomeTaxExpense": 95900000,
    "netIncome": 308600000,
    "netIncomeRatio": 0.1017507996,
    "eps": 0.64,
    "epsdiluted": 0.64,
    "weightedAverageShsOut": 478800000,
    "weightedAverageShsOutDil": 480000000,
    "link": "https://www.sec.gov/Archives/edgar/data/23217/000143774924011081/0001437749-24-011081-index.htm",
    "finalLink": "https://www.sec.gov/Archives/edgar/data/23217/000143774924011081/cag20240125_10q.htm"
  },
  {
    "date": "2023-11-26",
    "symbol": "CAG",
    "reportedCurrency": "USD",
    "cik": "0000023217",
    "fillingDate": "2024-01-04",
    "acceptedDate": "2024-01-04 16:30:59",
    "calendarYear": "2024",
    "period": "Q2",
    "revenue": 3208100000,
    "costOfRevenue": 2348700000,
    "grossProfit": 859400000,
    "grossProfitRatio": 0.2678844176,
    "researchAndDevelopmentExpenses": 0,
    "generalAndAdministrativeExpenses": 0,
    "sellingAndMarketingExpenses": 0,
    "sellingGeneralAndAdministrativeExpenses": 363100000,
    "otherExpenses": 0,
    "operatingExpenses": 363100000,
    "costAndExpenses": 2711800000,
    "interestIncome": 800000,
    "interestExpense": 114100000,
    "depreciationAndAmortization": 99300000,
    "ebitda": 547300000,
    "ebitdaratio": 0.1705994202,
    "operatingIncome": 496300000,
    "operatingIncomeRatio": 0.1547021602,
    "totalOtherIncomeExpensesNet": -107200000,
    "incomeBeforeTax": 389100000,
    "incomeBeforeTaxRatio": 0.1212867429,
    "incomeTaxExpense": 102900000,
    "netIncome": 286200000,
    "netIncomeRatio": 0.0892116829,
    "eps": 0.6,
    "epsdiluted": 0.6,
    "weightedAverageShsOut": 478700000,
    "weightedAverageShsOutDil": 479800000,
    "link": "https://www.sec.gov/Archives/edgar/data/23217/000143774924000605/0001437749-24-000605-index.htm",
    "finalLink": "https://www.sec.gov/Archives/edgar/data/23217/000143774924000605/cag20231126_10q.htm"
  },
  {
    "date": "2023-08-27",
    "symbol": "CAG",
    "reportedCurrency": "USD",
    "cik": "0000023217",
    "fillingDate": "2023-10-05",
    "acceptedDate": "2023-10-05 16:30:51",
    "calendarYear": "2024",
    "period": "Q1",
    "revenue": 2904000000,
    "costOfRevenue": 2100400000,
    "grossProfit": 803600000,
    "grossProfitRatio": 0.2767217631,
    "researchAndDevelopmentExpenses": 0,
    "generalAndAdministrativeExpenses": 0,
    "sellingAndMarketingExpenses": 0,
    "sellingGeneralAndAdministrativeExpenses": 319400000,
    "otherExpenses": 0,
    "operatingExpenses": 319400000,
    "costAndExpenses": 2419800000,
    "interestIncome": 1100000,
    "interestExpense": 107100000,
    "depreciationAndAmortization": 96600000,
    "ebitda": 621000000,
    "ebitdaratio": 0.2138429752,
    "operatingIncome": 484200000,
    "operatingIncomeRatio": 0.1667355372,
    "totalOtherIncomeExpensesNet": -30500000,
    "incomeBeforeTax": 453700000,
    "incomeBeforeTaxRatio": 0.1562327824,
    "incomeTaxExpense": 98300000,
    "netIncome": 319700000,
    "netIncomeRatio": 0.1100895317,
    "eps": 0.67,
    "epsdiluted": 0.67,
    "weightedAverageShsOut": 478200000,
    "weightedAverageShsOutDil": 479800000,
    "link": "https://www.sec.gov/Archives/edgar/data/23217/000143774923027773/0001437749-23-027773-index.htm",
    "finalLink": "https://www.sec.gov/Archives/edgar/data/23217/000143774923027773/cag20230714_10q.htm"
  },
  {
    "date": "2023-05-28",
    "symbol": "CAG",
    "reportedCurrency": "USD",
    "cik": "0000023217",
    "fillingDate": "2023-07-13",
    "acceptedDate": "2023-07-13 16:31:03",
    "calendarYear": "2023",
    "period": "Q4",
    "revenue": 2973300000,
    "costOfRevenue": 2173800000,
    "grossProfit": 799500000,
    "grossProfitRatio": 0.268893149,
    "researchAndDevelopmentExpenses": 0,
    "generalAndAdministrativeExpenses": 0,
    "sellingAndMarketingExpenses": 0,
    "sellingGeneralAndAdministrativeExpenses": 369800000,
    "otherExpenses": 0,
    "operatingExpenses": 369800000,
    "costAndExpenses": 2543600000,
    "interestIncome": 1300000,
    "interestExpense": 109300000,
    "depreciationAndAmortization": 92900000,
    "ebitda": 156400000,
    "ebitdaratio": 0.0526014866,
    "operatingIncome": 429700000,
    "operatingIncomeRatio": 0.1445195574,
    "totalOtherIncomeExpensesNet": -411700000,
    "incomeBeforeTax": 18000000,
    "incomeBeforeTaxRatio": 0.0060538795,
    "incomeTaxExpense": -18300000,
    "netIncome": 37500000,
    "netIncomeRatio": 0.012612249,
    "eps": 0.08,
    "epsdiluted": 0.08,
    "weightedAverageShsOut": 477700000,
    "weightedAverageShsOutDil": 479700000,
    "link": "https://www.sec.gov/Archives/edgar/data/23217/000143774923019879/0001437749-23-019879-index.htm",
    "finalLink": "https://www.sec.gov/Archives/edgar/data/23217/000143774923019879/cag20230206_10k.htm"
  },
  {
    "date": "2023-02-26",
    "symbol": "CAG",
    "reportedCurrency": "USD",
    "cik": "0000023217",
    "fillingDate": "2023-04-05",
    "acceptedDate": "2023-04-05 16:30:56",
    "calendarYear": "2023",
    "period": "Q3",
    "revenue": 3086500000,
    "costOfRevenue": 2230600000,
    "grossProfit": 855900000,
    "grossProfitRatio": 0.2773043901,
    "researchAndDevelopmentExpenses": 0,
    "generalAndAdministrativeExpenses": 0,
    "sellingAndMarketingExpenses": 0,
    "sellingGeneralAndAdministrativeExpenses": 346700000,
    "otherExpenses": 0,
    "operatingExpenses": 346700000,
    "costAndExpenses": 2577300000,
    "interestIncome": 1100000,
    "interestExpense": 105300000,
    "depreciationAndAmortization": 91500000,
    "ebitda": 587700000,
    "ebitdaratio": 0.1904098493,
    "operatingIncome": 509200000,
    "operatingIncomeRatio": 0.1649765106,
    "totalOtherIncomeExpensesNet": -66900000,
    "incomeBeforeTax": 442300000,
    "incomeBeforeTaxRatio": 0.1433014742,
    "incomeTaxExpense": 100100000,
    "netIncome": 341700000,
    "netIncomeRatio": 0.1107079216,
    "eps": 0.72,
    "epsdiluted": 0.71,
    "weightedAverageShsOut": 477500000,
    "weightedAverageShsOutDil": 479400000,
    "link": "https://www.sec.gov/Archives/edgar/data/23217/000143774923009534/0001437749-23-009534-index.htm",
    "finalLink": "https://www.sec.gov/Archives/edgar/data/23217/000143774923009534/cag20230110_10q.htm"
  },
  {
    "date": "2022-11-27",
    "symbol": "CAG",
    "reportedCurrency": "USD",
    "cik": "0000023217",
    "fillingDate": "2023-01-05",
    "acceptedDate": "2023-01-05 16:30:50",
    "calendarYear": "2023",
    "period": "Q2",
    "revenue": 3312900000,
    "costOfRevenue": 2395900000,
    "grossProfit": 917000000,
    "grossProfitRatio": 0.2767967642,
    "researchAndDevelopmentExpenses": 0,
    "generalAndAdministrativeExpenses": 0,
    "sellingAndMarketingExpenses": 0,
    "sellingGeneralAndAdministrativeExpenses": 370900000,
    "otherExpenses": 0,
    "operatingExpenses": 370900000,
    "costAndExpenses": 2766800000,
    "interestIncome": 600000,
    "interestExpense": 100900000,
    "depreciationAndAmortization": 92500000,
    "ebitda": 648000000,
    "ebitdaratio": 0.195599022,
    "operatingIncome": 546100000,
    "operatingIncomeRatio": 0.1648404721,
    "totalOtherIncomeExpensesNet": -41400000,
    "incomeBeforeTax": 504700000,
    "incomeBeforeTaxRatio": 0.1523438679,
    "incomeTaxExpense": 122500000,
    "netIncome": 381900000,
    "netIncomeRatio": 0.1152766458,
    "eps": 0.8,
    "epsdiluted": 0.79,
    "weightedAverageShsOut": 479400000,
    "weightedAverageShsOutDil": 480900000,
    "link": "https://www.sec.gov/Archives/edgar/data/23217/000143774923000496/0001437749-23-000496-index.htm",
    "finalLink": "https://www.sec.gov/Archives/edgar/data/23217/000143774923000496/cag20221011b_10q.htm"
  },
  {
    "date": "2022-08-28",
    "symbol": "CAG",
    "reportedCurrency": "USD",
    "cik": "0000023217",
    "fillingDate": "2022-10-06",
    "acceptedDate": "2022-10-06 16:30:40",
    "calendarYear": "2023",
    "period": "Q1",
    "revenue": 2904300000,
    "costOfRevenue": 2193300000,
    "grossProfit": 711000000,
    "grossProfitRatio": 0.2448094205,
    "researchAndDevelopmentExpenses": 0,
    "generalAndAdministrativeExpenses": 0,
    "sellingAndMarketingExpenses": 0,
    "sellingGeneralAndAdministrativeExpenses": 324500000,
    "otherExpenses": 0,
    "operatingExpenses": 324500000,
    "costAndExpenses": 2517800000,
    "interestIncome": 900000,
    "interestExpense": 98000000,
    "depreciationAndAmortization": 93000000,
    "ebitda": 77900000,
    "ebitdaratio": 0.026822298,
    "operatingIncome": 386500000,
    "operatingIncomeRatio": 0.1330785387,
    "totalOtherIncomeExpensesNet": -449600000,
    "incomeBeforeTax": -63100000,
    "incomeBeforeTaxRatio": -0.0217264057,
    "incomeTaxExpense": 14400000,
    "netIncome": -77500000,
    "netIncomeRatio": -0.0266845712,
    "eps": -0.16,
    "epsdiluted": -0.16,
    "weightedAverageShsOut": 480600000,
    "weightedAverageShsOutDil": 480600000,
    "link": "https://www.sec.gov/Archives/edgar/data/23217/000143774922023764/0001437749-22-023764-index.htm",
    "finalLink": "https://www.sec.gov/Archives/edgar/data/23217/000143774922023764/cag20220828_10q.htm"
  },
  {
    "date": "2022-05-29",
    "symbol": "CAG",
    "reportedCurrency": "USD",
    "cik": "0000023217",
    "fillingDate": "2022-07-21",
    "acceptedDate": "2022-07-21 16:31:57",
    "calendarYear": "2022",
    "period": "Q4",
    "revenue": 2910000000,
    "costOfRevenue": 2197600000,
    "grossProfit": 712400000,
    "grossProfitRatio": 0.2448109966,
    "researchAndDevelopmentExpenses": 0,
    "generalAndAdministrativeExpenses": 0,
    "sellingAndMarketingExpenses": 0,
    "sellingGeneralAndAdministrativeExpenses": 213900000,
    "otherExpenses": 0,
    "operatingExpenses": 213900000,
    "costAndExpenses": 2411500000,
    "interestIncome": 1000000,
    "interestExpense": 97200000,
    "depreciationAndAmortization": 89800000,
    "ebitda": 323100000,
    "ebitdaratio": 0.1110309278,
    "operatingIncome": 498500000,
    "operatingIncomeRatio": 0.1713058419,
    "totalOtherIncomeExpensesNet": -314100000,
    "incomeBeforeTax": 184400000,
    "incomeBeforeTaxRatio": 0.0633676976,
    "incomeTaxExpense": 26700000,
    "netIncome": 158900000,
    "netIncomeRatio": 0.054604811,
    "eps": 0.33,
    "epsdiluted": 0.33,
    "weightedAverageShsOut": 480400000,
    "weightedAverageShsOutDil": 482500000,
    "link": "https://www.sec.gov/Archives/edgar/data/23217/000143774922017530/0001437749-22-017530-index.htm",
    "finalLink": "https://www.sec.gov/Archives/edgar/data/23217/000143774922017530/cag20220209_10k.htm"
  },
  {
    "date": "2022-02-27",
    "symbol": "CAG",
    "reportedCurrency": "USD",
    "cik": "0000023217",
    "fillingDate": "2022-04-07",
    "acceptedDate": "2022-04-07 16:32:15",
    "calendarYear": "2022",
    "period": "Q3",
    "revenue": 2913700000,
    "costOfRevenue": 2220900000,
    "grossProfit": 692800000,
    "grossProfitRatio": 0.237773278,
    "researchAndDevelopmentExpenses": 0,
    "generalAndAdministrativeExpenses": 0,
    "sellingAndMarketingExpenses": 0,
    "sellingGeneralAndAdministrativeExpenses": 302000000,
    "otherExpenses": 0,
    "operatingExpenses": 302000000,
    "costAndExpenses": 2522900000,
    "interestIncome": 500000,
    "interestExpense": 95100000,
    "depreciationAndAmortization": 92100000,
    "ebitda": 467100000,
    "ebitdaratio": 0.1603116313,
    "operatingIncome": 390800000,
    "operatingIncomeRatio": 0.1341249957,
    "totalOtherIncomeExpensesNet": -62000000,
    "incomeBeforeTax": 328800000,
    "incomeBeforeTaxRatio": 0.1128462093,
    "incomeTaxExpense": 109900000,
    "netIncome": 218400000,
    "netIncomeRatio": 0.0749562412,
    "eps": 0.45,
    "epsdiluted": 0.45,
    "weightedAverageShsOut": 480300000,
    "weightedAverageShsOutDil": 482200000,
    "link": "https://www.sec.gov/Archives/edgar/data/23217/000156459022013862/0001564590-22-013862-index.htm",
    "finalLink": "https://www.sec.gov/Archives/edgar/data/23217/000156459022013862/cag-10q_20220227.htm"
  },
  {
    "date": "2021-11-28",
    "symbol": "CAG",
    "reportedCurrency": "USD",
    "cik": "0000023217",
    "fillingDate": "2022-01-06",
    "acceptedDate": "2022-01-06 16:30:53",
    "calendarYear": "2022",
    "period": "Q2",
    "revenue": 3058900000,
    "costOfRevenue": 2309700000,
    "grossProfit": 749200000,
    "grossProfitRatio": 0.2449246461,
    "researchAndDevelopmentExpenses": 0,
    "generalAndAdministrativeExpenses": 0,
    "sellingAndMarketingExpenses": 0,
    "sellingGeneralAndAdministrativeExpenses": 318900000,
    "otherExpenses": 0,
    "operatingExpenses": 318900000,
    "costAndExpenses": 2628600000,
    "interestIncome": 300000,
    "interestExpense": 95200000,
    "depreciationAndAmortization": 97000000,
    "ebitda": 522500000,
    "ebitdaratio": 0.1708130374,
    "operatingIncome": 430300000,
    "operatingIncomeRatio": 0.1406714832,
    "totalOtherIncomeExpensesNet": -70200000,
    "incomeBeforeTax": 360100000,
    "incomeBeforeTaxRatio": 0.1177220569,
    "incomeTaxExpense": 84200000,
    "netIncome": 275500000,
    "netIncomeRatio": 0.0900650561,
    "eps": 0.57,
    "epsdiluted": 0.57,
    "weightedAverageShsOut": 480200000,
    "weightedAverageShsOutDil": 481900000,
    "link": "https://www.sec.gov/Archives/edgar/data/23217/000156459022000559/0001564590-22-000559-index.htm",
    "finalLink": "https://www.sec.gov/Archives/edgar/data/23217/000156459022000559/cag-10q_20211128.htm"
  },
  {
    "date": "2021-08-29",
    "symbol": "CAG",
    "reportedCurrency": "USD",
    "cik": "0000023217",
    "fillingDate": "2021-10-07",
    "acceptedDate": "2021-10-07 16:01:38",
    "calendarYear": "2022",
    "period": "Q1",
    "revenue": 2653300000,
    "costOfRevenue": 1955100000,
    "grossProfit": 698200000,
    "grossProfitRatio": 0.2631440093,
    "researchAndDevelopmentExpenses": 0,
    "generalAndAdministrativeExpenses": 0,
    "sellingAndMarketingExpenses": 0,
    "sellingGeneralAndAdministrativeExpenses": 295000000,
    "otherExpenses": 0,
    "operatingExpenses": 295000000,
    "costAndExpenses": 2250100000,
    "interestIncome": 300000,
    "interestExpense": 94500000,
    "depreciationAndAmortization": 96500000,
    "ebitda": 475900000,
    "ebitdaratio": 0.1793615498,
    "operatingIncome": 403200000,
    "operatingIncomeRatio": 0.1519617081,
    "totalOtherIncomeExpensesNet": -97800000,
    "incomeBeforeTax": 305400000,
    "incomeBeforeTaxRatio": 0.1151019485,
    "incomeTaxExpense": 69700000,
    "netIncome": 235400000,
    "netIncomeRatio": 0.0887197075,
    "eps": 0.49,
    "epsdiluted": 0.49,
    "weightedAverageShsOut": 480400000,
    "weightedAverageShsOutDil": 482300000,
    "link": "https://www.sec.gov/Archives/edgar/data/23217/000156459021050405/0001564590-21-050405-index.htm",
    "finalLink": "https://www.sec.gov/Archives/edgar/data/23217/000156459021050405/cag-10q_20210829.htm"
  },
  {
    "date": "2021-05-30",
    "symbol": "CAG",
    "reportedCurrency": "USD",
    "cik": "0000023217",
    "fillingDate": "2021-07-23",
    "acceptedDate": "2021-07-23 16:02:21",
    "calendarYear": "2021",
    "period": "Q4",
    "revenue": 2739500000,
    "costOfRevenue": 2018200000,
    "grossProfit": 721300000,
    "grossProfitRatio": 0.2632962219,
    "researchAndDevelopmentExpenses": 0,
    "generalAndAdministrativeExpenses": 0,
    "sellingAndMarketingExpenses": 0,
    "sellingGeneralAndAdministrativeExpenses": 338600000,
    "otherExpenses": 0,
    "operatingExpenses": 338600000,
    "costAndExpenses": 2356800000,
    "interestIncome": 300000,
    "interestExpense": 98700000,
    "depreciationAndAmortization": 98100000,
    "ebitda": 392500000,
    "ebitdaratio": 0.1432743201,
    "operatingIncome": 382700000,
    "operatingIncomeRatio": 0.139697025,
    "totalOtherIncomeExpensesNet": -148000000,
    "incomeBeforeTax": 234700000,
    "incomeBeforeTaxRatio": 0.085672568,
    "incomeTaxExpense": -75200000,
    "netIncome": 309500000,
    "netIncomeRatio": 0.1129768206,
    "eps": 0.64,
    "epsdiluted": 0.64,
    "weightedAverageShsOut": 480600000,
    "weightedAverageShsOutDil": 482700000,
    "link": "https://www.sec.gov/Archives/edgar/data/23217/000156459021037738/0001564590-21-037738-index.htm",
    "finalLink": "https://www.sec.gov/Archives/edgar/data/23217/000156459021037738/cag-10k_20210530.htm"
  },
  {
    "date": "2021-02-28",
    "symbol": "CAG",
    "reportedCurrency": "USD",
    "cik": "0000023217",
    "fillingDate": "2021-04-08",
    "acceptedDate": "2021-04-08 11:01:36",
    "calendarYear": "2021",
    "period": "Q3",
    "revenue": 2771100000,
    "costOfRevenue": 2008800000,
    "grossProfit": 762300000,
    "grossProfitRatio": 0.2750893147,
    "researchAndDevelopmentExpenses": 0,
    "generalAndAdministrativeExpenses": 0,
    "sellingAndMarketingExpenses": 0,
    "sellingGeneralAndAdministrativeExpenses": 323000000,
    "otherExpenses": 0,
    "operatingExpenses": 323000000,
    "costAndExpenses": 2331800000,
    "interestIncome": 400000,
    "interestExpense": 101000000,
    "depreciationAndAmortization": 96600000,
    "ebitda": 560200000,
    "ebitdaratio": 0.2021579878,
    "operatingIncome": 439300000,
    "operatingIncomeRatio": 0.158529104,
    "totalOtherIncomeExpensesNet": -56000000,
    "incomeBeforeTax": 383300000,
    "incomeBeforeTaxRatio": 0.1383205225,
    "incomeTaxExpense": 101600000,
    "netIncome": 281400000,
    "netIncomeRatio": 0.1015481217,
    "eps": 0.58,
    "epsdiluted": 0.58,
    "weightedAverageShsOut": 485700000,
    "weightedAverageShsOutDil": 487600000,
    "link": "https://www.sec.gov/Archives/edgar/data/23217/000156459021018099/0001564590-21-018099-index.htm",
    "finalLink": "https://www.sec.gov/Archives/edgar/data/23217/000156459021018099/cag-10q_20210228.htm"
  },
  {
    "date": "2020-11-29",
    "symbol": "CAG",
    "reportedCurrency": "USD",
    "cik": "0000023217",
    "fillingDate": "2021-01-07",
    "acceptedDate": "2021-01-07 10:31:20",
    "calendarYear": "2021",
    "period": "Q2",
    "revenue": 2995200000,
    "costOfRevenue": 2097900000,
    "grossProfit": 897300000,
    "grossProfitRatio": 0.2995793269,
    "researchAndDevelopmentExpenses": 0,
    "generalAndAdministrativeExpenses": 0,
    "sellingAndMarketingExpenses": 0,
    "sellingGeneralAndAdministrativeExpenses": 355200000,
    "otherExpenses": 0,
    "operatingExpenses": 355200000,
    "costAndExpenses": 2453100000,
    "interestIncome": 400000,
    "interestExpense": 108100000,
    "depreciationAndAmortization": 97800000,
    "ebitda": 641900000,
    "ebitdaratio": 0.214309562,
    "operatingIncome": 542100000,
    "operatingIncomeRatio": 0.1809895833,
    "totalOtherIncomeExpensesNet": -81900000,
    "incomeBeforeTax": 460200000,
    "incomeBeforeTaxRatio": 0.1536458333,
    "incomeTaxExpense": 80700000,
    "netIncome": 378900000,
    "netIncomeRatio": 0.1265024038,
    "eps": 0.77,
    "epsdiluted": 0.77,
    "weightedAverageShsOut": 489100000,
    "weightedAverageShsOutDil": 490900000,
    "link": "https://www.sec.gov/Archives/edgar/data/23217/000156459021000508/0001564590-21-000508-index.htm",
    "finalLink": "https://www.sec.gov/Archives/edgar/data/23217/000156459021000508/cag-10q_20201129.htm"
  },
  {
    "date": "2020-08-30",
    "symbol": "CAG",
    "reportedCurrency": "USD",
    "cik": "0000023217",
    "fillingDate": "2020-10-06",
    "acceptedDate": "2020-10-06 09:02:06",
    "calendarYear": "2021",
    "period": "Q1",
    "revenue": 2678900000,
    "costOfRevenue": 1855400000,
    "grossProfit": 823500000,
    "grossProfitRatio": 0.307402292,
    "researchAndDevelopmentExpenses": 0,
    "generalAndAdministrativeExpenses": 0,
    "sellingAndMarketingExpenses": 0,
    "sellingGeneralAndAdministrativeExpenses": 292300000,
    "otherExpenses": 0,
    "operatingExpenses": 292300000,
    "costAndExpenses": 2147700000,
    "interestIncome": 800000,
    "interestExpense": 114500000,
    "depreciationAndAmortization": 95200000,
    "ebitda": 618800000,
    "ebitdaratio": 0.2309903319,
    "operatingIncome": 531200000,
    "operatingIncomeRatio": 0.1982903431,
    "totalOtherIncomeExpensesNet": -114700000,
    "incomeBeforeTax": 416500000,
    "incomeBeforeTaxRatio": 0.1554742618,
    "incomeTaxExpense": 86700000,
    "netIncome": 329000000,
    "netIncomeRatio": 0.1228116018,
    "eps": 0.67,
    "epsdiluted": 0.67,
    "weightedAverageShsOut": 488200000,
    "weightedAverageShsOutDil": 489900000,
    "link": "https://www.sec.gov/Archives/edgar/data/23217/000156459020045859/0001564590-20-045859-index.htm",
    "finalLink": "https://www.sec.gov/Archives/edgar/data/23217/000156459020045859/cag-10q_20200830.htm"
  },
  {
    "date": "2020-05-31",
    "symbol": "CAG",
    "reportedCurrency": "USD",
    "cik": "0000023217",
    "fillingDate": "2020-07-24",
    "acceptedDate": "2020-07-24 13:01:19",
    "calendarYear": "2020",
    "period": "Q4",
    "revenue": 3287900000,
    "costOfRevenue": 2358600000,
    "grossProfit": 929300000,
    "grossProfitRatio": 0.2826424161,
    "researchAndDevelopmentExpenses": 0,
    "generalAndAdministrativeExpenses": 0,
    "sellingAndMarketingExpenses": 0,
    "sellingGeneralAndAdministrativeExpenses": 366900000,
    "otherExpenses": 0,
    "operatingExpenses": 366900000,
    "costAndExpenses": 2725500000,
    "interestIncome": 800000,
    "interestExpense": 126100000,
    "depreciationAndAmortization": 96400000,
    "ebitda": 459900000,
    "ebitdaratio": 0.1398765169,
    "operatingIncome": 562400000,
    "operatingIncomeRatio": 0.171051431,
    "totalOtherIncomeExpensesNet": -301300000,
    "incomeBeforeTax": 261100000,
    "incomeBeforeTaxRatio": 0.0794123909,
    "incomeTaxExpense": 59800000,
    "netIncome": 201400000,
    "netIncomeRatio": 0.0612549043,
    "eps": 0.41,
    "epsdiluted": 0.41,
    "weightedAverageShsOut": 487600000,
    "weightedAverageShsOutDil": 489200000,
    "link": "https://www.sec.gov/Archives/edgar/data/23217/000156459020033366/0001564590-20-033366-index.htm",
    "finalLink": "https://www.sec.gov/Archives/edgar/data/23217/000156459020033366/cag-10k_20200531.htm"
  },
  {
    "date": "2020-02-23",
    "symbol": "CAG",
    "reportedCurrency": "USD",
    "cik": "0000023217",
    "fillingDate": "2020-03-31",
    "acceptedDate": "2020-03-31 09:02:48",
    "calendarYear": "2020",
    "period": "Q3",
    "revenue": 2555000000,
    "costOfRevenue": 1854000000,
    "grossProfit": 701000000,
    "grossProfitRatio": 0.2743639922,
    "researchAndDevelopmentExpenses": 0,
    "generalAndAdministrativeExpenses": 0,
    "sellingAndMarketingExpenses": 0,
    "sellingGeneralAndAdministrativeExpenses": 299000000,
    "otherExpenses": 0,
    "operatingExpenses": 299000000,
    "costAndExpenses": 2153000000,
    "interestIncome": 1300000,
    "interestExpense": 119000000,
    "depreciationAndAmortization": 99100000,
    "ebitda": 480400000,
    "ebitdaratio": 0.1880234834,
    "operatingIncome": 402000000,
    "operatingIncomeRatio": 0.1573385519,
    "totalOtherIncomeExpensesNet": -128400000,
    "incomeBeforeTax": 273600000,
    "incomeBeforeTaxRatio": 0.1070841487,
    "incomeTaxExpense": 68900000,
    "netIncome": 204400000,
    "netIncomeRatio": 0.08,
    "eps": 0.42,
    "epsdiluted": 0.42,
    "weightedAverageShsOut": 487400000,
    "weightedAverageShsOutDil": 488800000,
    "link": "https://www.sec.gov/Archives/edgar/data/23217/000156459020014388/0001564590-20-014388-index.htm",
    "finalLink": "https://www.sec.gov/Archives/edgar/data/23217/000156459020014388/cag-10q_20200223.htm"
  },
  {
    "date": "2019-11-24",
    "symbol": "CAG",
    "reportedCurrency": "USD",
    "cik": "0000023217",
    "fillingDate": "2020-01-02",
    "acceptedDate": "2020-01-02 16:32:41",
    "calendarYear": "2020",
    "period": "Q2",
    "revenue": 2820800000,
    "costOfRevenue": 2015800000,
    "grossProfit": 805000000,
    "grossProfitRatio": 0.285380034,
    "researchAndDevelopmentExpenses": 0,
    "generalAndAdministrativeExpenses": 0,
    "sellingAndMarketingExpenses": 0,
    "sellingGeneralAndAdministrativeExpenses": 314600000,
    "otherExpenses": 0,
    "operatingExpenses": 314600000,
    "costAndExpenses": 2330400000,
    "interestIncome": 400000,
    "interestExpense": 121800000,
    "depreciationAndAmortization": 96700000,
    "ebitda": 535700000,
    "ebitdaratio": 0.1899106636,
    "operatingIncome": 490400000,
    "operatingIncomeRatio": 0.1738513897,
    "totalOtherIncomeExpensesNet": -144800000,
    "incomeBeforeTax": 345600000,
    "incomeBeforeTaxRatio": 0.1225184345,
    "incomeTaxExpense": 84100000,
    "netIncome": 260500000,
    "netIncomeRatio": 0.092349688,
    "eps": 0.53,
    "epsdiluted": 0.53,
    "weightedAverageShsOut": 487300000,
    "weightedAverageShsOutDil": 488300000,
    "link": "https://www.sec.gov/Archives/edgar/data/23217/000156459020000127/0001564590-20-000127-index.htm",
    "finalLink": "https://www.sec.gov/Archives/edgar/data/23217/000156459020000127/cag-10q_20191124.htm"
  },
  {
    "date": "2019-08-25",
    "symbol": "CAG",
    "reportedCurrency": "USD",
    "cik": "0000023217",
    "fillingDate": "2019-10-01",
    "acceptedDate": "2019-10-01 12:22:41",
    "calendarYear": "2020",
    "period": "Q1",
    "revenue": 2390700000,
    "costOfRevenue": 1714400000,
    "grossProfit": 676300000,
    "grossProfitRatio": 0.2828878571,
    "researchAndDevelopmentExpenses": 0,
    "generalAndAdministrativeExpenses": 0,
    "sellingAndMarketingExpenses": 0,
    "sellingGeneralAndAdministrativeExpenses": 305100000,
    "otherExpenses": 0,
    "operatingExpenses": 305100000,
    "costAndExpenses": 2019500000,
    "interestIncome": 600000,
    "interestExpense": 123300000,
    "depreciationAndAmortization": 96700000,
    "ebitda": 369700000,
    "ebitdaratio": 0.1546409002,
    "operatingIncome": 371200000,
    "operatingIncomeRatio": 0.1552683315,
    "totalOtherIncomeExpensesNet": -208400000,
    "incomeBeforeTax": 162800000,
    "incomeBeforeTaxRatio": 0.06809721,
    "incomeTaxExpense": -11500000,
    "netIncome": 173800000,
    "netIncomeRatio": 0.0726983729,
    "eps": 0.36,
    "epsdiluted": 0.36,
    "weightedAverageShsOut": 486800000,
    "weightedAverageShsOutDil": 487900000,
    "link": "https://www.sec.gov/Archives/edgar/data/23217/000156459019036036/0001564590-19-036036-index.htm",
    "finalLink": "https://www.sec.gov/Archives/edgar/data/23217/000156459019036036/cag-10q_20190825.htm"
  },
  {
    "date": "2019-05-26",
    "symbol": "CAG",
    "reportedCurrency": "USD",
    "cik": "0000023217",
    "fillingDate": "2019-07-19",
    "acceptedDate": "2019-07-19 10:14:35",
    "calendarYear": "2019",
    "period": "Q4",
    "revenue": 2613200000,
    "costOfRevenue": 1903900000,
    "grossProfit": 709300000,
    "grossProfitRatio": 0.2714296648,
    "researchAndDevelopmentExpenses": 0,
    "generalAndAdministrativeExpenses": 0,
    "sellingAndMarketingExpenses": 0,
    "sellingGeneralAndAdministrativeExpenses": 368500000,
    "otherExpenses": 0,
    "operatingExpenses": 368500000,
    "costAndExpenses": 2272400000,
    "interestIncome": 1800000,
    "interestExpense": 132700000,
    "depreciationAndAmortization": 100400000,
    "ebitda": 417900000,
    "ebitdaratio": 0.1599188734,
    "operatingIncome": 340800000,
    "operatingIncomeRatio": 0.1304148171,
    "totalOtherIncomeExpensesNet": -143800000,
    "incomeBeforeTax": 197000000,
    "incomeBeforeTaxRatio": 0.0753864993,
    "incomeTaxExpense": 71800000,
    "netIncome": 126500000,
    "netIncomeRatio": 0.048408082,
    "eps": 0.26,
    "epsdiluted": 0.26,
    "weightedAverageShsOut": 486400000,
    "weightedAverageShsOutDil": 487400000,
    "link": "https://www.sec.gov/Archives/edgar/data/23217/000002321719000006/0000023217-19-000006-index.htm",
    "finalLink": "https://www.sec.gov/Archives/edgar/data/23217/000002321719000006/cag-2019x10k.htm"
  },
  {
    "date": "2019-02-24",
    "symbol": "CAG",
    "reportedCurrency": "USD",
    "cik": "0000023217",
    "fillingDate": "2019-04-02",
    "acceptedDate": "2019-04-02 11:24:16",
    "calendarYear": "2019",
    "period": "Q3",
    "revenue": 2707100000,
    "costOfRevenue": 1952600000,
    "grossProfit": 754500000,
    "grossProfitRatio": 0.2787115363,
    "researchAndDevelopmentExpenses": 0,
    "generalAndAdministrativeExpenses": 0,
    "sellingAndMarketingExpenses": 0,
    "sellingGeneralAndAdministrativeExpenses": 323000000,
    "otherExpenses": 0,
    "operatingExpenses": 323000000,
    "costAndExpenses": 2275600000,
    "interestIncome": 1900000,
    "interestExpense": 132800000,
    "depreciationAndAmortization": 92300000,
    "ebitda": 521300000,
    "ebitdaratio": 0.1925676924,
    "operatingIncome": 431500000,
    "operatingIncomeRatio": 0.1593956633,
    "totalOtherIncomeExpensesNet": -121700000,
    "incomeBeforeTax": 309800000,
    "incomeBeforeTaxRatio": 0.1144398064,
    "incomeTaxExpense": 67200000,
    "netIncome": 242000000,
    "netIncomeRatio": 0.0893945551,
    "eps": 0.5,
    "epsdiluted": 0.5,
    "weightedAverageShsOut": 486200000,
    "weightedAverageShsOutDil": 487400000,
    "link": "https://www.sec.gov/Archives/edgar/data/23217/000002321719000004/0000023217-19-000004-index.htm",
    "finalLink": "https://www.sec.gov/Archives/edgar/data/23217/000002321719000004/cag-10q3fy19.htm"
  },
  {
    "date": "2018-11-25",
    "symbol": "CAG",
    "reportedCurrency": "USD",
    "cik": "0000023217",
    "fillingDate": "2019-01-03",
    "acceptedDate": "2019-01-03 10:09:00",
    "calendarYear": "2019",
    "period": "Q2",
    "revenue": 2383700000,
    "costOfRevenue": 1708800000,
    "grossProfit": 674900000,
    "grossProfitRatio": 0.2831312665,
    "researchAndDevelopmentExpenses": 0,
    "generalAndAdministrativeExpenses": 0,
    "sellingAndMarketingExpenses": 0,
    "sellingGeneralAndAdministrativeExpenses": 380100000,
    "otherExpenses": 0,
    "operatingExpenses": 380100000,
    "costAndExpenses": 2088900000,
    "interestIncome": 2500000,
    "interestExpense": 83100000,
    "depreciationAndAmortization": 76600000,
    "ebitda": 278500000,
    "ebitdaratio": 0.1168351722,
    "operatingIncome": 294800000,
    "operatingIncomeRatio": 0.123673281,
    "totalOtherIncomeExpensesNet": -138100000,
    "incomeBeforeTax": 156700000,
    "incomeBeforeTaxRatio": 0.0657381382,
    "incomeTaxExpense": 22400000,
    "netIncome": 131600000,
    "netIncomeRatio": 0.0552082896,
    "eps": 0.31,
    "epsdiluted": 0.31,
    "weightedAverageShsOut": 419900000,
    "weightedAverageShsOutDil": 421800000,
    "link": "https://www.sec.gov/Archives/edgar/data/23217/000002321719000002/0000023217-19-000002-index.htm",
    "finalLink": "https://www.sec.gov/Archives/edgar/data/23217/000002321719000002/cag-10q2fy19.htm"
  },
  {
    "date": "2018-08-26",
    "symbol": "CAG",
    "reportedCurrency": "USD",
    "cik": "0000023217",
    "fillingDate": "2018-10-02",
    "acceptedDate": "2018-10-02 10:32:56",
    "calendarYear": "2019",
    "period": "Q1",
    "revenue": 1834400000,
    "costOfRevenue": 1310100000,
    "grossProfit": 524299999,
    "grossProfitRatio": 0.285815525,
    "researchAndDevelopmentExpenses": 0,
    "generalAndAdministrativeExpenses": 0,
    "sellingAndMarketingExpenses": 0,
    "sellingGeneralAndAdministrativeExpenses": 271700000,
    "otherExpenses": 0,
    "operatingExpenses": 271700000,
    "costAndExpenses": 1581800000,
    "interestIncome": 600000,
    "interestExpense": 49600000,
    "depreciationAndAmortization": 63700000,
    "ebitda": 332700000,
    "ebitdaratio": 0.1813672045,
    "operatingIncome": 252600000,
    "operatingIncomeRatio": 0.1377017008,
    "totalOtherIncomeExpensesNet": -17000000,
    "incomeBeforeTax": 235600000,
    "incomeBeforeTaxRatio": 0.1284343655,
    "incomeTaxExpense": 57400000,
    "netIncome": 178200000,
    "netIncomeRatio": 0.0971434802,
    "eps": 0.45,
    "epsdiluted": 0.45,
    "weightedAverageShsOut": 391700000,
    "weightedAverageShsOutDil": 394100000,
    "link": "https://www.sec.gov/Archives/edgar/data/23217/000002321718000009/0000023217-18-000009-index.htm",
    "finalLink": "https://www.sec.gov/Archives/edgar/data/23217/000002321718000009/cag-10q1fy19.htm"
  },
  {
    "date": "2018-05-27",
    "symbol": "CAG",
    "reportedCurrency": "USD",
    "cik": "0000023217",
    "fillingDate": "2018-07-20",
    "acceptedDate": "2018-07-20 12:27:09",
    "calendarYear": "2018",
    "period": "Q4",
    "revenue": 1966200000,
    "costOfRevenue": 1394800000,
    "grossProfit": 571400000,
    "grossProfitRatio": 0.2906113315,
    "researchAndDevelopmentExpenses": 0,
    "generalAndAdministrativeExpenses": 0,
    "sellingAndMarketingExpenses": 0,
    "sellingGeneralAndAdministrativeExpenses": 455900000,
    "otherExpenses": 0,
    "operatingExpenses": 455900000,
    "costAndExpenses": 1850700000,
    "interestIncome": 1000000,
    "interestExpense": 45500000,
    "depreciationAndAmortization": 63600000,
    "ebitda": 198500000,
    "ebitdaratio": 0.1009561591,
    "operatingIncome": 115500000,
    "operatingIncomeRatio": 0.0587427525,
    "totalOtherIncomeExpensesNet": -8400000,
    "incomeBeforeTax": 107100000,
    "incomeBeforeTaxRatio": 0.0544705523,
    "incomeTaxExpense": 36500000,
    "netIncome": 69600000,
    "netIncomeRatio": 0.0353982301,
    "eps": 0.18,
    "epsdiluted": 0.18,
    "weightedAverageShsOut": 392900000,
    "weightedAverageShsOutDil": 395600000,
    "link": "https://www.sec.gov/Archives/edgar/data/23217/000002321718000005/0000023217-18-000005-index.htm",
    "finalLink": "https://www.sec.gov/Archives/edgar/data/23217/000002321718000005/cag-2018x10k.htm"
  },
  {
    "date": "2018-02-25",
    "symbol": "CAG",
    "reportedCurrency": "USD",
    "cik": "0000023217",
    "fillingDate": "2018-04-03",
    "acceptedDate": "2018-04-03 09:36:01",
    "calendarYear": "2018",
    "period": "Q3",
    "revenue": 1994500000,
    "costOfRevenue": 1395200000,
    "grossProfit": 599300000,
    "grossProfitRatio": 0.3004763099,
    "researchAndDevelopmentExpenses": 0,
    "generalAndAdministrativeExpenses": 0,
    "sellingAndMarketingExpenses": 0,
    "sellingGeneralAndAdministrativeExpenses": 337800000,
    "otherExpenses": 0,
    "operatingExpenses": 337800000,
    "costAndExpenses": 1733000000,
    "interestIncome": 800000,
    "interestExpense": 40600000,
    "depreciationAndAmortization": 64400000,
    "ebitda": 333800000,
    "ebitdaratio": 0.1673602407,
    "operatingIncome": 261500000,
    "operatingIncomeRatio": 0.131110554,
    "totalOtherIncomeExpensesNet": -3700000,
    "incomeBeforeTax": 257800000,
    "incomeBeforeTaxRatio": 0.1292554525,
    "incomeTaxExpense": -91400000,
    "netIncome": 362800000,
    "netIncomeRatio": 0.1819002256,
    "eps": 0.91,
    "epsdiluted": 0.9,
    "weightedAverageShsOut": 399100000,
    "weightedAverageShsOutDil": 402500000,
    "link": "https://www.sec.gov/Archives/edgar/data/23217/000002321718000004/0000023217-18-000004-index.htm",
    "finalLink": "https://www.sec.gov/Archives/edgar/data/23217/000002321718000004/cag-10q3fy18.htm"
  },
  {
    "date": "2017-11-26",
    "symbol": "CAG",
    "reportedCurrency": "USD",
    "cik": "0000023217",
    "fillingDate": "2018-01-04",
    "acceptedDate": "2018-01-04 10:31:43",
    "calendarYear": "2018",
    "period": "Q2",
    "revenue": 2173400000,
    "costOfRevenue": 1514700000,
    "grossProfit": 658700000,
    "grossProfitRatio": 0.3030735254,
    "researchAndDevelopmentExpenses": 0,
    "generalAndAdministrativeExpenses": 0,
    "sellingAndMarketingExpenses": 0,
    "sellingGeneralAndAdministrativeExpenses": 302300000,
    "otherExpenses": 0,
    "operatingExpenses": 302300000,
    "costAndExpenses": 1817000000,
    "interestIncome": 1100000,
    "interestExpense": 39100000,
    "depreciationAndAmortization": 64300000,
    "ebitda": 416500000,
    "ebitdaratio": 0.1916352259,
    "operatingIncome": 356400000,
    "operatingIncomeRatio": 0.1639826999,
    "totalOtherIncomeExpensesNet": -22800000,
    "incomeBeforeTax": 333600000,
    "incomeBeforeTaxRatio": 0.1534922242,
    "incomeTaxExpense": 109500000,
    "netIncome": 223500000,
    "netIncomeRatio": 0.1028342689,
    "eps": 0.55,
    "epsdiluted": 0.54,
    "weightedAverageShsOut": 406500000,
    "weightedAverageShsOutDil": 410400000,
    "link": "https://www.sec.gov/Archives/edgar/data/23217/000002321718000003/0000023217-18-000003-index.htm",
    "finalLink": "https://www.sec.gov/Archives/edgar/data/23217/000002321718000003/cag-10q2fy18.htm"
  },
  {
    "date": "2017-08-27",
    "symbol": "CAG",
    "reportedCurrency": "USD",
    "cik": "0000023217",
    "fillingDate": "2017-10-03",
    "acceptedDate": "2017-10-03 14:13:37",
    "calendarYear": "2018",
    "period": "Q1",
    "revenue": 1804200000,
    "costOfRevenue": 1275500000,
    "grossProfit": 528700000,
    "grossProfitRatio": 0.2930384658,
    "researchAndDevelopmentExpenses": 0,
    "generalAndAdministrativeExpenses": 0,
    "sellingAndMarketingExpenses": 0,
    "sellingGeneralAndAdministrativeExpenses": 230200000,
    "otherExpenses": 0,
    "operatingExpenses": 230200000,
    "costAndExpenses": 1505700000,
    "interestIncome": 900000,
    "interestExpense": 37300000,
    "depreciationAndAmortization": 64700000,
    "ebitda": 345600000,
    "ebitdaratio": 0.1915530429,
    "operatingIncome": 298500000,
    "operatingIncomeRatio": 0.1654472897,
    "totalOtherIncomeExpensesNet": -24900000,
    "incomeBeforeTax": 273600000,
    "incomeBeforeTaxRatio": 0.151646159,
    "incomeTaxExpense": 120000000,
    "netIncome": 152500000,
    "netIncomeRatio": 0.0845249972,
    "eps": 0.37,
    "epsdiluted": 0.36,
    "weightedAverageShsOut": 415100000,
    "weightedAverageShsOutDil": 419200000,
    "link": "https://www.sec.gov/Archives/edgar/data/23217/000162828017009611/0001628280-17-009611-index.htm",
    "finalLink": "https://www.sec.gov/Archives/edgar/data/23217/000162828017009611/cag-10q1fy18.htm"
  },
  {
    "date": "2017-05-28",
    "symbol": "CAG",
    "reportedCurrency": "USD",
    "cik": "0000023217",
    "fillingDate": "2017-07-21",
    "acceptedDate": "2017-07-21 12:13:08",
    "calendarYear": "2017",
    "period": "Q4",
    "revenue": 1861700000,
    "costOfRevenue": 1324800000,
    "grossProfit": 536900000,
    "grossProfitRatio": 0.2883923296,
    "researchAndDevelopmentExpenses": 0,
    "generalAndAdministrativeExpenses": 0,
    "sellingAndMarketingExpenses": 0,
    "sellingGeneralAndAdministrativeExpenses": 103200000,
    "otherExpenses": 0,
    "operatingExpenses": 103200000,
    "costAndExpenses": 1428000000,
    "interestIncome": 900000,
    "interestExpense": 38400000,
    "depreciationAndAmortization": 68200000,
    "ebitda": 180300000,
    "ebitdaratio": 0.0968469678,
    "operatingIncome": 433700000,
    "operatingIncomeRatio": 0.2329591234,
    "totalOtherIncomeExpensesNet": -340900000,
    "incomeBeforeTax": 92800000,
    "incomeBeforeTaxRatio": 0.0498469141,
    "incomeTaxExpense": -60800000,
    "netIncome": 151300000,
    "netIncomeRatio": 0.0812698072,
    "eps": 0.36,
    "epsdiluted": 0.36,
    "weightedAverageShsOut": 420300000,
    "weightedAverageShsOutDil": 424900000,
    "link": "https://www.sec.gov/Archives/edgar/data/23217/000162828017007184/0001628280-17-007184-index.htm",
    "finalLink": "https://www.sec.gov/Archives/edgar/data/23217/000162828017007184/cag-2017x10k.htm"
  },
  {
    "date": "2017-02-26",
    "symbol": "CAG",
    "reportedCurrency": "USD",
    "cik": "0000023217",
    "fillingDate": "2017-04-04",
    "acceptedDate": "2017-04-04 10:28:54",
    "calendarYear": "2017",
    "period": "Q3",
    "revenue": 1981200000,
    "costOfRevenue": 1355800000,
    "grossProfit": 625400000,
    "grossProfitRatio": 0.3156672724,
    "researchAndDevelopmentExpenses": 0,
    "generalAndAdministrativeExpenses": 0,
    "sellingAndMarketingExpenses": 0,
    "sellingGeneralAndAdministrativeExpenses": 306300000,
    "otherExpenses": 0,
    "operatingExpenses": 306300000,
    "costAndExpenses": 1662100000,
    "interestIncome": 1300000,
    "interestExpense": 47000000,
    "depreciationAndAmortization": 66300000,
    "ebitda": 338700000,
    "ebitdaratio": 0.1709569958,
    "operatingIncome": 319100000,
    "operatingIncomeRatio": 0.1610640016,
    "totalOtherIncomeExpensesNet": -93500000,
    "incomeBeforeTax": 225600000,
    "incomeBeforeTaxRatio": 0.1138703816,
    "incomeTaxExpense": 67900000,
    "netIncome": 179700000,
    "netIncomeRatio": 0.0907026045,
    "eps": 0.42,
    "epsdiluted": 0.41,
    "weightedAverageShsOut": 431700000,
    "weightedAverageShsOutDil": 436400000,
    "link": "https://www.sec.gov/Archives/edgar/data/23217/000162828017003313/0001628280-17-003313-index.htm",
    "finalLink": "https://www.sec.gov/Archives/edgar/data/23217/000162828017003313/cag-10q3fy17.htm"
  },
  {
    "date": "2016-11-27",
    "symbol": "CAG",
    "reportedCurrency": "USD",
    "cik": "0000023217",
    "fillingDate": "2017-01-04",
    "acceptedDate": "2017-01-04 09:09:48",
    "calendarYear": "2017",
    "period": "Q2",
    "revenue": 2088400000,
    "costOfRevenue": 1442100000,
    "grossProfit": 646300000,
    "grossProfitRatio": 0.3094713656,
    "researchAndDevelopmentExpenses": 0,
    "generalAndAdministrativeExpenses": 0,
    "sellingAndMarketingExpenses": 0,
    "sellingGeneralAndAdministrativeExpenses": 297400000,
    "otherExpenses": 0,
    "operatingExpenses": 297400000,
    "costAndExpenses": 1739500000,
    "interestIncome": 800000,
    "interestExpense": 54900000,
    "depreciationAndAmortization": 66300000,
    "ebitda": 271200000,
    "ebitdaratio": 0.12986018,
    "operatingIncome": 348900000,
    "operatingIncomeRatio": 0.1670656962,
    "totalOtherIncomeExpensesNet": -173400000,
    "incomeBeforeTax": 175500000,
    "incomeBeforeTaxRatio": 0.0840356254,
    "incomeTaxExpense": 78400000,
    "netIncome": 122100000,
    "netIncomeRatio": 0.0584658111,
    "eps": 0.28,
    "epsdiluted": 0.28,
    "weightedAverageShsOut": 437700000,
    "weightedAverageShsOutDil": 441300000,
    "link": "https://www.sec.gov/Archives/edgar/data/23217/000162828017000036/0001628280-17-000036-index.htm",
    "finalLink": "https://www.sec.gov/Archives/edgar/data/23217/000162828017000036/cag-10q2fy17.htm"
  },
  {
    "date": "2016-08-28",
    "symbol": "CAG",
    "reportedCurrency": "USD",
    "cik": "0000023217",
    "fillingDate": "2016-10-04",
    "acceptedDate": "2016-10-04 14:29:55",
    "calendarYear": "2017",
    "period": "Q1",
    "revenue": 1895600000,
    "costOfRevenue": 1938400000,
    "grossProfit": 729100000,
    "grossProfitRatio": 0.3846275586,
    "researchAndDevelopmentExpenses": 0,
    "generalAndAdministrativeExpenses": 0,
    "sellingAndMarketingExpenses": 0,
    "sellingGeneralAndAdministrativeExpenses": 296300000,
    "otherExpenses": 0,
    "operatingExpenses": 296300000,
    "costAndExpenses": 2234700000,
    "interestIncome": 700000,
    "interestExpense": 58900000,
    "depreciationAndAmortization": 67200000,
    "ebitda": 536100000,
    "ebitdaratio": 0.2828128297,
    "operatingIncome": 432800000,
    "operatingIncomeRatio": 0.2283182106,
    "totalOtherIncomeExpensesNet": -49200000,
    "incomeBeforeTax": 383600000,
    "incomeBeforeTaxRatio": 0.2023633678,
    "incomeTaxExpense": 169200000,
    "netIncome": 186200000,
    "netIncomeRatio": 0.0982274742,
    "eps": 0.42,
    "epsdiluted": 0.42,
    "weightedAverageShsOut": 439000000,
    "weightedAverageShsOutDil": 442700000,
    "link": "https://www.sec.gov/Archives/edgar/data/23217/000162828016019920/0001628280-16-019920-index.htm",
    "finalLink": "https://www.sec.gov/Archives/edgar/data/23217/000162828016019920/cag10q1fy17.htm"
  },
  {
    "date": "2016-05-29",
    "symbol": "CAG",
    "reportedCurrency": "USD",
    "cik": "0000023217",
    "fillingDate": "2016-07-15",
    "acceptedDate": "2016-07-15 14:11:01",
    "calendarYear": "2016",
    "period": "Q4",
    "revenue": 2827500000,
    "costOfRevenue": 2066600000,
    "grossProfit": 760900000,
    "grossProfitRatio": 0.269106985,
    "researchAndDevelopmentExpenses": 0,
    "generalAndAdministrativeExpenses": 0,
    "sellingAndMarketingExpenses": 0,
    "sellingGeneralAndAdministrativeExpenses": 789700000,
    "otherExpenses": 0,
    "operatingExpenses": 789700000,
    "costAndExpenses": 2856300000,
    "interestIncome": 500000,
    "interestExpense": 61500000,
    "depreciationAndAmortization": 92200000,
    "ebitda": 63900000,
    "ebitdaratio": 0.0225994695,
    "operatingIncome": -28800000,
    "operatingIncomeRatio": -0.0101856764,
    "totalOtherIncomeExpensesNet": -61000000,
    "incomeBeforeTax": -89800000,
    "incomeBeforeTaxRatio": -0.0317595049,
    "incomeTaxExpense": -33900000,
    "netIncome": 117600000,
    "netIncomeRatio": 0.0415915119,
    "eps": 0.27,
    "epsdiluted": 0.27,
    "weightedAverageShsOut": 437800000,
    "weightedAverageShsOutDil": 437800000,
    "link": "https://www.sec.gov/Archives/edgar/data/23217/000162828016017613/0001628280-16-017613-index.htm",
    "finalLink": "https://www.sec.gov/Archives/edgar/data/23217/000162828016017613/cag-2016x10k.htm"
  },
  {
    "date": "2016-02-28",
    "symbol": "CAG",
    "reportedCurrency": "USD",
    "cik": "0000023217",
    "fillingDate": "2016-04-07",
    "acceptedDate": "2016-04-07 12:13:56",
    "calendarYear": "2016",
    "period": "Q3",
    "revenue": 2199300000,
    "costOfRevenue": 1579500000,
    "grossProfit": 619800000,
    "grossProfitRatio": 0.2818169418,
    "researchAndDevelopmentExpenses": 0,
    "generalAndAdministrativeExpenses": 447000000,
    "sellingAndMarketingExpenses": 0,
    "sellingGeneralAndAdministrativeExpenses": 447000000,
    "otherExpenses": 0,
    "operatingExpenses": 447000000,
    "costAndExpenses": 2026500000,
    "interestIncome": 500000,
    "interestExpense": 76900000,
    "depreciationAndAmortization": 69400000,
    "ebitda": 242700000,
    "ebitdaratio": 0.1103532942,
    "operatingIncome": 172800000,
    "operatingIncomeRatio": 0.0785704542,
    "totalOtherIncomeExpensesNet": -76400000,
    "incomeBeforeTax": 96400000,
    "incomeBeforeTaxRatio": 0.0438321284,
    "incomeTaxExpense": 33600000,
    "netIncome": 204600000,
    "netIncomeRatio": 0.0930296003,
    "eps": 0.46,
    "epsdiluted": 0.46,
    "weightedAverageShsOut": 435700000,
    "weightedAverageShsOutDil": 439600000,
    "link": "https://www.sec.gov/Archives/edgar/data/23217/000162828016014070/0001628280-16-014070-index.htm",
    "finalLink": "https://www.sec.gov/Archives/edgar/data/23217/000162828016014070/cag10q3fy16.htm"
  },
  {
    "date": "2015-11-29",
    "symbol": "CAG",
    "reportedCurrency": "USD",
    "cik": "0000023217",
    "fillingDate": "2016-01-06",
    "acceptedDate": "2016-01-06 11:29:27",
    "calendarYear": "2016",
    "period": "Q2",
    "revenue": 2358800000,
    "costOfRevenue": 1690800000,
    "grossProfit": 668000000,
    "grossProfitRatio": 0.2831948448,
    "researchAndDevelopmentExpenses": 0,
    "generalAndAdministrativeExpenses": 483200000,
    "sellingAndMarketingExpenses": 0,
    "sellingGeneralAndAdministrativeExpenses": 483200000,
    "otherExpenses": 0,
    "operatingExpenses": 483200000,
    "costAndExpenses": 2174000000,
    "interestIncome": 0,
    "interestExpense": 79200000,
    "depreciationAndAmortization": 49500000,
    "ebitda": 234300000,
    "ebitdaratio": 0.0993301679,
    "operatingIncome": 184800000,
    "operatingIncomeRatio": 0.0783449211,
    "totalOtherIncomeExpensesNet": -79200000,
    "incomeBeforeTax": 105600000,
    "incomeBeforeTaxRatio": 0.0447685264,
    "incomeTaxExpense": 43100000,
    "netIncome": 154900000,
    "netIncomeRatio": 0.0656689842,
    "eps": 0.36,
    "epsdiluted": 0.35,
    "weightedAverageShsOut": 433800000,
    "weightedAverageShsOutDil": 437900000,
    "link": "https://www.sec.gov/Archives/edgar/data/23217/000162828016010116/0001628280-16-010116-index.htm",
    "finalLink": "https://www.sec.gov/Archives/edgar/data/23217/000162828016010116/cag10q2fy16.htm"
  },
  {
    "date": "2015-08-30",
    "symbol": "CAG",
    "reportedCurrency": "USD",
    "cik": "0000023217",
    "fillingDate": "2015-10-06",
    "acceptedDate": "2015-10-06 14:43:20",
    "calendarYear": "2016",
    "period": "Q1",
    "revenue": 2794900000,
    "costOfRevenue": 2093800000,
    "grossProfit": 701100000,
    "grossProfitRatio": 0.2508497621,
    "researchAndDevelopmentExpenses": 0,
    "generalAndAdministrativeExpenses": 405400000,
    "sellingAndMarketingExpenses": 0,
    "sellingGeneralAndAdministrativeExpenses": 405400000,
    "otherExpenses": 0,
    "operatingExpenses": 405400000,
    "costAndExpenses": 2499200000,
    "interestIncome": 200000,
    "interestExpense": 80500000,
    "depreciationAndAmortization": 91700000,
    "ebitda": 387600000,
    "ebitdaratio": 0.1386811693,
    "operatingIncome": 295700000,
    "operatingIncomeRatio": 0.1057998497,
    "totalOtherIncomeExpensesNet": -80300000,
    "incomeBeforeTax": 215400000,
    "incomeBeforeTaxRatio": 0.077068947,
    "incomeTaxExpense": 85000000,
    "netIncome": -1154100000,
    "netIncomeRatio": -0.4129306952,
    "eps": -2.88,
    "epsdiluted": -2.88,
    "weightedAverageShsOut": 430700000,
    "weightedAverageShsOutDil": 435700000,
    "link": "https://www.sec.gov/Archives/edgar/data/23217/000162828015007568/0001628280-15-007568-index.htm",
    "finalLink": "https://www.sec.gov/Archives/edgar/data/23217/000162828015007568/cag10q1fy16.htm"
  },
  {
    "date": "2015-05-31",
    "symbol": "CAG",
    "reportedCurrency": "USD",
    "cik": "0000023217",
    "fillingDate": "2015-07-17",
    "acceptedDate": "2015-07-17 11:41:34",
    "calendarYear": "2015",
    "period": "Q4",
    "revenue": 4104700000,
    "costOfRevenue": 3212300000,
    "grossProfit": 892400000,
    "grossProfitRatio": 0.2174093113,
    "researchAndDevelopmentExpenses": 0,
    "generalAndAdministrativeExpenses": 521400000,
    "sellingAndMarketingExpenses": 0,
    "sellingGeneralAndAdministrativeExpenses": 521400000,
    "otherExpenses": 0,
    "operatingExpenses": 521400000,
    "costAndExpenses": 3733700000,
    "interestIncome": 300000,
    "interestExpense": 88900000,
    "depreciationAndAmortization": 149400000,
    "ebitda": 520700000,
    "ebitdaratio": 0.1268545813,
    "operatingIncome": 371000000,
    "operatingIncomeRatio": 0.0903841937,
    "totalOtherIncomeExpensesNet": -88600000,
    "incomeBeforeTax": 282400000,
    "incomeBeforeTaxRatio": 0.0687991814,
    "incomeTaxExpense": 105000000,
    "netIncome": 209200000,
    "netIncomeRatio": 0.0509659658,
    "eps": 0.49,
    "epsdiluted": 0.48,
    "weightedAverageShsOut": 427800000,
    "weightedAverageShsOutDil": 432800000,
    "link": "https://www.sec.gov/Archives/edgar/data/23217/000162828015005333/0001628280-15-005333-index.htm",
    "finalLink": "https://www.sec.gov/Archives/edgar/data/23217/000162828015005333/cag-2015x10k.htm"
  },
  {
    "date": "2015-02-22",
    "symbol": "CAG",
    "reportedCurrency": "USD",
    "cik": "0000023217",
    "fillingDate": "2015-03-30",
    "acceptedDate": "2015-03-30 12:19:37",
    "calendarYear": "2015",
    "period": "Q3",
    "revenue": 2907300000,
    "costOfRevenue": 2187300000,
    "grossProfit": 720000000,
    "grossProfitRatio": 0.247652461,
    "researchAndDevelopmentExpenses": 0,
    "generalAndAdministrativeExpenses": 360300000,
    "sellingAndMarketingExpenses": 0,
    "sellingGeneralAndAdministrativeExpenses": 360300000,
    "otherExpenses": 0,
    "operatingExpenses": 360300000,
    "costAndExpenses": 2547600000,
    "interestIncome": 200000,
    "interestExpense": 80000000,
    "depreciationAndAmortization": 92400000,
    "ebitda": 452300000,
    "ebitdaratio": 0.1555739002,
    "operatingIncome": 359700000,
    "operatingIncomeRatio": 0.123723042,
    "totalOtherIncomeExpensesNet": -79800000,
    "incomeBeforeTax": 279900000,
    "incomeBeforeTaxRatio": 0.0962748942,
    "incomeTaxExpense": 100600000,
    "netIncome": -954100000,
    "netIncomeRatio": -0.3281739071,
    "eps": -2.23,
    "epsdiluted": -2.23,
    "weightedAverageShsOut": 427100000,
    "weightedAverageShsOutDil": 427100000,
    "link": "https://www.sec.gov/Archives/edgar/data/23217/000162828015002022/0001628280-15-002022-index.htm",
    "finalLink": "https://www.sec.gov/Archives/edgar/data/23217/000162828015002022/cag10q3fy15.htm"
  },
  {
    "date": "2014-11-23",
    "symbol": "CAG",
    "reportedCurrency": "USD",
    "cik": "0000023217",
    "fillingDate": "2014-12-29",
    "acceptedDate": "2014-12-29 14:23:51",
    "calendarYear": "2015",
    "period": "Q2",
    "revenue": 3136400000,
    "costOfRevenue": 2379100000,
    "grossProfit": 757300000,
    "grossProfitRatio": 0.2414551715,
    "researchAndDevelopmentExpenses": 0,
    "generalAndAdministrativeExpenses": 392000000,
    "sellingAndMarketingExpenses": 0,
    "sellingGeneralAndAdministrativeExpenses": 392000000,
    "otherExpenses": 0,
    "operatingExpenses": 392000000,
    "costAndExpenses": 2771100000,
    "interestIncome": 300000,
    "interestExpense": 79000000,
    "depreciationAndAmortization": 95400000,
    "ebitda": 461000000,
    "ebitdaratio": 0.1469838031,
    "operatingIncome": 365300000,
    "operatingIncomeRatio": 0.1164711134,
    "totalOtherIncomeExpensesNet": -78700000,
    "incomeBeforeTax": 286600000,
    "incomeBeforeTaxRatio": 0.0913786507,
    "incomeTaxExpense": 101900000,
    "netIncome": 10000000,
    "netIncomeRatio": 0.0031883688,
    "eps": 0.02,
    "epsdiluted": 0.02,
    "weightedAverageShsOut": 425700000,
    "weightedAverageShsOutDil": 430800000,
    "link": "https://www.sec.gov/Archives/edgar/data/23217/000144530514005699/0001445305-14-005699-index.htm",
    "finalLink": "https://www.sec.gov/Archives/edgar/data/23217/000144530514005699/cag10q2fy15.htm"
  },
  {
    "date": "2014-08-24",
    "symbol": "CAG",
    "reportedCurrency": "USD",
    "cik": "0000023217",
    "fillingDate": "2014-09-29",
    "acceptedDate": "2014-09-29 11:59:02",
    "calendarYear": "2015",
    "period": "Q1",
    "revenue": 2763000000,
    "costOfRevenue": 2172200000,
    "grossProfit": 590800000,
    "grossProfitRatio": 0.2138255519,
    "researchAndDevelopmentExpenses": 0,
    "generalAndAdministrativeExpenses": 393800000,
    "sellingAndMarketingExpenses": 0,
    "sellingGeneralAndAdministrativeExpenses": 393800000,
    "otherExpenses": 0,
    "operatingExpenses": 393800000,
    "costAndExpenses": 2566000000,
    "interestIncome": 500000,
    "interestExpense": 83800000,
    "depreciationAndAmortization": 96000000,
    "ebitda": 293500000,
    "ebitdaratio": 0.1062251176,
    "operatingIncome": 197000000,
    "operatingIncomeRatio": 0.0712993123,
    "totalOtherIncomeExpensesNet": -83300000,
    "incomeBeforeTax": 113700000,
    "incomeBeforeTaxRatio": 0.0411509229,
    "incomeTaxExpense": 43100000,
    "netIncome": 482300000,
    "netIncomeRatio": 0.1745566413,
    "eps": 1.14,
    "epsdiluted": 1.12,
    "weightedAverageShsOut": 423900000,
    "weightedAverageShsOutDil": 429300000,
    "link": "https://www.sec.gov/Archives/edgar/data/23217/000002321714000012/0000023217-14-000012-index.htm",
    "finalLink": "https://www.sec.gov/Archives/edgar/data/23217/000002321714000012/cag10q1fy15.htm"
  },
  {
    "date": "2014-05-25",
    "symbol": "CAG",
    "reportedCurrency": "USD",
    "cik": "0000023217",
    "fillingDate": "2014-07-16",
    "acceptedDate": "2014-07-16 15:17:50",
    "calendarYear": "2014",
    "period": "Q4",
    "revenue": 4435500000,
    "costOfRevenue": 3530000000,
    "grossProfit": 905500000,
    "grossProfitRatio": 0.2041483486,
    "researchAndDevelopmentExpenses": 0,
    "generalAndAdministrativeExpenses": 1085700000,
    "sellingAndMarketingExpenses": 0,
    "sellingGeneralAndAdministrativeExpenses": 1085700000,
    "otherExpenses": 0,
    "operatingExpenses": 1085700000,
    "costAndExpenses": 4615700000,
    "interestIncome": 800000,
    "interestExpense": 93800000,
    "depreciationAndAmortization": 155500000,
    "ebitda": -23900000,
    "ebitdaratio": -0.005388344,
    "operatingIncome": -180200000,
    "operatingIncomeRatio": -0.0406267614,
    "totalOtherIncomeExpensesNet": -93000000,
    "incomeBeforeTax": -273200000,
    "incomeBeforeTaxRatio": -0.0615939578,
    "incomeTaxExpense": 57300000,
    "netIncome": -324200000,
    "netIncomeRatio": -0.0730920978,
    "eps": -0.77,
    "epsdiluted": -0.77,
    "weightedAverageShsOut": 422000000,
    "weightedAverageShsOutDil": 422000000,
    "link": "https://www.sec.gov/Archives/edgar/data/23217/000002321714000009/0000023217-14-000009-index.htm",
    "finalLink": "https://www.sec.gov/Archives/edgar/data/23217/000002321714000009/cag-2014x10k.htm"
  },
  {
    "date": "2014-02-23",
    "symbol": "CAG",
    "reportedCurrency": "USD",
    "cik": "0000023217",
    "fillingDate": "2014-04-01",
    "acceptedDate": "2014-04-01 11:34:55",
    "calendarYear": "2014",
    "period": "Q3",
    "revenue": 3947300000,
    "costOfRevenue": 3024200000,
    "grossProfit": 923100000,
    "grossProfitRatio": 0.2338560535,
    "researchAndDevelopmentExpenses": 0,
    "generalAndAdministrativeExpenses": 534900000,
    "sellingAndMarketingExpenses": 0,
    "sellingGeneralAndAdministrativeExpenses": 534900000,
    "otherExpenses": 0,
    "operatingExpenses": 534900000,
    "costAndExpenses": 3559100000,
    "interestIncome": 300000,
    "interestExpense": 95300000,
    "depreciationAndAmortization": 149700000,
    "ebitda": 538200000,
    "ebitdaratio": 0.1363463633,
    "operatingIncome": 388200000,
    "operatingIncomeRatio": 0.0983457047,
    "totalOtherIncomeExpensesNet": -95000000,
    "incomeBeforeTax": 293200000,
    "incomeBeforeTaxRatio": 0.0742786208,
    "incomeTaxExpense": 78200000,
    "netIncome": 234300000,
    "netIncomeRatio": 0.0593570289,
    "eps": 0.56,
    "epsdiluted": 0.55,
    "weightedAverageShsOut": 421200000,
    "weightedAverageShsOutDil": 427300000,
    "link": "https://www.sec.gov/Archives/edgar/data/23217/000002321714000003/0000023217-14-000003-index.htm",
    "finalLink": "https://www.sec.gov/Archives/edgar/data/23217/000002321714000003/cag10q3fy14.htm"
  },
  {
    "date": "2013-11-24",
    "symbol": "CAG",
    "reportedCurrency": "USD",
    "cik": "0000023217",
    "fillingDate": "2013-12-31",
    "acceptedDate": "2013-12-31 11:32:03",
    "calendarYear": "2014",
    "period": "Q2",
    "revenue": 4221100000,
    "costOfRevenue": 3261300000,
    "grossProfit": 959800000,
    "grossProfitRatio": 0.2273814882,
    "researchAndDevelopmentExpenses": 0,
    "generalAndAdministrativeExpenses": 553100000,
    "sellingAndMarketingExpenses": 0,
    "sellingGeneralAndAdministrativeExpenses": 553100000,
    "otherExpenses": 0,
    "operatingExpenses": 553100000,
    "costAndExpenses": 3814400000,
    "interestIncome": 800000,
    "interestExpense": 96300000,
    "depreciationAndAmortization": 138000000,
    "ebitda": 545500000,
    "ebitdaratio": 0.1292317169,
    "operatingIncome": 406700000,
    "operatingIncomeRatio": 0.0963492928,
    "totalOtherIncomeExpensesNet": -95500000,
    "incomeBeforeTax": 311200000,
    "incomeBeforeTaxRatio": 0.0737248584,
    "incomeTaxExpense": 106000000,
    "netIncome": 248700000,
    "netIncomeRatio": 0.0589182914,
    "eps": 0.59,
    "epsdiluted": 0.58,
    "weightedAverageShsOut": 421100000,
    "weightedAverageShsOutDil": 427000000,
    "link": "https://www.sec.gov/Archives/edgar/data/23217/000002321713000008/0000023217-13-000008-index.htm",
    "finalLink": "https://www.sec.gov/Archives/edgar/data/23217/000002321713000008/cag10q2fy14.htm"
  },
  {
    "date": "2013-08-25",
    "symbol": "CAG",
    "reportedCurrency": "USD",
    "cik": "0000023217",
    "fillingDate": "2013-10-01",
    "acceptedDate": "2013-10-01 14:17:51",
    "calendarYear": "2014",
    "period": "Q1",
    "revenue": 3715800000,
    "costOfRevenue": 2923700000,
    "grossProfit": 792100000,
    "grossProfitRatio": 0.2131707842,
    "researchAndDevelopmentExpenses": 0,
    "generalAndAdministrativeExpenses": 538100000,
    "sellingAndMarketingExpenses": 0,
    "sellingGeneralAndAdministrativeExpenses": 538100000,
    "otherExpenses": 0,
    "operatingExpenses": 538100000,
    "costAndExpenses": 3461800000,
    "interestIncome": 500000,
    "interestExpense": 96300000,
    "depreciationAndAmortization": 139800000,
    "ebitda": 394300000,
    "ebitdaratio": 0.1061144303,
    "operatingIncome": 254000000,
    "operatingIncomeRatio": 0.0683567469,
    "totalOtherIncomeExpensesNet": -95800000,
    "incomeBeforeTax": 158200000,
    "incomeBeforeTaxRatio": 0.0425749502,
    "incomeTaxExpense": 28900000,
    "netIncome": 144300000,
    "netIncomeRatio": 0.0388341676,
    "eps": 0.34,
    "epsdiluted": 0.34,
    "weightedAverageShsOut": 421100000,
    "weightedAverageShsOutDil": 428200000,
    "link": "https://www.sec.gov/Archives/edgar/data/23217/000002321713000005/0000023217-13-000005-index.htm",
    "finalLink": "https://www.sec.gov/Archives/edgar/data/23217/000002321713000005/cag-8252013x10q1.htm"
  },
  {
    "date": "2013-05-26",
    "symbol": "CAG",
    "reportedCurrency": "USD",
    "cik": "0000023217",
    "fillingDate": "2013-07-19",
    "acceptedDate": "2013-07-19 09:43:02",
    "calendarYear": "2013",
    "period": "Q4",
    "revenue": 4593500000,
    "costOfRevenue": 3641700000,
    "grossProfit": 951800000,
    "grossProfitRatio": 0.2072058343,
    "researchAndDevelopmentExpenses": 0,
    "generalAndAdministrativeExpenses": 571000000,
    "sellingAndMarketingExpenses": 0,
    "sellingGeneralAndAdministrativeExpenses": 571000000,
    "otherExpenses": 0,
    "operatingExpenses": 571000000,
    "costAndExpenses": 4212700000,
    "interestIncome": 600000,
    "interestExpense": 102900000,
    "depreciationAndAmortization": 146000000,
    "ebitda": 527400000,
    "ebitdaratio": 0.1148144117,
    "operatingIncome": 380800000,
    "operatingIncomeRatio": 0.0828997496,
    "totalOtherIncomeExpensesNet": -102300000,
    "incomeBeforeTax": 278500000,
    "incomeBeforeTaxRatio": 0.0606291499,
    "incomeTaxExpense": 89600000,
    "netIncome": 192200000,
    "netIncomeRatio": 0.0418417329,
    "eps": 0.46,
    "epsdiluted": 0.45,
    "weightedAverageShsOut": 418400000,
    "weightedAverageShsOutDil": 426300000,
    "link": "https://www.sec.gov/Archives/edgar/data/23217/000144530513001653/0001445305-13-001653-index.htm",
    "finalLink": "https://www.sec.gov/Archives/edgar/data/23217/000144530513001653/cag-2013x10k.htm"
  },
  {
    "date": "2013-02-24",
    "symbol": "CAG",
    "reportedCurrency": "USD",
    "cik": "0000023217",
    "fillingDate": "2013-04-03",
    "acceptedDate": "2013-04-03 11:24:32",
    "calendarYear": "2013",
    "period": "Q3",
    "revenue": 3833800000,
    "costOfRevenue": 2962900000,
    "grossProfit": 870900000,
    "grossProfitRatio": 0.2271636496,
    "researchAndDevelopmentExpenses": 0,
    "generalAndAdministrativeExpenses": 611700000,
    "sellingAndMarketingExpenses": 0,
    "sellingGeneralAndAdministrativeExpenses": 611700000,
    "otherExpenses": 0,
    "operatingExpenses": 611700000,
    "costAndExpenses": 3574600000,
    "interestIncome": 900000,
    "interestExpense": 71500000,
    "depreciationAndAmortization": 112800000,
    "ebitda": 372900000,
    "ebitdaratio": 0.0972664197,
    "operatingIncome": 259200000,
    "operatingIncomeRatio": 0.0676091606,
    "totalOtherIncomeExpensesNet": -70600000,
    "incomeBeforeTax": 188600000,
    "incomeBeforeTaxRatio": 0.0491940112,
    "incomeTaxExpense": 77700000,
    "netIncome": 120000000,
    "netIncomeRatio": 0.0313005373,
    "eps": 0.29,
    "epsdiluted": 0.29,
    "weightedAverageShsOut": 410700000,
    "weightedAverageShsOutDil": 417800000,
    "link": "https://www.sec.gov/Archives/edgar/data/23217/000144530513000776/0001445305-13-000776-index.htm",
    "finalLink": "https://www.sec.gov/Archives/edgar/data/23217/000144530513000776/cag-2242013x10q3.htm"
  },
  {
    "date": "2012-11-25",
    "symbol": "CAG",
    "reportedCurrency": "USD",
    "cik": "0000023217",
    "fillingDate": "2012-12-28",
    "acceptedDate": "2012-12-28 10:43:48",
    "calendarYear": "2013",
    "period": "Q2",
    "revenue": 3727200000,
    "costOfRevenue": 2865600000,
    "grossProfit": 861600000,
    "grossProfitRatio": 0.2311654862,
    "researchAndDevelopmentExpenses": 0,
    "generalAndAdministrativeExpenses": 493800000,
    "sellingAndMarketingExpenses": 0,
    "sellingGeneralAndAdministrativeExpenses": 493800000,
    "otherExpenses": 0,
    "operatingExpenses": 493800000,
    "costAndExpenses": 3359400000,
    "interestIncome": 700000,
    "interestExpense": 54100000,
    "depreciationAndAmortization": 94100000,
    "ebitda": 462600000,
    "ebitdaratio": 0.1241146169,
    "operatingIncome": 367800000,
    "operatingIncomeRatio": 0.0986799742,
    "totalOtherIncomeExpensesNet": -53400000,
    "incomeBeforeTax": 314400000,
    "incomeBeforeTaxRatio": 0.0843528654,
    "incomeTaxExpense": 109700000,
    "netIncome": 211600000,
    "netIncomeRatio": 0.0567718395,
    "eps": 0.52,
    "epsdiluted": 0.51,
    "weightedAverageShsOut": 405900000,
    "weightedAverageShsOutDil": 411700000,
    "link": "https://www.sec.gov/Archives/edgar/data/23217/000119312512517341/0001193125-12-517341-index.htm",
    "finalLink": "https://www.sec.gov/Archives/edgar/data/23217/000119312512517341/d445378d10q.htm"
  },
  {
    "date": "2012-08-26",
    "symbol": "CAG",
    "reportedCurrency": "USD",
    "cik": "0000023217",
    "fillingDate": "2012-09-28",
    "acceptedDate": "2012-09-28 12:01:04",
    "calendarYear": "2013",
    "period": "Q1",
    "revenue": 3302300000,
    "costOfRevenue": 2433700000,
    "grossProfit": 868600000,
    "grossProfitRatio": 0.2630287981,
    "researchAndDevelopmentExpenses": 0,
    "generalAndAdministrativeExpenses": 450500000,
    "sellingAndMarketingExpenses": 0,
    "sellingGeneralAndAdministrativeExpenses": 450500000,
    "otherExpenses": 0,
    "operatingExpenses": 450500000,
    "costAndExpenses": 2884200000,
    "interestIncome": 800000,
    "interestExpense": 50100000,
    "depreciationAndAmortization": 91200000,
    "ebitda": 510100000,
    "ebitdaratio": 0.154468098,
    "operatingIncome": 418100000,
    "operatingIncomeRatio": 0.1266087273,
    "totalOtherIncomeExpensesNet": -49300000,
    "incomeBeforeTax": 368800000,
    "incomeBeforeTaxRatio": 0.1116797384,
    "incomeTaxExpense": 123800000,
    "netIncome": 250100000,
    "netIncomeRatio": 0.0757350937,
    "eps": 0.61,
    "epsdiluted": 0.61,
    "weightedAverageShsOut": 407100000,
    "weightedAverageShsOutDil": 412000000,
    "link": "https://www.sec.gov/Archives/edgar/data/23217/000119312512408229/0001193125-12-408229-index.htm",
    "finalLink": "https://www.sec.gov/Archives/edgar/data/23217/000119312512408229/d404408d10q.htm"
  },
  {
    "date": "2012-05-27",
    "symbol": "CAG",
    "reportedCurrency": "USD",
    "cik": "0000023217",
    "fillingDate": "2012-07-20",
    "acceptedDate": "2012-07-20 11:02:21",
    "calendarYear": "2012",
    "period": "Q4",
    "revenue": 3413600000,
    "costOfRevenue": 2732700000,
    "grossProfit": 680900000,
    "grossProfitRatio": 0.1994668385,
    "researchAndDevelopmentExpenses": 0,
    "generalAndAdministrativeExpenses": 0,
    "sellingAndMarketingExpenses": 0,
    "sellingGeneralAndAdministrativeExpenses": 745300000,
    "otherExpenses": 0,
    "operatingExpenses": 745300000,
    "costAndExpenses": 3478000000,
    "interestIncome": 800000,
    "interestExpense": 51600000,
    "depreciationAndAmortization": 94700000,
    "ebitda": 31100000,
    "ebitdaratio": 0.0091106164,
    "operatingIncome": -64400000,
    "operatingIncomeRatio": -0.0188657136,
    "totalOtherIncomeExpensesNet": -50800000,
    "incomeBeforeTax": -115200000,
    "incomeBeforeTaxRatio": -0.0337473635,
    "incomeTaxExpense": -42500000,
    "netIncome": -60800000,
    "netIncomeRatio": -0.0178111085,
    "eps": -0.15,
    "epsdiluted": -0.15,
    "weightedAverageShsOut": 410800000,
    "weightedAverageShsOutDil": 411000000,
    "link": "https://www.sec.gov/Archives/edgar/data/23217/000119312512308387/0001193125-12-308387-index.htm",
    "finalLink": "https://www.sec.gov/Archives/edgar/data/23217/000119312512308387/d357714d10k.htm"
  },
  {
    "date": "2012-02-26",
    "symbol": "CAG",
    "reportedCurrency": "USD",
    "cik": "0000023217",
    "fillingDate": "2012-03-30",
    "acceptedDate": "2012-03-30 11:21:36",
    "calendarYear": "2012",
    "period": "Q3",
    "revenue": 3396000000,
    "costOfRevenue": 2609400000,
    "grossProfit": 786600000,
    "grossProfitRatio": 0.2316254417,
    "researchAndDevelopmentExpenses": 0,
    "generalAndAdministrativeExpenses": 356700000,
    "sellingAndMarketingExpenses": 0,
    "sellingGeneralAndAdministrativeExpenses": 356700000,
    "otherExpenses": 0,
    "operatingExpenses": 356700000,
    "costAndExpenses": 2966100000,
    "interestIncome": 1000000,
    "interestExpense": 50700000,
    "depreciationAndAmortization": 90600000,
    "ebitda": 521500000,
    "ebitdaratio": 0.1535630153,
    "operatingIncome": 429900000,
    "operatingIncomeRatio": 0.126590106,
    "totalOtherIncomeExpensesNet": -49700000,
    "incomeBeforeTax": 380200000,
    "incomeBeforeTaxRatio": 0.1119552415,
    "incomeTaxExpense": 112100000,
    "netIncome": 280100000,
    "netIncomeRatio": 0.0824793875,
    "eps": 0.66,
    "epsdiluted": 0.65,
    "weightedAverageShsOut": 414300000,
    "weightedAverageShsOutDil": 420000000,
    "link": "https://www.sec.gov/Archives/edgar/data/23217/000119312512142282/0001193125-12-142282-index.htm",
    "finalLink": "https://www.sec.gov/Archives/edgar/data/23217/000119312512142282/d308770d10q.htm"
  },
  {
    "date": "2011-11-27",
    "symbol": "CAG",
    "reportedCurrency": "USD",
    "cik": "0000023217",
    "fillingDate": "2011-12-30",
    "acceptedDate": "2011-12-30 12:11:48",
    "calendarYear": "2012",
    "period": "Q2",
    "revenue": 3431700000,
    "costOfRevenue": 2677700000,
    "grossProfit": 754000000,
    "grossProfitRatio": 0.2197161757,
    "researchAndDevelopmentExpenses": 0,
    "generalAndAdministrativeExpenses": 0,
    "sellingAndMarketingExpenses": 0,
    "sellingGeneralAndAdministrativeExpenses": 438900000,
    "otherExpenses": 0,
    "operatingExpenses": 438900000,
    "costAndExpenses": 3116600000,
    "interestIncome": 900000,
    "interestExpense": 51500000,
    "depreciationAndAmortization": 95000000,
    "ebitda": 411000000,
    "ebitdaratio": 0.1197657138,
    "operatingIncome": 315100000,
    "operatingIncomeRatio": 0.0918203806,
    "totalOtherIncomeExpensesNet": -50600000,
    "incomeBeforeTax": 264500000,
    "incomeBeforeTaxRatio": 0.0770755019,
    "incomeTaxExpense": 92900000,
    "netIncome": 180200000,
    "netIncomeRatio": 0.0525104176,
    "eps": 0.41,
    "epsdiluted": 0.41,
    "weightedAverageShsOut": 413600000,
    "weightedAverageShsOutDil": 418600000,
    "link": "https://www.sec.gov/Archives/edgar/data/23217/000119312511356099/0001193125-11-356099-index.htm",
    "finalLink": "https://www.sec.gov/Archives/edgar/data/23217/000119312511356099/d257261d10q.htm"
  },
  {
    "date": "2011-08-28",
    "symbol": "CAG",
    "reportedCurrency": "USD",
    "cik": "0000023217",
    "fillingDate": "2011-09-30",
    "acceptedDate": "2011-09-30 13:01:19",
    "calendarYear": "2012",
    "period": "Q1",
    "revenue": 3105300000,
    "costOfRevenue": 2509300000,
    "grossProfit": 596000000,
    "grossProfitRatio": 0.1919299263,
    "researchAndDevelopmentExpenses": 0,
    "generalAndAdministrativeExpenses": 0,
    "sellingAndMarketingExpenses": 0,
    "sellingGeneralAndAdministrativeExpenses": 406600000,
    "otherExpenses": 0,
    "operatingExpenses": 406600000,
    "costAndExpenses": 2915900000,
    "interestIncome": 1300000,
    "interestExpense": 54200000,
    "depreciationAndAmortization": 91500000,
    "ebitda": 282200000,
    "ebitdaratio": 0.0908768879,
    "operatingIncome": 189400000,
    "operatingIncomeRatio": 0.0609924967,
    "totalOtherIncomeExpensesNet": -52900000,
    "incomeBeforeTax": 136500000,
    "incomeBeforeTaxRatio": 0.0439571056,
    "incomeTaxExpense": 48700000,
    "netIncome": 93800000,
    "netIncomeRatio": 0.0302064213,
    "eps": 0.21,
    "epsdiluted": 0.2,
    "weightedAverageShsOut": 412700000,
    "weightedAverageShsOutDil": 418100000,
    "link": "https://www.sec.gov/Archives/edgar/data/23217/000095012311087810/0000950123-11-087810-index.htm",
    "finalLink": "https://www.sec.gov/Archives/edgar/data/23217/000095012311087810/c66084e10vq.htm"
  },
  {
    "date": "2011-05-29",
    "symbol": "CAG",
    "reportedCurrency": "USD",
    "cik": "0000023217",
    "fillingDate": "2011-07-19",
    "acceptedDate": "2011-07-19 15:15:45",
    "calendarYear": "2011",
    "period": "Q4",
    "revenue": 3169700000,
    "costOfRevenue": 2465700000,
    "grossProfit": 704000000,
    "grossProfitRatio": 0.2221030381,
    "researchAndDevelopmentExpenses": 0,
    "generalAndAdministrativeExpenses": 0,
    "sellingAndMarketingExpenses": 0,
    "sellingGeneralAndAdministrativeExpenses": 252200000,
    "otherExpenses": 0,
    "operatingExpenses": 252200000,
    "costAndExpenses": 2717900000,
    "interestIncome": 900000,
    "interestExpense": 55800000,
    "depreciationAndAmortization": 94600000,
    "ebitda": 547300000,
    "ebitdaratio": 0.1726661829,
    "operatingIncome": 451800000,
    "operatingIncomeRatio": 0.1425371486,
    "totalOtherIncomeExpensesNet": -54900000,
    "incomeBeforeTax": 396900000,
    "incomeBeforeTaxRatio": 0.1252168975,
    "incomeTaxExpense": 135600000,
    "netIncome": 254900000,
    "netIncomeRatio": 0.0804177051,
    "eps": 0.61,
    "epsdiluted": 0.61,
    "weightedAverageShsOut": 412300000,
    "weightedAverageShsOutDil": 416800000,
    "link": "https://www.sec.gov/Archives/edgar/data/23217/000095012311066520/0000950123-11-066520-index.htm",
    "finalLink": "https://www.sec.gov/Archives/edgar/data/23217/000095012311066520/c64679e10vk.htm"
  },
  {
    "date": "2011-02-27",
    "symbol": "CAG",
    "reportedCurrency": "USD",
    "cik": "0000023217",
    "fillingDate": "2011-04-04",
    "acceptedDate": "2011-04-04 16:13:12",
    "calendarYear": "2011",
    "period": "Q3",
    "revenue": 3141300000,
    "costOfRevenue": 2344000000,
    "grossProfit": 797300000,
    "grossProfitRatio": 0.253812116,
    "researchAndDevelopmentExpenses": 0,
    "generalAndAdministrativeExpenses": 0,
    "sellingAndMarketingExpenses": 0,
    "sellingGeneralAndAdministrativeExpenses": 404100000,
    "otherExpenses": 0,
    "operatingExpenses": 404100000,
    "costAndExpenses": 2748100000,
    "interestIncome": 2500000,
    "interestExpense": 54100000,
    "depreciationAndAmortization": 90100000,
    "ebitda": 485800000,
    "ebitdaratio": 0.154649349,
    "operatingIncome": 393200000,
    "operatingIncomeRatio": 0.1251711075,
    "totalOtherIncomeExpensesNet": -51600000,
    "incomeBeforeTax": 341600000,
    "incomeBeforeTaxRatio": 0.1087447872,
    "incomeTaxExpense": 122500000,
    "netIncome": 214800000,
    "netIncomeRatio": 0.0683793334,
    "eps": 0.5,
    "epsdiluted": 0.5,
    "weightedAverageShsOut": 428400000,
    "weightedAverageShsOutDil": 432800000,
    "link": "https://www.sec.gov/Archives/edgar/data/23217/000095012311032515/0000950123-11-032515-index.htm",
    "finalLink": "https://www.sec.gov/Archives/edgar/data/23217/000095012311032515/c63558e10vq.htm"
  },
  {
    "date": "2010-11-28",
    "symbol": "CAG",
    "reportedCurrency": "USD",
    "cik": "0000023217",
    "fillingDate": "2011-01-03",
    "acceptedDate": "2011-01-03 17:07:16",
    "calendarYear": "2011",
    "period": "Q2",
    "revenue": 3147500000,
    "costOfRevenue": 2387500000,
    "grossProfit": 760000000,
    "grossProfitRatio": 0.2414614774,
    "researchAndDevelopmentExpenses": 0,
    "generalAndAdministrativeExpenses": 0,
    "sellingAndMarketingExpenses": 0,
    "sellingGeneralAndAdministrativeExpenses": 428300000,
    "otherExpenses": 0,
    "operatingExpenses": 428300000,
    "costAndExpenses": 2815800000,
    "interestIncome": 19400000,
    "interestExpense": 53100000,
    "depreciationAndAmortization": 88400000,
    "ebitda": 439500000,
    "ebitdaratio": 0.1396346307,
    "operatingIncome": 331700000,
    "operatingIncomeRatio": 0.1053852264,
    "totalOtherIncomeExpensesNet": -33700000,
    "incomeBeforeTax": 298000000,
    "incomeBeforeTaxRatio": 0.0946783161,
    "incomeTaxExpense": 101400000,
    "netIncome": 200900000,
    "netIncomeRatio": 0.0638284353,
    "eps": 0.46,
    "epsdiluted": 0.45,
    "weightedAverageShsOut": 437800000,
    "weightedAverageShsOutDil": 441600000,
    "link": "https://www.sec.gov/Archives/edgar/data/23217/000095012311000115/0000950123-11-000115-index.htm",
    "finalLink": "https://www.sec.gov/Archives/edgar/data/23217/000095012311000115/c61751e10vq.htm"
  },
  {
    "date": "2010-08-29",
    "symbol": "CAG",
    "reportedCurrency": "USD",
    "cik": "0000023217",
    "fillingDate": "2010-10-01",
    "acceptedDate": "2010-10-01 11:20:35",
    "calendarYear": "2011",
    "period": "Q1",
    "revenue": 2804300000,
    "costOfRevenue": 2153000000,
    "grossProfit": 651300000,
    "grossProfitRatio": 0.2322504725,
    "researchAndDevelopmentExpenses": 0,
    "generalAndAdministrativeExpenses": 0,
    "sellingAndMarketingExpenses": 0,
    "sellingGeneralAndAdministrativeExpenses": 410000000,
    "otherExpenses": 0,
    "operatingExpenses": 410000000,
    "costAndExpenses": 2563000000,
    "interestIncome": 19400000,
    "interestExpense": 56700000,
    "depreciationAndAmortization": 85800000,
    "ebitda": 346500000,
    "ebitdaratio": 0.1235602468,
    "operatingIncome": 241300000,
    "operatingIncomeRatio": 0.0860464287,
    "totalOtherIncomeExpensesNet": -37300000,
    "incomeBeforeTax": 204000000,
    "incomeBeforeTaxRatio": 0.0727454267,
    "incomeTaxExpense": 66900000,
    "netIncome": 146400000,
    "netIncomeRatio": 0.0522055415,
    "eps": 0.33,
    "epsdiluted": 0.33,
    "weightedAverageShsOut": 441500000,
    "weightedAverageShsOutDil": 446000000,
    "link": "https://www.sec.gov/Archives/edgar/data/23217/000095012310090627/0000950123-10-090627-index.htm",
    "finalLink": "https://www.sec.gov/Archives/edgar/data/23217/000095012310090627/c58955e10vq.htm"
  },
  {
    "date": "2010-05-30",
    "symbol": "CAG",
    "reportedCurrency": "USD",
    "cik": "0000023217",
    "fillingDate": "2010-07-22",
    "acceptedDate": "2010-07-22 11:36:17",
    "calendarYear": "2010",
    "period": "Q4",
    "revenue": 2848600000,
    "costOfRevenue": 2143500000,
    "grossProfit": 705100000,
    "grossProfitRatio": 0.2475251,
    "researchAndDevelopmentExpenses": 0,
    "generalAndAdministrativeExpenses": 0,
    "sellingAndMarketingExpenses": 0,
    "sellingGeneralAndAdministrativeExpenses": 511700000,
    "otherExpenses": 0,
    "operatingExpenses": 511700000,
    "costAndExpenses": 2655200000,
    "interestIncome": 0,
    "interestExpense": 0,
    "depreciationAndAmortization": 77300000,
    "ebitda": 270700000,
    "ebitdaratio": 0.0950291371,
    "operatingIncome": 193400000,
    "operatingIncomeRatio": 0.0678930001,
    "totalOtherIncomeExpensesNet": -16300000,
    "incomeBeforeTax": 177100000,
    "incomeBeforeTaxRatio": 0.062170891,
    "incomeTaxExpense": 48900000,
    "netIncome": 90600000,
    "netIncomeRatio": 0.0318050972,
    "eps": 0.2,
    "epsdiluted": 0.2,
    "weightedAverageShsOut": 443900000,
    "weightedAverageShsOutDil": 447500000,
    "link": "https://www.sec.gov/Archives/edgar/data/23217/000095012310067148/0000950123-10-067148-index.htm",
    "finalLink": "https://www.sec.gov/Archives/edgar/data/23217/000095012310067148/c58842e10vk.htm"
  },
  {
    "date": "2010-02-28",
    "symbol": "CAG",
    "reportedCurrency": "USD",
    "cik": "0000023217",
    "fillingDate": "2010-04-02",
    "acceptedDate": "2010-04-02 12:38:48",
    "calendarYear": "2010",
    "period": "Q3",
    "revenue": 3030500000,
    "costOfRevenue": 2251900000,
    "grossProfit": 778600000,
    "grossProfitRatio": 0.2569213001,
    "researchAndDevelopmentExpenses": 0,
    "generalAndAdministrativeExpenses": 0,
    "sellingAndMarketingExpenses": 0,
    "sellingGeneralAndAdministrativeExpenses": 418200000,
    "otherExpenses": 0,
    "operatingExpenses": 418200000,
    "costAndExpenses": 2670100000,
    "interestIncome": 21500000,
    "interestExpense": 61200000,
    "depreciationAndAmortization": 81500000,
    "ebitda": 463400000,
    "ebitdaratio": 0.1529120607,
    "operatingIncome": 360400000,
    "operatingIncomeRatio": 0.1189242699,
    "totalOtherIncomeExpensesNet": -39700000,
    "incomeBeforeTax": 320700000,
    "incomeBeforeTaxRatio": 0.1058241214,
    "incomeTaxExpense": 102600000,
    "netIncome": 229600000,
    "netIncomeRatio": 0.0757630754,
    "eps": 0.52,
    "epsdiluted": 0.51,
    "weightedAverageShsOut": 444000000,
    "weightedAverageShsOutDil": 448300000,
    "link": "https://www.sec.gov/Archives/edgar/data/23217/000095012310031777/0000950123-10-031777-index.htm",
    "finalLink": "https://www.sec.gov/Archives/edgar/data/23217/000095012310031777/c56761e10vq.htm"
  },
  {
    "date": "2009-11-29",
    "symbol": "CAG",
    "reportedCurrency": "USD",
    "cik": "0000023217",
    "fillingDate": "2010-01-05",
    "acceptedDate": "2010-01-05 16:24:44",
    "calendarYear": "2010",
    "period": "Q2",
    "revenue": 3100100000,
    "costOfRevenue": 2257500000,
    "grossProfit": 842600000,
    "grossProfitRatio": 0.2717976839,
    "researchAndDevelopmentExpenses": 0,
    "generalAndAdministrativeExpenses": 0,
    "sellingAndMarketingExpenses": 0,
    "sellingGeneralAndAdministrativeExpenses": 456100000,
    "otherExpenses": 0,
    "operatingExpenses": 456100000,
    "costAndExpenses": 2713600000,
    "interestIncome": 20600000,
    "interestExpense": 61100000,
    "depreciationAndAmortization": 80700000,
    "ebitda": 487800000,
    "ebitdaratio": 0.1573497629,
    "operatingIncome": 386500000,
    "operatingIncomeRatio": 0.1246733976,
    "totalOtherIncomeExpensesNet": -40500000,
    "incomeBeforeTax": 346000000,
    "incomeBeforeTaxRatio": 0.1116093029,
    "incomeTaxExpense": 114100000,
    "netIncome": 239700000,
    "netIncomeRatio": 0.0773200864,
    "eps": 0.54,
    "epsdiluted": 0.54,
    "weightedAverageShsOut": 443200000,
    "weightedAverageShsOutDil": 446200000,
    "link": "https://www.sec.gov/Archives/edgar/data/23217/000095012310000408/0000950123-10-000408-index.htm",
    "finalLink": "https://www.sec.gov/Archives/edgar/data/23217/000095012310000408/c55184e10vq.htm"
  },
  {
    "date": "2009-08-30",
    "symbol": "CAG",
    "reportedCurrency": "USD",
    "cik": "0000023217",
    "fillingDate": "2009-10-07",
    "acceptedDate": "2009-10-07 12:36:57",
    "calendarYear": "2010",
    "period": "Q1",
    "revenue": 2886300000,
    "costOfRevenue": 2180100000,
    "grossProfit": 706200000,
    "grossProfitRatio": 0.2446731109,
    "researchAndDevelopmentExpenses": 0,
    "generalAndAdministrativeExpenses": 0,
    "sellingAndMarketingExpenses": 0,
    "sellingGeneralAndAdministrativeExpenses": 421900000,
    "otherExpenses": 0,
    "operatingExpenses": 421900000,
    "costAndExpenses": 2602000000,
    "interestIncome": 20300000,
    "interestExpense": 61700000,
    "depreciationAndAmortization": 78800000,
    "ebitda": 383400000,
    "ebitdaratio": 0.1328344247,
    "operatingIncome": 284300000,
    "operatingIncomeRatio": 0.0984998094,
    "totalOtherIncomeExpensesNet": -41400000,
    "incomeBeforeTax": 242900000,
    "incomeBeforeTaxRatio": 0.0841561861,
    "incomeTaxExpense": 88800000,
    "netIncome": 165900000,
    "netIncomeRatio": 0.0574784326,
    "eps": 0.37,
    "epsdiluted": 0.37,
    "weightedAverageShsOut": 443200000,
    "weightedAverageShsOutDil": 445600000,
    "link": "https://www.sec.gov/Archives/edgar/data/23217/000095012309048892/0000950123-09-048892-index.htm",
    "finalLink": "https://www.sec.gov/Archives/edgar/data/23217/000095012309048892/c53860e10vq.htm"
  },
  {
    "date": "2009-05-31",
    "symbol": "CAG",
    "reportedCurrency": "USD",
    "cik": "0000023217",
    "fillingDate": "2009-07-24",
    "acceptedDate": "2009-07-24 10:39:32",
    "calendarYear": "2009",
    "period": "Q4",
    "revenue": 3266600000,
    "costOfRevenue": 2442900000,
    "grossProfit": 823700000,
    "grossProfitRatio": 0.2521582073,
    "researchAndDevelopmentExpenses": 0,
    "generalAndAdministrativeExpenses": 0,
    "sellingAndMarketingExpenses": 0,
    "sellingGeneralAndAdministrativeExpenses": 510800000,
    "otherExpenses": 0,
    "operatingExpenses": 510800000,
    "costAndExpenses": 2953700000,
    "interestIncome": 0,
    "interestExpense": 0,
    "depreciationAndAmortization": 81700000,
    "ebitda": 394600000,
    "ebitdaratio": 0.1207983836,
    "operatingIncome": 312900000,
    "operatingIncomeRatio": 0.0957876691,
    "totalOtherIncomeExpensesNet": -27400000,
    "incomeBeforeTax": 285500000,
    "incomeBeforeTaxRatio": 0.0873997429,
    "incomeTaxExpense": 95200000,
    "netIncome": 174700000,
    "netIncomeRatio": 0.0534806833,
    "eps": -1.76,
    "epsdiluted": -1.74,
    "weightedAverageShsOut": 445600000,
    "weightedAverageShsOutDil": 445600000,
    "link": "https://www.sec.gov/Archives/edgar/data/23217/000095012309025102/0000950123-09-025102-index.htm",
    "finalLink": "https://www.sec.gov/Archives/edgar/data/23217/000095012309025102/c52384e10vk.htm"
  },
  {
    "date": "2009-02-22",
    "symbol": "CAG",
    "reportedCurrency": "USD",
    "cik": "0000023217",
    "fillingDate": "2009-04-01",
    "acceptedDate": "2009-04-01 14:34:40",
    "calendarYear": "2009",
    "period": "Q3",
    "revenue": 3125000000,
    "costOfRevenue": 2385600000,
    "grossProfit": 739400000,
    "grossProfitRatio": 0.236608,
    "researchAndDevelopmentExpenses": 0,
    "generalAndAdministrativeExpenses": 0,
    "sellingAndMarketingExpenses": 0,
    "sellingGeneralAndAdministrativeExpenses": 424700000,
    "otherExpenses": 0,
    "operatingExpenses": 424700000,
    "costAndExpenses": 2810300000,
    "interestIncome": 0,
    "interestExpense": 0,
    "depreciationAndAmortization": 81800000,
    "ebitda": 396500000,
    "ebitdaratio": 0.12688,
    "operatingIncome": 314700000,
    "operatingIncomeRatio": 0.100704,
    "totalOtherIncomeExpensesNet": -42000000,
    "incomeBeforeTax": 272700000,
    "incomeBeforeTaxRatio": 0.087264,
    "incomeTaxExpense": 92000000,
    "netIncome": 193200000,
    "netIncomeRatio": 0.061824,
    "eps": 0.43,
    "epsdiluted": 0.43,
    "weightedAverageShsOut": 447100000,
    "weightedAverageShsOutDil": 449700000,
    "link": "https://www.sec.gov/Archives/edgar/data/23217/000095013709002495/0000950137-09-002495-index.htm",
    "finalLink": "https://www.sec.gov/Archives/edgar/data/23217/000095013709002495/c50264e10vq.htm"
  },
  {
    "date": "2008-11-23",
    "symbol": "CAG",
    "reportedCurrency": "USD",
    "cik": "0000023217",
    "fillingDate": "2008-12-31",
    "acceptedDate": "2008-12-31 11:40:15",
    "calendarYear": "2009",
    "period": "Q2",
    "revenue": 3251700000,
    "costOfRevenue": 2565200000,
    "grossProfit": 686500000,
    "grossProfitRatio": 0.2111203371,
    "researchAndDevelopmentExpenses": 0,
    "generalAndAdministrativeExpenses": 0,
    "sellingAndMarketingExpenses": 0,
    "sellingGeneralAndAdministrativeExpenses": 389000000,
    "otherExpenses": 0,
    "operatingExpenses": 389000000,
    "costAndExpenses": 2954200000,
    "interestIncome": 0,
    "interestExpense": 0,
    "depreciationAndAmortization": 78700000,
    "ebitda": 376200000,
    "ebitdaratio": 0.1156933296,
    "operatingIncome": 297500000,
    "operatingIncomeRatio": 0.0914906049,
    "totalOtherIncomeExpensesNet": -42700000,
    "incomeBeforeTax": 254800000,
    "incomeBeforeTaxRatio": 0.0783590122,
    "incomeTaxExpense": 84600000,
    "netIncome": 168100000,
    "netIncomeRatio": 0.0516960359,
    "eps": 0.38,
    "epsdiluted": 0.37,
    "weightedAverageShsOut": 447100000,
    "weightedAverageShsOutDil": 449500000,
    "link": "https://www.sec.gov/Archives/edgar/data/23217/000119312508262298/0001193125-08-262298-index.htm",
    "finalLink": "https://www.sec.gov/Archives/edgar/data/23217/000119312508262298/d10q.htm"
  },
  {
    "date": "2008-08-24",
    "symbol": "CAG",
    "reportedCurrency": "USD",
    "cik": "0000023217",
    "fillingDate": "2008-10-02",
    "acceptedDate": "2008-10-02 16:36:09",
    "calendarYear": "2009",
    "period": "Q1",
    "revenue": 3056500000,
    "costOfRevenue": 2465000000,
    "grossProfit": 591500000,
    "grossProfitRatio": 0.1935220023,
    "researchAndDevelopmentExpenses": 0,
    "generalAndAdministrativeExpenses": 0,
    "sellingAndMarketingExpenses": 0,
    "sellingGeneralAndAdministrativeExpenses": 368700000,
    "otherExpenses": 0,
    "operatingExpenses": 368700000,
    "costAndExpenses": 2833700000,
    "interestIncome": 0,
    "interestExpense": 0,
    "depreciationAndAmortization": 76200000,
    "ebitda": 299000000,
    "ebitdaratio": 0.0978243088,
    "operatingIncome": 222800000,
    "operatingIncomeRatio": 0.0728938328,
    "totalOtherIncomeExpensesNet": -50100000,
    "incomeBeforeTax": 172700000,
    "incomeBeforeTaxRatio": 0.0565025356,
    "incomeTaxExpense": 66000000,
    "netIncome": 442400000,
    "netIncomeRatio": 0.1447407165,
    "eps": 0.95,
    "epsdiluted": 0.94,
    "weightedAverageShsOut": 467100000,
    "weightedAverageShsOutDil": 469600000,
    "link": "https://www.sec.gov/Archives/edgar/data/23217/000119312508205305/0001193125-08-205305-index.htm",
    "finalLink": "https://www.sec.gov/Archives/edgar/data/23217/000119312508205305/d10q.htm"
  },
  {
    "date": "2008-05-25",
    "symbol": "CAG",
    "reportedCurrency": "USD",
    "cik": "0000023217",
    "fillingDate": "2008-07-23",
    "acceptedDate": "2008-07-23 15:05:36",
    "calendarYear": "2008",
    "period": "Q4",
    "revenue": 1610700000,
    "costOfRevenue": 1527300000,
    "grossProfit": 83400000,
    "grossProfitRatio": 0.0517787297,
    "researchAndDevelopmentExpenses": 0,
    "generalAndAdministrativeExpenses": 0,
    "sellingAndMarketingExpenses": 0,
    "sellingGeneralAndAdministrativeExpenses": 339300000,
    "otherExpenses": 0,
    "operatingExpenses": 339300000,
    "costAndExpenses": 1866600000,
    "interestIncome": 0,
    "interestExpense": 0,
    "depreciationAndAmortization": 65200000,
    "ebitda": -190700000,
    "ebitdaratio": -0.1183957286,
    "operatingIncome": -255900000,
    "operatingIncomeRatio": -0.1588750233,
    "totalOtherIncomeExpensesNet": -68400000,
    "incomeBeforeTax": -324300000,
    "incomeBeforeTaxRatio": -0.2013410318,
    "incomeTaxExpense": -144600000,
    "netIncome": 201300000,
    "netIncomeRatio": 0.1249767182,
    "eps": 0.41,
    "epsdiluted": 0.41,
    "weightedAverageShsOut": 481610738,
    "weightedAverageShsOutDil": 489300000,
    "link": "https://www.sec.gov/Archives/edgar/data/23217/000119312508156175/0001193125-08-156175-index.htm",
    "finalLink": "https://www.sec.gov/Archives/edgar/data/23217/000119312508156175/d10k.htm"
  },
  {
    "date": "2008-02-24",
    "symbol": "CAG",
    "reportedCurrency": "USD",
    "cik": "0000023217",
    "fillingDate": "2008-04-03",
    "acceptedDate": "2008-04-03 15:30:55",
    "calendarYear": "2008",
    "period": "Q3",
    "revenue": 3528400000,
    "costOfRevenue": 2555400000,
    "grossProfit": 973000000,
    "grossProfitRatio": 0.2757623852,
    "researchAndDevelopmentExpenses": 0,
    "generalAndAdministrativeExpenses": 0,
    "sellingAndMarketingExpenses": 0,
    "sellingGeneralAndAdministrativeExpenses": 494600000,
    "otherExpenses": 0,
    "operatingExpenses": 494600000,
    "costAndExpenses": 3050000000,
    "interestIncome": 0,
    "interestExpense": 0,
    "depreciationAndAmortization": 85200000,
    "ebitda": 563600000,
    "ebitdaratio": 0.1597324566,
    "operatingIncome": 478400000,
    "operatingIncomeRatio": 0.1355855345,
    "totalOtherIncomeExpensesNet": -62100000,
    "incomeBeforeTax": 416300000,
    "incomeBeforeTaxRatio": 0.1179854892,
    "incomeTaxExpense": 151500000,
    "netIncome": 309100000,
    "netIncomeRatio": 0.0876034463,
    "eps": 0.63,
    "epsdiluted": 0.63,
    "weightedAverageShsOut": 490634921,
    "weightedAverageShsOutDil": 490634921,
    "link": "https://www.sec.gov/Archives/edgar/data/23217/000119312508074132/0001193125-08-074132-index.htm",
    "finalLink": "https://www.sec.gov/Archives/edgar/data/23217/000119312508074132/d10q.htm"
  },
  {
    "date": "2007-11-25",
    "symbol": "CAG",
    "reportedCurrency": "USD",
    "cik": "0000023217",
    "fillingDate": "2008-01-03",
    "acceptedDate": "2008-01-03 14:53:04",
    "calendarYear": "2008",
    "period": "Q2",
    "revenue": 2951200000,
    "costOfRevenue": 2209000000,
    "grossProfit": 742200000,
    "grossProfitRatio": 0.2514909189,
    "researchAndDevelopmentExpenses": 0,
    "generalAndAdministrativeExpenses": 0,
    "sellingAndMarketingExpenses": 0,
    "sellingGeneralAndAdministrativeExpenses": 489300000,
    "otherExpenses": 0,
    "operatingExpenses": 489300000,
    "costAndExpenses": 2698300000,
    "interestIncome": 0,
    "interestExpense": 0,
    "depreciationAndAmortization": 70500000,
    "ebitda": 323400000,
    "ebitdaratio": 0.1095825427,
    "operatingIncome": 252900000,
    "operatingIncomeRatio": 0.085693955,
    "totalOtherIncomeExpensesNet": -62200000,
    "incomeBeforeTax": 190700000,
    "incomeBeforeTaxRatio": 0.0646177826,
    "incomeTaxExpense": 68600000,
    "netIncome": 244800000,
    "netIncomeRatio": 0.0829493088,
    "eps": 0.5,
    "epsdiluted": 0.5,
    "weightedAverageShsOut": 487300000,
    "weightedAverageShsOutDil": 490700000,
    "link": "https://www.sec.gov/Archives/edgar/data/23217/000119312508000886/0001193125-08-000886-index.htm",
    "finalLink": "https://www.sec.gov/Archives/edgar/data/23217/000119312508000886/d10q.htm"
  },
  {
    "date": "2007-08-26",
    "symbol": "CAG",
    "reportedCurrency": "USD",
    "cik": "0000023217",
    "fillingDate": "2007-10-03",
    "acceptedDate": "2007-10-03 16:31:43",
    "calendarYear": "2008",
    "period": "Q1",
    "revenue": 2621100000,
    "costOfRevenue": 2002300000,
    "grossProfit": 618800000,
    "grossProfitRatio": 0.2360840868,
    "researchAndDevelopmentExpenses": 0,
    "generalAndAdministrativeExpenses": 0,
    "sellingAndMarketingExpenses": 0,
    "sellingGeneralAndAdministrativeExpenses": 381500000,
    "otherExpenses": 0,
    "operatingExpenses": 381500000,
    "costAndExpenses": 2383800000,
    "interestIncome": 0,
    "interestExpense": 0,
    "depreciationAndAmortization": 75800000,
    "ebitda": 313100000,
    "ebitdaratio": 0.1194536645,
    "operatingIncome": 237300000,
    "operatingIncomeRatio": 0.0905345084,
    "totalOtherIncomeExpensesNet": -54800000,
    "incomeBeforeTax": 182500000,
    "incomeBeforeTaxRatio": 0.0696272557,
    "incomeTaxExpense": 61100000,
    "netIncome": 175400000,
    "netIncomeRatio": 0.0669184693,
    "eps": 0.36,
    "epsdiluted": 0.36,
    "weightedAverageShsOut": 489200000,
    "weightedAverageShsOutDil": 492800000,
    "link": "https://www.sec.gov/Archives/edgar/data/23217/000119312507212599/0001193125-07-212599-index.htm",
    "finalLink": "https://www.sec.gov/Archives/edgar/data/23217/000119312507212599/d10q.htm"
  },
  {
    "date": "2007-05-27",
    "symbol": "CAG",
    "reportedCurrency": "USD",
    "cik": "0000023217",
    "fillingDate": "2007-07-25",
    "acceptedDate": "2007-07-25 15:58:18",
    "calendarYear": "2007",
    "period": "Q4",
    "revenue": 3332500000,
    "costOfRevenue": 2442300000,
    "grossProfit": 890200000,
    "grossProfitRatio": 0.2671267817,
    "researchAndDevelopmentExpenses": 0,
    "generalAndAdministrativeExpenses": 0,
    "sellingAndMarketingExpenses": 0,
    "sellingGeneralAndAdministrativeExpenses": 570000000,
    "otherExpenses": 0,
    "operatingExpenses": 570000000,
    "costAndExpenses": 3012300000,
    "interestIncome": 0,
    "interestExpense": 0,
    "depreciationAndAmortization": 78400000,
    "ebitda": 398600000,
    "ebitdaratio": 0.1196099025,
    "operatingIncome": 320200000,
    "operatingIncomeRatio": 0.096084021,
    "totalOtherIncomeExpensesNet": -59400000,
    "incomeBeforeTax": 260800000,
    "incomeBeforeTaxRatio": 0.0782595649,
    "incomeTaxExpense": 93300000,
    "netIncome": 192000000,
    "netIncomeRatio": 0.0576144036,
    "eps": 0.39,
    "epsdiluted": 0.39,
    "weightedAverageShsOut": 491928272,
    "weightedAverageShsOutDil": 498200000,
    "link": "https://www.sec.gov/Archives/edgar/data/23217/000119312507161690/0001193125-07-161690-index.htm",
    "finalLink": "https://www.sec.gov/Archives/edgar/data/23217/000119312507161690/d10k.htm"
  },
  {
    "date": "2007-02-25",
    "symbol": "CAG",
    "reportedCurrency": "USD",
    "cik": "0000023217",
    "fillingDate": "2007-04-05",
    "acceptedDate": "2007-04-05 14:20:28",
    "calendarYear": "2007",
    "period": "Q3",
    "revenue": 2918400000,
    "costOfRevenue": 2143400000,
    "grossProfit": 775000000,
    "grossProfitRatio": 0.2655564693,
    "researchAndDevelopmentExpenses": 0,
    "generalAndAdministrativeExpenses": 0,
    "sellingAndMarketingExpenses": 0,
    "sellingGeneralAndAdministrativeExpenses": 450200000,
    "otherExpenses": 0,
    "operatingExpenses": 450200000,
    "costAndExpenses": 2593600000,
    "interestIncome": 0,
    "interestExpense": 0,
    "depreciationAndAmortization": 90800000,
    "ebitda": 415600000,
    "ebitdaratio": 0.1424067982,
    "operatingIncome": 324800000,
    "operatingIncomeRatio": 0.1112938596,
    "totalOtherIncomeExpensesNet": -56100000,
    "incomeBeforeTax": 268700000,
    "incomeBeforeTaxRatio": 0.0920709978,
    "incomeTaxExpense": 91800000,
    "netIncome": 192600000,
    "netIncomeRatio": 0.0659950658,
    "eps": 0.38,
    "epsdiluted": 0.38,
    "weightedAverageShsOut": 506842105,
    "weightedAverageShsOutDil": 506842105,
    "link": "https://www.sec.gov/Archives/edgar/data/23217/000119312507075333/0001193125-07-075333-index.htm",
    "finalLink": "https://www.sec.gov/Archives/edgar/data/23217/000119312507075333/d10q.htm"
  },
  {
    "date": "2006-11-26",
    "symbol": "CAG",
    "reportedCurrency": "USD",
    "cik": "0000023217",
    "fillingDate": "2007-01-05",
    "acceptedDate": "2007-01-05 06:01:38",
    "calendarYear": "2007",
    "period": "Q2",
    "revenue": 3088700000,
    "costOfRevenue": 2278400000,
    "grossProfit": 810300000,
    "grossProfitRatio": 0.2623433807,
    "researchAndDevelopmentExpenses": 0,
    "generalAndAdministrativeExpenses": 0,
    "sellingAndMarketingExpenses": 0,
    "sellingGeneralAndAdministrativeExpenses": 450400000,
    "otherExpenses": 0,
    "operatingExpenses": 450400000,
    "costAndExpenses": 2728800000,
    "interestIncome": 0,
    "interestExpense": 0,
    "depreciationAndAmortization": 87400000,
    "ebitda": 447300000,
    "ebitdaratio": 0.1448182083,
    "operatingIncome": 359900000,
    "operatingIncomeRatio": 0.1165215139,
    "totalOtherIncomeExpensesNet": -52100000,
    "incomeBeforeTax": 307800000,
    "incomeBeforeTaxRatio": 0.0996535759,
    "incomeTaxExpense": 119100000,
    "netIncome": 213300000,
    "netIncomeRatio": 0.0690581798,
    "eps": 0.42,
    "epsdiluted": 0.42,
    "weightedAverageShsOut": 507857143,
    "weightedAverageShsOutDil": 507857143,
    "link": "https://www.sec.gov/Archives/edgar/data/23217/000110465907000735/0001104659-07-000735-index.htm",
    "finalLink": "https://www.sec.gov/Archives/edgar/data/23217/000110465907000735/a06-26676_110q.htm"
  },
  {
    "date": "2006-08-27",
    "symbol": "CAG",
    "reportedCurrency": "USD",
    "cik": "0000023217",
    "fillingDate": "2006-10-05",
    "acceptedDate": "2006-10-05 11:17:17",
    "calendarYear": "2007",
    "period": "Q1",
    "revenue": 2688600000,
    "costOfRevenue": 2025600000,
    "grossProfit": 663000000,
    "grossProfitRatio": 0.2465967418,
    "researchAndDevelopmentExpenses": 0,
    "generalAndAdministrativeExpenses": 0,
    "sellingAndMarketingExpenses": 0,
    "sellingGeneralAndAdministrativeExpenses": 437200000,
    "otherExpenses": 0,
    "operatingExpenses": 437200000,
    "costAndExpenses": 2462800000,
    "interestIncome": 0,
    "interestExpense": 0,
    "depreciationAndAmortization": 89400000,
    "ebitda": 315200000,
    "ebitdaratio": 0.1172357361,
    "operatingIncome": 225800000,
    "operatingIncomeRatio": 0.0839842297,
    "totalOtherIncomeExpensesNet": -58000000,
    "incomeBeforeTax": 167800000,
    "incomeBeforeTaxRatio": 0.0624116641,
    "incomeTaxExpense": 61500000,
    "netIncome": 166700000,
    "netIncomeRatio": 0.0620025292,
    "eps": 0.33,
    "epsdiluted": 0.33,
    "weightedAverageShsOut": 510200000,
    "weightedAverageShsOutDil": 512400000,
    "link": "https://www.sec.gov/Archives/edgar/data/23217/000110465906065089/0001104659-06-065089-index.htm",
    "finalLink": "https://www.sec.gov/Archives/edgar/data/23217/000110465906065089/a06-20557_110q.htm"
  },
  {
    "date": "2006-05-28",
    "symbol": "CAG",
    "reportedCurrency": "USD",
    "cik": "0000023217",
    "fillingDate": "2006-07-28",
    "acceptedDate": "2006-07-28 12:34:27",
    "calendarYear": "2006",
    "period": "Q4",
    "revenue": 2974600000,
    "costOfRevenue": 2275000000,
    "grossProfit": 699600000,
    "grossProfitRatio": 0.2351912862,
    "researchAndDevelopmentExpenses": 0,
    "generalAndAdministrativeExpenses": 0,
    "sellingAndMarketingExpenses": 0,
    "sellingGeneralAndAdministrativeExpenses": 568500000,
    "otherExpenses": 0,
    "operatingExpenses": 568500000,
    "costAndExpenses": 2843500000,
    "interestIncome": 0,
    "interestExpense": 0,
    "depreciationAndAmortization": 83100000,
    "ebitda": 214200000,
    "ebitdaratio": 0.072009682,
    "operatingIncome": 131100000,
    "operatingIncomeRatio": 0.0440731527,
    "totalOtherIncomeExpensesNet": -54400000,
    "incomeBeforeTax": 76700000,
    "incomeBeforeTaxRatio": 0.0257849795,
    "incomeTaxExpense": 7600000,
    "netIncome": 50300000,
    "netIncomeRatio": 0.0169098366,
    "eps": 0.0969,
    "epsdiluted": 0.0969,
    "weightedAverageShsOut": 519100000,
    "weightedAverageShsOutDil": 519100000,
    "link": "https://www.sec.gov/Archives/edgar/data/23217/000110465906049523/0001104659-06-049523-index.htm",
    "finalLink": "https://www.sec.gov/Archives/edgar/data/23217/000110465906049523/a06-16588_110k.htm"
  },
  {
    "date": "2006-02-26",
    "symbol": "CAG",
    "reportedCurrency": "USD",
    "cik": "0000023217",
    "fillingDate": "2006-04-07",
    "acceptedDate": "2006-04-07 10:38:51",
    "calendarYear": "2006",
    "period": "Q3",
    "revenue": 2861800000,
    "costOfRevenue": 2142400000,
    "grossProfit": 719400000,
    "grossProfitRatio": 0.2513802502,
    "researchAndDevelopmentExpenses": 0,
    "generalAndAdministrativeExpenses": 0,
    "sellingAndMarketingExpenses": 0,
    "sellingGeneralAndAdministrativeExpenses": 514700000,
    "otherExpenses": 0,
    "operatingExpenses": 514700000,
    "costAndExpenses": 2657100000,
    "interestIncome": 0,
    "interestExpense": 0,
    "depreciationAndAmortization": 78000000,
    "ebitda": 282700000,
    "ebitdaratio": 0.0987839821,
    "operatingIncome": 204700000,
    "operatingIncomeRatio": 0.0715284087,
    "totalOtherIncomeExpensesNet": -68800000,
    "incomeBeforeTax": 135900000,
    "incomeBeforeTaxRatio": 0.0474875952,
    "incomeTaxExpense": 37600000,
    "netIncome": -25200000,
    "netIncomeRatio": -0.0088056468,
    "eps": -0.05,
    "epsdiluted": -0.05,
    "weightedAverageShsOut": 504000000,
    "weightedAverageShsOutDil": 504000000,
    "link": "https://www.sec.gov/Archives/edgar/data/23217/000110465906023348/0001104659-06-023348-index.htm",
    "finalLink": "https://www.sec.gov/Archives/edgar/data/23217/000110465906023348/a06-8322_110q.htm"
  },
  {
    "date": "2005-11-27",
    "symbol": "CAG",
    "reportedCurrency": "USD",
    "cik": "0000023217",
    "fillingDate": "2006-01-06",
    "acceptedDate": "2006-01-06 14:18:38",
    "calendarYear": "2006",
    "period": "Q2",
    "revenue": 3002000000,
    "costOfRevenue": 2270600000,
    "grossProfit": 731400000,
    "grossProfitRatio": 0.243637575,
    "researchAndDevelopmentExpenses": 0,
    "generalAndAdministrativeExpenses": 0,
    "sellingAndMarketingExpenses": 0,
    "sellingGeneralAndAdministrativeExpenses": 450400000,
    "otherExpenses": 0,
    "operatingExpenses": 450400000,
    "costAndExpenses": 2721000000,
    "interestIncome": 0,
    "interestExpense": 0,
    "depreciationAndAmortization": 74100000,
    "ebitda": 355100000,
    "ebitdaratio": 0.1182878081,
    "operatingIncome": 281000000,
    "operatingIncomeRatio": 0.0936042638,
    "totalOtherIncomeExpensesNet": -68600000,
    "incomeBeforeTax": 212400000,
    "incomeBeforeTaxRatio": 0.0707528314,
    "incomeTaxExpense": 79500000,
    "netIncome": 152500000,
    "netIncomeRatio": 0.050799467,
    "eps": 0.29,
    "epsdiluted": 0.29,
    "weightedAverageShsOut": 525862069,
    "weightedAverageShsOutDil": 525862069,
    "link": "https://www.sec.gov/Archives/edgar/data/23217/000110465906000907/0001104659-06-000907-index.htm",
    "finalLink": "https://www.sec.gov/Archives/edgar/data/23217/000110465906000907/a05-22566_110q.htm"
  },
  {
    "date": "2005-08-28",
    "symbol": "CAG",
    "reportedCurrency": "USD",
    "cik": "0000023217",
    "fillingDate": "2005-10-07",
    "acceptedDate": "2005-10-07 14:01:17",
    "calendarYear": "2006",
    "period": "Q1",
    "revenue": 2673800000,
    "costOfRevenue": 2003100000,
    "grossProfit": 670700000,
    "grossProfitRatio": 0.250841499,
    "researchAndDevelopmentExpenses": 0,
    "generalAndAdministrativeExpenses": 0,
    "sellingAndMarketingExpenses": 0,
    "sellingGeneralAndAdministrativeExpenses": 417000000,
    "otherExpenses": 0,
    "operatingExpenses": 417000000,
    "costAndExpenses": 2420100000,
    "interestIncome": 0,
    "interestExpense": 0,
    "depreciationAndAmortization": 74700000,
    "ebitda": 328400000,
    "ebitdaratio": 0.1228214526,
    "operatingIncome": 253700000,
    "operatingIncomeRatio": 0.0948836861,
    "totalOtherIncomeExpensesNet": 257000000,
    "incomeBeforeTax": 510700000,
    "incomeBeforeTaxRatio": 0.1910015708,
    "incomeTaxExpense": 177600000,
    "netIncome": 347300000,
    "netIncomeRatio": 0.1298900441,
    "eps": 0.67,
    "epsdiluted": 0.67,
    "weightedAverageShsOut": 518100000,
    "weightedAverageShsOutDil": 520500000,
    "link": "https://www.sec.gov/Archives/edgar/data/23217/000110465905047721/0001104659-05-047721-index.htm",
    "finalLink": "https://www.sec.gov/Archives/edgar/data/23217/000110465905047721/a05-17142_110q.htm"
  },
  {
    "date": "2005-05-29",
    "symbol": "CAG",
    "reportedCurrency": "USD",
    "cik": "0000023217",
    "fillingDate": "2005-08-12",
    "acceptedDate": "2005-08-12 10:55:37",
    "calendarYear": "2005",
    "period": "Q4",
    "revenue": 3385200000,
    "costOfRevenue": 2634600000,
    "grossProfit": 750600000,
    "grossProfitRatio": 0.221729883,
    "researchAndDevelopmentExpenses": 0,
    "generalAndAdministrativeExpenses": 0,
    "sellingAndMarketingExpenses": 0,
    "sellingGeneralAndAdministrativeExpenses": 488400000,
    "otherExpenses": 0,
    "operatingExpenses": 488400000,
    "costAndExpenses": 3123000000,
    "interestIncome": 0,
    "interestExpense": 0,
    "depreciationAndAmortization": 86200000,
    "ebitda": 348400000,
    "ebitdaratio": 0.1029185868,
    "operatingIncome": 262200000,
    "operatingIncomeRatio": 0.0774548033,
    "totalOtherIncomeExpensesNet": -67700000,
    "incomeBeforeTax": 194500000,
    "incomeBeforeTaxRatio": 0.0574559849,
    "incomeTaxExpense": 83600000,
    "netIncome": 101800000,
    "netIncomeRatio": 0.0300720785,
    "eps": 0.2,
    "epsdiluted": 0.2,
    "weightedAverageShsOut": 521000000,
    "weightedAverageShsOutDil": 521000000,
    "link": "https://www.sec.gov/Archives/edgar/data/23217/000110465905038863/0001104659-05-038863-index.htm",
    "finalLink": "https://www.sec.gov/Archives/edgar/data/23217/000110465905038863/a05-14105_110k.htm"
  },
  {
    "date": "2005-02-27",
    "symbol": "CAG",
    "reportedCurrency": "USD",
    "cik": "0000023217",
    "fillingDate": "2005-04-13",
    "acceptedDate": "2005-04-13 16:11:08",
    "calendarYear": "2005",
    "period": "Q3",
    "revenue": 3569900000,
    "costOfRevenue": 2803500000,
    "grossProfit": 766400000,
    "grossProfitRatio": 0.2146838847,
    "researchAndDevelopmentExpenses": 0,
    "generalAndAdministrativeExpenses": 0,
    "sellingAndMarketingExpenses": 0,
    "sellingGeneralAndAdministrativeExpenses": 505900000,
    "otherExpenses": 0,
    "operatingExpenses": 505900000,
    "costAndExpenses": 3309400000,
    "interestIncome": 0,
    "interestExpense": 0,
    "depreciationAndAmortization": 93200000,
    "ebitda": 353700000,
    "ebitdaratio": 0.0990784056,
    "operatingIncome": 260500000,
    "operatingIncomeRatio": 0.0729712317,
    "totalOtherIncomeExpensesNet": 117600000,
    "incomeBeforeTax": 378100000,
    "incomeBeforeTaxRatio": 0.1059133309,
    "incomeTaxExpense": 149600000,
    "netIncome": 165300000,
    "netIncomeRatio": 0.046303818,
    "eps": 0.32,
    "epsdiluted": 0.32,
    "weightedAverageShsOut": 516562500,
    "weightedAverageShsOutDil": 516562500,
    "link": "https://www.sec.gov/Archives/edgar/data/23217/000110465905016300/0001104659-05-016300-index.htm",
    "finalLink": "https://www.sec.gov/Archives/edgar/data/23217/000110465905016300/a05-6563_110q.htm"
  },
  {
    "date": "2004-11-28",
    "symbol": "CAG",
    "reportedCurrency": "USD",
    "cik": "0000023217",
    "fillingDate": "2005-01-06",
    "acceptedDate": "2005-01-06 11:28:27",
    "calendarYear": "2005",
    "period": "Q2",
    "revenue": 4009100000,
    "costOfRevenue": 3108100000,
    "grossProfit": 901000000,
    "grossProfitRatio": 0.2247387194,
    "researchAndDevelopmentExpenses": 0,
    "generalAndAdministrativeExpenses": 0,
    "sellingAndMarketingExpenses": 0,
    "sellingGeneralAndAdministrativeExpenses": 433400000,
    "otherExpenses": 0,
    "operatingExpenses": 433400000,
    "costAndExpenses": 3541500000,
    "interestIncome": 0,
    "interestExpense": 0,
    "depreciationAndAmortization": 83800000,
    "ebitda": 551400000,
    "ebitdaratio": 0.1375371031,
    "operatingIncome": 467600000,
    "operatingIncomeRatio": 0.1166346562,
    "totalOtherIncomeExpensesNet": -85800000,
    "incomeBeforeTax": 381800000,
    "incomeBeforeTaxRatio": 0.0952333441,
    "incomeTaxExpense": 151300000,
    "netIncome": 239600000,
    "netIncomeRatio": 0.0597640368,
    "eps": 0.47,
    "epsdiluted": 0.46,
    "weightedAverageShsOut": 509787234,
    "weightedAverageShsOutDil": 515531915,
    "link": "https://www.sec.gov/Archives/edgar/data/23217/000110465905000528/0001104659-05-000528-index.htm",
    "finalLink": "https://www.sec.gov/Archives/edgar/data/23217/000110465905000528/a05-1052_110q.htm"
  },
  {
    "date": "2004-08-29",
    "symbol": "CAG",
    "reportedCurrency": "USD",
    "cik": "0000023217",
    "fillingDate": "2004-10-07",
    "acceptedDate": "2004-10-07 11:51:45",
    "calendarYear": "2005",
    "period": "Q1",
    "revenue": 3383200000,
    "costOfRevenue": 2700400000,
    "grossProfit": 682800000,
    "grossProfitRatio": 0.2018207614,
    "researchAndDevelopmentExpenses": 0,
    "generalAndAdministrativeExpenses": 0,
    "sellingAndMarketingExpenses": 0,
    "sellingGeneralAndAdministrativeExpenses": 410100000,
    "otherExpenses": 0,
    "operatingExpenses": 410100000,
    "costAndExpenses": 3110500000,
    "interestIncome": 0,
    "interestExpense": 0,
    "depreciationAndAmortization": 87700000,
    "ebitda": 360400000,
    "ebitdaratio": 0.1065263656,
    "operatingIncome": 272700000,
    "operatingIncomeRatio": 0.0806041617,
    "totalOtherIncomeExpensesNet": -73400000,
    "incomeBeforeTax": 199300000,
    "incomeBeforeTaxRatio": 0.0589087255,
    "incomeTaxExpense": 81000000,
    "netIncome": 134700000,
    "netIncomeRatio": 0.0398143769,
    "eps": 0.26,
    "epsdiluted": 0.26,
    "weightedAverageShsOut": 517000000,
    "weightedAverageShsOutDil": 521400000,
    "link": "https://www.sec.gov/Archives/edgar/data/23217/000110465904029965/0001104659-04-029965-index.htm",
    "finalLink": "https://www.sec.gov/Archives/edgar/data/23217/000110465904029965/a04-11215_110q.htm"
  },
  {
    "date": "2004-05-30",
    "symbol": "CAG",
    "reportedCurrency": "USD",
    "cik": "0000023217",
    "fillingDate": "2004-08-05",
    "acceptedDate": "2004-08-05 12:02:51",
    "calendarYear": "2004",
    "period": "Q4",
    "revenue": 3756000000,
    "costOfRevenue": 2967800000,
    "grossProfit": 788200000,
    "grossProfitRatio": 0.2098509052,
    "researchAndDevelopmentExpenses": 0,
    "generalAndAdministrativeExpenses": 0,
    "sellingAndMarketingExpenses": 0,
    "sellingGeneralAndAdministrativeExpenses": 424000000,
    "otherExpenses": 0,
    "operatingExpenses": 424000000,
    "costAndExpenses": 3391800000,
    "interestIncome": 0,
    "interestExpense": 0,
    "depreciationAndAmortization": 89100000,
    "ebitda": 453300000,
    "ebitdaratio": 0.120686901,
    "operatingIncome": 364200000,
    "operatingIncomeRatio": 0.0969648562,
    "totalOtherIncomeExpensesNet": -64900000,
    "incomeBeforeTax": 299300000,
    "incomeBeforeTaxRatio": 0.079685836,
    "incomeTaxExpense": 103600000,
    "netIncome": 211500000,
    "netIncomeRatio": 0.0563099042,
    "eps": 0.4,
    "epsdiluted": 0.4,
    "weightedAverageShsOut": 515041322,
    "weightedAverageShsOutDil": 527100000,
    "link": "https://www.sec.gov/Archives/edgar/data/23217/000110465904022554/0001104659-04-022554-index.htm",
    "finalLink": "https://www.sec.gov/Archives/edgar/data/23217/000110465904022554/a04-7990_110k.htm"
  },
  {
    "date": "2004-02-22",
    "symbol": "CAG",
    "reportedCurrency": "USD",
    "cik": "0000023217",
    "fillingDate": "2004-04-01",
    "acceptedDate": "2004-04-01 11:18:57",
    "calendarYear": "2004",
    "period": "Q3",
    "revenue": 3525500000,
    "costOfRevenue": 2725300000,
    "grossProfit": 800200000,
    "grossProfitRatio": 0.2269748972,
    "researchAndDevelopmentExpenses": 0,
    "generalAndAdministrativeExpenses": 0,
    "sellingAndMarketingExpenses": 0,
    "sellingGeneralAndAdministrativeExpenses": 426200000,
    "otherExpenses": 0,
    "operatingExpenses": 426200000,
    "costAndExpenses": 3151500000,
    "interestIncome": 0,
    "interestExpense": 0,
    "depreciationAndAmortization": 88200000,
    "ebitda": 462200000,
    "ebitdaratio": 0.1311019714,
    "operatingIncome": 374000000,
    "operatingIncomeRatio": 0.1060842434,
    "totalOtherIncomeExpensesNet": -61800000,
    "incomeBeforeTax": 312200000,
    "incomeBeforeTaxRatio": 0.0885548149,
    "incomeTaxExpense": 110300000,
    "netIncome": 215300000,
    "netIncomeRatio": 0.0610693519,
    "eps": 0.41,
    "epsdiluted": 0.4,
    "weightedAverageShsOut": 525121951,
    "weightedAverageShsOutDil": 535000000,
    "link": "https://www.sec.gov/Archives/edgar/data/23217/000110465904009157/0001104659-04-009157-index.htm",
    "finalLink": "https://www.sec.gov/Archives/edgar/data/23217/000110465904009157/a04-4018_110q.htm"
  },
  {
    "date": "2003-11-23",
    "symbol": "CAG",
    "reportedCurrency": "USD",
    "cik": "0000023217",
    "fillingDate": "2004-01-05",
    "acceptedDate": "2004-01-05 10:39:42",
    "calendarYear": "2004",
    "period": "Q2",
    "revenue": 3804800000,
    "costOfRevenue": 2908500000,
    "grossProfit": 896300000,
    "grossProfitRatio": 0.2355708579,
    "researchAndDevelopmentExpenses": 0,
    "generalAndAdministrativeExpenses": 0,
    "sellingAndMarketingExpenses": 0,
    "sellingGeneralAndAdministrativeExpenses": 477700000,
    "otherExpenses": 0,
    "operatingExpenses": 477700000,
    "costAndExpenses": 3386200000,
    "interestIncome": 0,
    "interestExpense": 0,
    "depreciationAndAmortization": 80200000,
    "ebitda": 498800000,
    "ebitdaratio": 0.131097561,
    "operatingIncome": 418600000,
    "operatingIncomeRatio": 0.1100189235,
    "totalOtherIncomeExpensesNet": -51900000,
    "incomeBeforeTax": 366700000,
    "incomeBeforeTaxRatio": 0.096378259,
    "incomeTaxExpense": 128800000,
    "netIncome": 270100000,
    "netIncomeRatio": 0.0709892767,
    "eps": 0.51,
    "epsdiluted": 0.51,
    "weightedAverageShsOut": 529607843,
    "weightedAverageShsOutDil": 529607843,
    "link": "https://www.sec.gov/Archives/edgar/data/23217/000110465904000051/0001104659-04-000051-index.htm",
    "finalLink": "https://www.sec.gov/Archives/edgar/data/23217/000110465904000051/a03-6619_110q.htm"
  },
  {
    "date": "2003-08-24",
    "symbol": "CAG",
    "reportedCurrency": "USD",
    "cik": "0000023217",
    "fillingDate": "2003-10-03",
    "acceptedDate": "2003-10-03 14:44:28",
    "calendarYear": "2004",
    "period": "Q1",
    "revenue": 3229400000,
    "costOfRevenue": 2545200000,
    "grossProfit": 684200000,
    "grossProfitRatio": 0.2118659813,
    "researchAndDevelopmentExpenses": 0,
    "generalAndAdministrativeExpenses": 0,
    "sellingAndMarketingExpenses": 0,
    "sellingGeneralAndAdministrativeExpenses": 464000000,
    "otherExpenses": 0,
    "operatingExpenses": 464000000,
    "costAndExpenses": 3009200000,
    "interestIncome": 0,
    "interestExpense": 0,
    "depreciationAndAmortization": 91200000,
    "ebitda": 311400000,
    "ebitdaratio": 0.0964265808,
    "operatingIncome": 220200000,
    "operatingIncomeRatio": 0.0681860408,
    "totalOtherIncomeExpensesNet": -54200000,
    "incomeBeforeTax": 166000000,
    "incomeBeforeTaxRatio": 0.0514027374,
    "incomeTaxExpense": -1300000,
    "netIncome": 194900000,
    "netIncomeRatio": 0.0603517681,
    "eps": 0.37,
    "epsdiluted": 0.37,
    "weightedAverageShsOut": 530000000,
    "weightedAverageShsOutDil": 531500000,
    "link": "https://www.sec.gov/Archives/edgar/data/23217/000110465903022215/0001104659-03-022215-index.htm",
    "finalLink": "https://www.sec.gov/Archives/edgar/data/23217/000110465903022215/a03-3721_110q.htm"
  },
  {
    "date": "2003-05-25",
    "symbol": "CAG",
    "reportedCurrency": "USD",
    "cik": "0000023217",
    "fillingDate": "2003-08-08",
    "acceptedDate": "2003-08-08 14:40:48",
    "calendarYear": "2003",
    "period": "Q4",
    "revenue": 2362500000,
    "costOfRevenue": 1533400000,
    "grossProfit": 829100000,
    "grossProfitRatio": 0.3509417989,
    "researchAndDevelopmentExpenses": 0,
    "generalAndAdministrativeExpenses": 0,
    "sellingAndMarketingExpenses": 0,
    "sellingGeneralAndAdministrativeExpenses": 472000000,
    "otherExpenses": 0,
    "operatingExpenses": 472000000,
    "costAndExpenses": 2005400000,
    "interestIncome": 0,
    "interestExpense": 0,
    "depreciationAndAmortization": 49300000,
    "ebitda": 406400000,
    "ebitdaratio": 0.172021164,
    "operatingIncome": 357100000,
    "operatingIncomeRatio": 0.1511534392,
    "totalOtherIncomeExpensesNet": -58800000,
    "incomeBeforeTax": 298300000,
    "incomeBeforeTaxRatio": 0.1262645503,
    "incomeTaxExpense": 90600000,
    "netIncome": 150400000,
    "netIncomeRatio": 0.0636613757,
    "eps": 0.28,
    "epsdiluted": 0.28,
    "weightedAverageShsOut": 530000000,
    "weightedAverageShsOutDil": 530000000,
    "link": "https://www.sec.gov/Archives/edgar/data/23217/000110465903017219/0001104659-03-017219-index.htm",
    "finalLink": "https://www.sec.gov/Archives/edgar/data/23217/000110465903017219/a03-1859_110k.htm"
  },
  {
    "date": "2003-02-23",
    "symbol": "CAG",
    "reportedCurrency": "USD",
    "cik": "0000023217",
    "fillingDate": "2003-04-04",
    "acceptedDate": "2003-04-04 12:35:54",
    "calendarYear": "2003",
    "period": "Q3",
    "revenue": 3614300000,
    "costOfRevenue": 2774400000,
    "grossProfit": 839900000,
    "grossProfitRatio": 0.2323824807,
    "researchAndDevelopmentExpenses": 0,
    "generalAndAdministrativeExpenses": 0,
    "sellingAndMarketingExpenses": 0,
    "sellingGeneralAndAdministrativeExpenses": 482600000,
    "otherExpenses": 0,
    "operatingExpenses": 482600000,
    "costAndExpenses": 3257000000,
    "interestIncome": 0,
    "interestExpense": 0,
    "depreciationAndAmortization": 47200000,
    "ebitda": 404500000,
    "ebitdaratio": 0.1119165537,
    "operatingIncome": 357300000,
    "operatingIncomeRatio": 0.0988573168,
    "totalOtherIncomeExpensesNet": -51800000,
    "incomeBeforeTax": 305500000,
    "incomeBeforeTaxRatio": 0.0845253576,
    "incomeTaxExpense": 105200000,
    "netIncome": 161000000,
    "netIncomeRatio": 0.0445452785,
    "eps": 0.3,
    "epsdiluted": 0.3,
    "weightedAverageShsOut": 536666667,
    "weightedAverageShsOutDil": 536666667,
    "link": "https://www.sec.gov/Archives/edgar/data/23217/000110465903006006/0001104659-03-006006-index.htm",
    "finalLink": "https://www.sec.gov/Archives/edgar/data/23217/000110465903006006/j9181_10q.htm"
  },
  {
    "date": "2002-11-24",
    "symbol": "CAG",
    "reportedCurrency": "USD",
    "cik": "0000023217",
    "fillingDate": "2003-01-08",
    "acceptedDate": "2003-01-08 14:20:43",
    "calendarYear": "2003",
    "period": "Q2",
    "revenue": 4450800000,
    "costOfRevenue": 3529400000,
    "grossProfit": 921400000,
    "grossProfitRatio": 0.2070189629,
    "researchAndDevelopmentExpenses": 0,
    "generalAndAdministrativeExpenses": 0,
    "sellingAndMarketingExpenses": 0,
    "sellingGeneralAndAdministrativeExpenses": 534200000,
    "otherExpenses": 0,
    "operatingExpenses": 534200000,
    "costAndExpenses": 4063600000,
    "interestIncome": 0,
    "interestExpense": 0,
    "depreciationAndAmortization": 114200000,
    "ebitda": 501400000,
    "ebitdaratio": 0.1126539049,
    "operatingIncome": 387200000,
    "operatingIncomeRatio": 0.0869955963,
    "totalOtherIncomeExpensesNet": -62600000,
    "incomeBeforeTax": 324600000,
    "incomeBeforeTaxRatio": 0.0729307091,
    "incomeTaxExpense": 116200000,
    "netIncome": 235800000,
    "netIncomeRatio": 0.0529792397,
    "eps": 0.39,
    "epsdiluted": 0.38,
    "weightedAverageShsOut": 524000000,
    "weightedAverageShsOutDil": 535909091,
    "link": "https://www.sec.gov/Archives/edgar/data/23217/000104746903000717/0001047469-03-000717-index.htm",
    "finalLink": "https://www.sec.gov/Archives/edgar/data/23217/000104746903000717/a2100149z10-q.htm"
  },
  {
    "date": "2002-08-25",
    "symbol": "CAG",
    "reportedCurrency": "USD",
    "cik": "0000023217",
    "fillingDate": "2002-10-09",
    "acceptedDate": "2002-10-09 10:18:45",
    "calendarYear": "2003",
    "period": "Q1",
    "revenue": 7063200000,
    "costOfRevenue": 6042700000,
    "grossProfit": 1020500000,
    "grossProfitRatio": 0.144481255,
    "researchAndDevelopmentExpenses": 0,
    "generalAndAdministrativeExpenses": 0,
    "sellingAndMarketingExpenses": 0,
    "sellingGeneralAndAdministrativeExpenses": 581800000,
    "otherExpenses": 0,
    "operatingExpenses": 581800000,
    "costAndExpenses": 6624500000,
    "interestIncome": 0,
    "interestExpense": 0,
    "depreciationAndAmortization": 123600000,
    "ebitda": 562300000,
    "ebitdaratio": 0.0796098086,
    "operatingIncome": 438700000,
    "operatingIncomeRatio": 0.0621106581,
    "totalOtherIncomeExpensesNet": -83600000,
    "incomeBeforeTax": 355100000,
    "incomeBeforeTaxRatio": 0.050274663,
    "incomeTaxExpense": 131400000,
    "netIncome": 227600000,
    "netIncomeRatio": 0.0322233549,
    "eps": 0.43,
    "epsdiluted": 0.43,
    "weightedAverageShsOut": 527700000,
    "weightedAverageShsOutDil": 530500000,
    "link": "https://www.sec.gov/Archives/edgar/data/23217/000091205702038069/0000912057-02-038069-index.htm",
    "finalLink": "https://www.sec.gov/Archives/edgar/data/23217/000091205702038069/a2090775z10-q.htm"
  },
  {
    "date": "2002-05-26",
    "symbol": "CAG",
    "reportedCurrency": "USD",
    "cik": "0000023217",
    "fillingDate": "2002-08-23",
    "acceptedDate": "2002-08-23 13:43:08",
    "calendarYear": "2002",
    "period": "Q4",
    "revenue": 6413500000,
    "costOfRevenue": 5430600000,
    "grossProfit": 982900000,
    "grossProfitRatio": 0.153254853,
    "researchAndDevelopmentExpenses": 0,
    "generalAndAdministrativeExpenses": 0,
    "sellingAndMarketingExpenses": 0,
    "sellingGeneralAndAdministrativeExpenses": 568300000,
    "otherExpenses": 0,
    "operatingExpenses": 568300000,
    "costAndExpenses": 5998900000,
    "interestIncome": 0,
    "interestExpense": 0,
    "depreciationAndAmortization": 160000000,
    "ebitda": 574600000,
    "ebitdaratio": 0.0895922663,
    "operatingIncome": 414600000,
    "operatingIncomeRatio": 0.0646448897,
    "totalOtherIncomeExpensesNet": -103500000,
    "incomeBeforeTax": 311100000,
    "incomeBeforeTaxRatio": 0.0485070554,
    "incomeTaxExpense": 118900000,
    "netIncome": 192200000,
    "netIncomeRatio": 0.0299680362,
    "eps": 0.36,
    "epsdiluted": 0.36,
    "weightedAverageShsOut": 506443243,
    "weightedAverageShsOutDil": 530600000,
    "link": "https://www.sec.gov/Archives/edgar/data/23217/000091205702033303/0000912057-02-033303-index.htm",
    "finalLink": "https://www.sec.gov/Archives/edgar/data/23217/000091205702033303/a2087784z10-k.htm"
  },
  {
    "date": "2002-02-24",
    "symbol": "CAG",
    "reportedCurrency": "USD",
    "cik": "0000023217",
    "fillingDate": "2002-04-10",
    "acceptedDate": "2002-04-10 00:00:00",
    "calendarYear": "2002",
    "period": "Q3",
    "revenue": 6244700000,
    "costOfRevenue": 5290800000,
    "grossProfit": 953900000,
    "grossProfitRatio": 0.152753535,
    "researchAndDevelopmentExpenses": 0,
    "generalAndAdministrativeExpenses": 0,
    "sellingAndMarketingExpenses": 0,
    "sellingGeneralAndAdministrativeExpenses": 583300000,
    "otherExpenses": 0,
    "operatingExpenses": 583300000,
    "costAndExpenses": 5874100000,
    "interestIncome": 0,
    "interestExpense": 0,
    "depreciationAndAmortization": 155600000,
    "ebitda": 526200000,
    "ebitdaratio": 0.0842634554,
    "operatingIncome": 370600000,
    "operatingIncomeRatio": 0.0593463257,
    "totalOtherIncomeExpensesNet": -94100000,
    "incomeBeforeTax": 276500000,
    "incomeBeforeTaxRatio": 0.0442775474,
    "incomeTaxExpense": 105700000,
    "netIncome": 170800000,
    "netIncomeRatio": 0.0273511938,
    "eps": 0.31,
    "epsdiluted": 0.31,
    "weightedAverageShsOut": 550967742,
    "weightedAverageShsOutDil": 550967742,
    "link": "https://www.sec.gov/Archives/edgar/data/23217/000091205702014505/0000912057-02-014505-index.htm",
    "finalLink": "https://www.sec.gov/Archives/edgar/data/23217/000091205702014505/a2076247z10-q.htm"
  },
  {
    "date": "2001-11-25",
    "symbol": "CAG",
    "reportedCurrency": "USD",
    "cik": "0000023217",
    "fillingDate": "2002-01-09",
    "acceptedDate": "2002-01-09 00:00:00",
    "calendarYear": "2002",
    "period": "Q2",
    "revenue": 7363600000,
    "costOfRevenue": 6263300000,
    "grossProfit": 1100300000,
    "grossProfitRatio": 0.1494241947,
    "researchAndDevelopmentExpenses": 0,
    "generalAndAdministrativeExpenses": 0,
    "sellingAndMarketingExpenses": 0,
    "sellingGeneralAndAdministrativeExpenses": 627000000,
    "otherExpenses": 0,
    "operatingExpenses": 627000000,
    "costAndExpenses": 6890300000,
    "interestIncome": 0,
    "interestExpense": 0,
    "depreciationAndAmortization": 154200000,
    "ebitda": 627500000,
    "ebitdaratio": 0.0852164702,
    "operatingIncome": 473300000,
    "operatingIncomeRatio": 0.0642756261,
    "totalOtherIncomeExpensesNet": -99800000,
    "incomeBeforeTax": 373500000,
    "incomeBeforeTaxRatio": 0.0507224727,
    "incomeTaxExpense": 141900000,
    "netIncome": 231600000,
    "netIncomeRatio": 0.0314520072,
    "eps": 0.44,
    "epsdiluted": 0.44,
    "weightedAverageShsOut": 526363636,
    "weightedAverageShsOutDil": 526363636,
    "link": "https://www.sec.gov/Archives/edgar/data/23217/000091205702000782/0000912057-02-000782-index.htm",
    "finalLink": "https://www.sec.gov/Archives/edgar/data/23217/000091205702000782/a2067389z10-q.htm"
  },
  {
    "date": "2001-08-26",
    "symbol": "CAG",
    "reportedCurrency": "USD",
    "cik": "0000023217",
    "fillingDate": "2001-10-10",
    "acceptedDate": "2001-10-10 00:00:00",
    "calendarYear": "2002",
    "period": "Q1",
    "revenue": 7607800000,
    "costOfRevenue": 6551800000,
    "grossProfit": 1056000000,
    "grossProfitRatio": 0.1388049107,
    "researchAndDevelopmentExpenses": 0,
    "generalAndAdministrativeExpenses": 0,
    "sellingAndMarketingExpenses": 0,
    "sellingGeneralAndAdministrativeExpenses": 644800000,
    "otherExpenses": 0,
    "operatingExpenses": 644800000,
    "costAndExpenses": 7196600000,
    "interestIncome": 0,
    "interestExpense": 0,
    "depreciationAndAmortization": 153400000,
    "ebitda": 564600000,
    "ebitdaratio": 0.0742133074,
    "operatingIncome": 411200000,
    "operatingIncomeRatio": 0.054049791,
    "totalOtherIncomeExpensesNet": -104100000,
    "incomeBeforeTax": 307100000,
    "incomeBeforeTaxRatio": 0.040366466,
    "incomeTaxExpense": 116700000,
    "netIncome": 188400000,
    "netIncomeRatio": 0.0247640579,
    "eps": 0.36,
    "epsdiluted": 0.36,
    "weightedAverageShsOut": 524600000,
    "weightedAverageShsOutDil": 526400000,
    "link": "https://www.sec.gov/Archives/edgar/data/23217/000091205701534987/0000912057-01-534987-index.htm",
    "finalLink": "https://www.sec.gov/Archives/edgar/data/23217/000091205701534987/a2060691z10-q.htm"
  },
  {
    "date": "2001-05-27",
    "symbol": "CAG",
    "reportedCurrency": "USD",
    "cik": "0000023217",
    "fillingDate": "2001-08-24",
    "acceptedDate": "2001-08-24 00:00:00",
    "calendarYear": "2001",
    "period": "Q4",
    "revenue": 6683500000,
    "costOfRevenue": 6428800000,
    "grossProfit": 254700000,
    "grossProfitRatio": 0.0381087753,
    "researchAndDevelopmentExpenses": 0,
    "generalAndAdministrativeExpenses": 0,
    "sellingAndMarketingExpenses": 0,
    "sellingGeneralAndAdministrativeExpenses": 378600000,
    "otherExpenses": -441700000,
    "operatingExpenses": -63100000,
    "costAndExpenses": 6365700000,
    "interestIncome": 0,
    "interestExpense": 0,
    "depreciationAndAmortization": 151200000,
    "ebitda": 469000000,
    "ebitdaratio": 0.0701728136,
    "operatingIncome": 317800000,
    "operatingIncomeRatio": 0.0475499364,
    "totalOtherIncomeExpensesNet": -100100000,
    "incomeBeforeTax": 217700000,
    "incomeBeforeTaxRatio": 0.0325727538,
    "incomeTaxExpense": 81500000,
    "netIncome": 92300000,
    "netIncomeRatio": 0.0138101294,
    "eps": 0.18,
    "epsdiluted": 0.18,
    "weightedAverageShsOut": 521020000,
    "weightedAverageShsOutDil": 525600000,
    "link": "https://www.sec.gov/Archives/edgar/data/23217/000091205701530190/0000912057-01-530190-index.htm",
    "finalLink": "https://www.sec.gov/Archives/edgar/data/23217/000091205701530190/a2057835z10-k405.htm"
  },
  {
    "date": "2001-02-25",
    "symbol": "CAG",
    "reportedCurrency": "USD",
    "cik": "0000023217",
    "fillingDate": "2001-04-11",
    "acceptedDate": "2001-04-11 00:00:00",
    "calendarYear": "2001",
    "period": "Q3",
    "revenue": 6379100000,
    "costOfRevenue": 5457000000,
    "grossProfit": 922100000,
    "grossProfitRatio": 0.1445501717,
    "researchAndDevelopmentExpenses": 0,
    "generalAndAdministrativeExpenses": 0,
    "sellingAndMarketingExpenses": 0,
    "sellingGeneralAndAdministrativeExpenses": 603100000,
    "otherExpenses": 0,
    "operatingExpenses": 603100000,
    "costAndExpenses": 6060100000,
    "interestIncome": 0,
    "interestExpense": 0,
    "depreciationAndAmortization": 161300000,
    "ebitda": 480300000,
    "ebitdaratio": 0.0752927529,
    "operatingIncome": 319000000,
    "operatingIncomeRatio": 0.0500070543,
    "totalOtherIncomeExpensesNet": -130900000,
    "incomeBeforeTax": 188100000,
    "incomeBeforeTaxRatio": 0.0294869182,
    "incomeTaxExpense": 72300000,
    "netIncome": 115800000,
    "netIncomeRatio": 0.018153031,
    "eps": 0.22,
    "epsdiluted": 0.22,
    "weightedAverageShsOut": 518421053,
    "weightedAverageShsOutDil": 518421053,
    "link": "https://www.sec.gov/Archives/edgar/data/23217/000091205701507976/0000912057-01-507976-index.htm",
    "finalLink": "https://www.sec.gov/Archives/edgar/data/23217/000091205701507976/a2044858z10-q.txt"
  },
  {
    "date": "2000-11-26",
    "symbol": "CAG",
    "reportedCurrency": "USD",
    "cik": "0000023217",
    "fillingDate": "2001-01-10",
    "acceptedDate": "2001-01-10 00:00:00",
    "calendarYear": "2001",
    "period": "Q2",
    "revenue": 7232000000,
    "costOfRevenue": 6128000000,
    "grossProfit": 1104000000,
    "grossProfitRatio": 0.1526548673,
    "researchAndDevelopmentExpenses": 0,
    "generalAndAdministrativeExpenses": 0,
    "sellingAndMarketingExpenses": 0,
    "sellingGeneralAndAdministrativeExpenses": 528900000,
    "otherExpenses": 0,
    "operatingExpenses": 528900000,
    "costAndExpenses": 6656900000,
    "interestIncome": 0,
    "interestExpense": 0,
    "depreciationAndAmortization": 147000000,
    "ebitda": 722100000,
    "ebitdaratio": 0.0998478982,
    "operatingIncome": 575100000,
    "operatingIncomeRatio": 0.0795215708,
    "totalOtherIncomeExpensesNet": -117400000,
    "incomeBeforeTax": 457700000,
    "incomeBeforeTaxRatio": 0.0632881637,
    "incomeTaxExpense": 176500000,
    "netIncome": 281200000,
    "netIncomeRatio": 0.0388827434,
    "eps": 0.54,
    "epsdiluted": 0.54,
    "weightedAverageShsOut": 520172414,
    "weightedAverageShsOutDil": 520172414,
    "link": "https://www.sec.gov/Archives/edgar/data/23217/000091205701000878/0000912057-01-000878-index.htm",
    "finalLink": "https://www.sec.gov/Archives/edgar/data/23217/000091205701000878/a2034784z10-q.txt"
  },
  {
    "date": "2000-08-27",
    "symbol": "CAG",
    "reportedCurrency": "USD",
    "cik": "0000023217",
    "fillingDate": "2000-10-11",
    "acceptedDate": "2000-10-11 00:00:00",
    "calendarYear": "2001",
    "period": "Q1",
    "revenue": 6801600000,
    "costOfRevenue": 5621300000,
    "grossProfit": 1180300000,
    "grossProfitRatio": 0.1735326982,
    "researchAndDevelopmentExpenses": 0,
    "generalAndAdministrativeExpenses": 0,
    "sellingAndMarketingExpenses": 0,
    "sellingGeneralAndAdministrativeExpenses": 735100000,
    "otherExpenses": 133400000,
    "operatingExpenses": 868500000,
    "costAndExpenses": 6489800000,
    "interestIncome": 0,
    "interestExpense": 0,
    "depreciationAndAmortization": 133400000,
    "ebitda": 445200000,
    "ebitdaratio": 0.065455187,
    "operatingIncome": 311800000,
    "operatingIncomeRatio": 0.0458421548,
    "totalOtherIncomeExpensesNet": -76100000,
    "incomeBeforeTax": 235700000,
    "incomeBeforeTaxRatio": 0.0346536109,
    "incomeTaxExpense": 89600000,
    "netIncome": 146100000,
    "netIncomeRatio": 0.0214802399,
    "eps": 0.31,
    "epsdiluted": 0.3,
    "weightedAverageShsOut": 478700000,
    "weightedAverageShsOutDil": 480600000,
    "link": "https://www.sec.gov/Archives/edgar/data/23217/000091205700044389/0000912057-00-044389-index.htm",
    "finalLink": "https://www.sec.gov/Archives/edgar/data/23217/000091205700044389/a2027518z10-q.txt"
  },
  {
    "date": "2000-05-28",
    "symbol": "CAG",
    "reportedCurrency": "USD",
    "cik": "0000023217",
    "fillingDate": "2000-08-25",
    "acceptedDate": "2000-08-25 00:00:00",
    "calendarYear": "2000",
    "period": "Q4",
    "revenue": 6540300000,
    "costOfRevenue": 6238300000,
    "grossProfit": 302000000,
    "grossProfitRatio": 0.0461752519,
    "researchAndDevelopmentExpenses": 0,
    "generalAndAdministrativeExpenses": 0,
    "sellingAndMarketingExpenses": 0,
    "sellingGeneralAndAdministrativeExpenses": -34300000,
    "otherExpenses": 85600000,
    "operatingExpenses": 51300000,
    "costAndExpenses": 6289600000,
    "interestIncome": 0,
    "interestExpense": 0,
    "depreciationAndAmortization": 149000000,
    "ebitda": 399700000,
    "ebitdaratio": 0.0611134046,
    "operatingIncome": 250700000,
    "operatingIncomeRatio": 0.038331575,
    "totalOtherIncomeExpensesNet": -330700000,
    "incomeBeforeTax": -80000000,
    "incomeBeforeTaxRatio": -0.0122318548,
    "incomeTaxExpense": -29800000,
    "netIncome": -50200000,
    "netIncomeRatio": -0.0076754889,
    "eps": -0.11,
    "epsdiluted": -0.11,
    "weightedAverageShsOut": 477000000,
    "weightedAverageShsOutDil": 477000000,
    "link": "https://www.sec.gov/Archives/edgar/data/23217/000091205700039144/0000912057-00-039144-index.htm",
    "finalLink": "https://www.sec.gov/Archives/edgar/data/23217/000091205700039144/a10-k.txt"
  },
  {
    "date": "2000-02-27",
    "symbol": "CAG",
    "reportedCurrency": "USD",
    "cik": "0000023217",
    "fillingDate": "2000-04-11",
    "acceptedDate": "2000-04-11 00:00:00",
    "calendarYear": "2000",
    "period": "Q3",
    "revenue": 5904900000,
    "costOfRevenue": 4892100000,
    "grossProfit": 1012800000,
    "grossProfitRatio": 0.1715185693,
    "researchAndDevelopmentExpenses": 0,
    "generalAndAdministrativeExpenses": 0,
    "sellingAndMarketingExpenses": 0,
    "sellingGeneralAndAdministrativeExpenses": 542100000,
    "otherExpenses": 131000000,
    "operatingExpenses": 673100000,
    "costAndExpenses": 5565200000,
    "interestIncome": 0,
    "interestExpense": 0,
    "depreciationAndAmortization": 130200000,
    "ebitda": 470700000,
    "ebitdaratio": 0.0797134583,
    "operatingIncome": 339700000,
    "operatingIncomeRatio": 0.0575284933,
    "totalOtherIncomeExpensesNet": -108400000,
    "incomeBeforeTax": 231300000,
    "incomeBeforeTaxRatio": 0.0391708581,
    "incomeTaxExpense": 87900000,
    "netIncome": 143400000,
    "netIncomeRatio": 0.0242849159,
    "eps": 0.3,
    "epsdiluted": 0.3,
    "weightedAverageShsOut": 476500000,
    "weightedAverageShsOutDil": 478000000,
    "link": "https://www.sec.gov/Archives/edgar/data/23217/000091205700017403/0000912057-00-017403-index.html",
    "finalLink": "https://www.sec.gov/Archives/edgar/data/23217/000091205700017403/"
  },
  {
    "date": "1999-11-28",
    "symbol": "CAG",
    "reportedCurrency": "USD",
    "cik": "0000023217",
    "fillingDate": "2000-01-11",
    "acceptedDate": "2000-01-11 00:00:00",
    "calendarYear": "2000",
    "period": "Q2",
    "revenue": 6603000000,
    "costOfRevenue": 5335400000,
    "grossProfit": 1267600000,
    "grossProfitRatio": 0.1919733454,
    "researchAndDevelopmentExpenses": 0,
    "generalAndAdministrativeExpenses": 0,
    "sellingAndMarketingExpenses": 0,
    "sellingGeneralAndAdministrativeExpenses": 731800000,
    "otherExpenses": 126000000,
    "operatingExpenses": 857800000,
    "costAndExpenses": 6193200000,
    "interestIncome": 0,
    "interestExpense": 0,
    "depreciationAndAmortization": 126000000,
    "ebitda": 535800000,
    "ebitdaratio": 0.0811449341,
    "operatingIncome": 409800000,
    "operatingIncomeRatio": 0.0620626988,
    "totalOtherIncomeExpensesNet": -107700000,
    "incomeBeforeTax": 302100000,
    "incomeBeforeTaxRatio": 0.0457519309,
    "incomeTaxExpense": 114800000,
    "netIncome": 187300000,
    "netIncomeRatio": 0.0283658943,
    "eps": 0.39,
    "epsdiluted": 0.39,
    "weightedAverageShsOut": 480256410,
    "weightedAverageShsOutDil": 480256410,
    "link": "https://www.sec.gov/Archives/edgar/data/23217/000091205700000848/0000912057-00-000848-index.html",
    "finalLink": "https://www.sec.gov/Archives/edgar/data/23217/000091205700000848/"
  },
  {
    "date": "1999-08-29",
    "symbol": "CAG",
    "reportedCurrency": "USD",
    "cik": "0000023217",
    "fillingDate": "1999-10-12",
    "acceptedDate": "1999-10-12 00:00:00",
    "calendarYear": "2000",
    "period": "Q1",
    "revenue": 6593600000,
    "costOfRevenue": 5486900000,
    "grossProfit": 1106700000,
    "grossProfitRatio": 0.1678445766,
    "researchAndDevelopmentExpenses": 0,
    "generalAndAdministrativeExpenses": 0,
    "sellingAndMarketingExpenses": 0,
    "sellingGeneralAndAdministrativeExpenses": 732300000,
    "otherExpenses": 130500000,
    "operatingExpenses": 862800000,
    "costAndExpenses": 6349700000,
    "interestIncome": 0,
    "interestExpense": 0,
    "depreciationAndAmortization": 130500000,
    "ebitda": 374400000,
    "ebitdaratio": 0.0567823344,
    "operatingIncome": 243900000,
    "operatingIncomeRatio": 0.0369904149,
    "totalOtherIncomeExpensesNet": -79700000,
    "incomeBeforeTax": 164200000,
    "incomeBeforeTaxRatio": 0.0249029362,
    "incomeTaxExpense": 62400000,
    "netIncome": 101800000,
    "netIncomeRatio": 0.0154392138,
    "eps": 0.22,
    "epsdiluted": 0.21,
    "weightedAverageShsOut": 462727273,
    "weightedAverageShsOutDil": 484761905,
    "link": "https://www.sec.gov/Archives/edgar/data/23217/000104746999038517/0001047469-99-038517-index.html",
    "finalLink": "https://www.sec.gov/Archives/edgar/data/23217/000104746999038517/"
  },
  {
    "date": "1999-05-30",
    "symbol": "CAG",
    "reportedCurrency": "USD",
    "cik": "0000023217",
    "fillingDate": "1999-08-25",
    "acceptedDate": "1999-08-25 00:00:00",
    "calendarYear": "1999",
    "period": "Q4",
    "revenue": 6013200000,
    "costOfRevenue": 4878600000,
    "grossProfit": 1134600000,
    "grossProfitRatio": 0.1886848932,
    "researchAndDevelopmentExpenses": 0,
    "generalAndAdministrativeExpenses": 0,
    "sellingAndMarketingExpenses": 0,
    "sellingGeneralAndAdministrativeExpenses": 635800000,
    "otherExpenses": 127000000,
    "operatingExpenses": 762800000,
    "costAndExpenses": 5641400000,
    "interestIncome": 0,
    "interestExpense": 0,
    "depreciationAndAmortization": 127000000,
    "ebitda": 498800000,
    "ebitdaratio": 0.0829508415,
    "operatingIncome": 371800000,
    "operatingIncomeRatio": 0.0618306393,
    "totalOtherIncomeExpensesNet": -502000000,
    "incomeBeforeTax": -130200000,
    "incomeBeforeTaxRatio": -0.0216523648,
    "incomeTaxExpense": 11100000,
    "netIncome": -141300000,
    "netIncomeRatio": -0.0234983037,
    "eps": -0.3,
    "epsdiluted": -0.3,
    "weightedAverageShsOut": 470700000,
    "weightedAverageShsOutDil": 470700000,
    "link": "https://www.sec.gov/Archives/edgar/data/23217/000104746999033682/0001047469-99-033682-index.html",
    "finalLink": "https://www.sec.gov/Archives/edgar/data/23217/000104746999033682/"
  },
  {
    "date": "1999-02-28",
    "symbol": "CAG",
    "reportedCurrency": "USD",
    "cik": "0000023217",
    "fillingDate": "1999-04-14",
    "acceptedDate": "1999-04-14 00:00:00",
    "calendarYear": "1999",
    "period": "Q3",
    "revenue": 5693300000,
    "costOfRevenue": 4558400000,
    "grossProfit": 1134900000,
    "grossProfitRatio": 0.1993395746,
    "researchAndDevelopmentExpenses": 0,
    "generalAndAdministrativeExpenses": 0,
    "sellingAndMarketingExpenses": 0,
    "sellingGeneralAndAdministrativeExpenses": 640400000,
    "otherExpenses": 127800000,
    "operatingExpenses": 768200000,
    "costAndExpenses": 5326600000,
    "interestIncome": 0,
    "interestExpense": 0,
    "depreciationAndAmortization": 127800000,
    "ebitda": 494500000,
    "ebitdaratio": 0.0868564804,
    "operatingIncome": 366700000,
    "operatingIncomeRatio": 0.0644090422,
    "totalOtherIncomeExpensesNet": -88000000,
    "incomeBeforeTax": 278700000,
    "incomeBeforeTaxRatio": 0.0489522772,
    "incomeTaxExpense": 107300000,
    "netIncome": 171400000,
    "netIncomeRatio": 0.0301055627,
    "eps": 0.36,
    "epsdiluted": 0.36,
    "weightedAverageShsOut": 476111111,
    "weightedAverageShsOutDil": 476111111,
    "link": "https://www.sec.gov/Archives/edgar/data/23217/000104746999014749/0001047469-99-014749-index.html",
    "finalLink": "https://www.sec.gov/Archives/edgar/data/23217/"
  },
  {
    "date": "1998-11-29",
    "symbol": "CAG",
    "reportedCurrency": "USD",
    "cik": "0000023217",
    "fillingDate": "1999-01-12",
    "acceptedDate": "1999-01-12 00:00:00",
    "calendarYear": "1999",
    "period": "Q2",
    "revenue": 6404400000,
    "costOfRevenue": 5173600000,
    "grossProfit": 1230800000,
    "grossProfitRatio": 0.192180376,
    "researchAndDevelopmentExpenses": 0,
    "generalAndAdministrativeExpenses": 0,
    "sellingAndMarketingExpenses": 0,
    "sellingGeneralAndAdministrativeExpenses": 658900000,
    "otherExpenses": 124900000,
    "operatingExpenses": 783800000,
    "costAndExpenses": 5957400000,
    "interestIncome": 0,
    "interestExpense": 0,
    "depreciationAndAmortization": 124900000,
    "ebitda": 571900000,
    "ebitdaratio": 0.0892979826,
    "operatingIncome": 447000000,
    "operatingIncomeRatio": 0.0697957654,
    "totalOtherIncomeExpensesNet": -91000000,
    "incomeBeforeTax": 356000000,
    "incomeBeforeTaxRatio": 0.0555867841,
    "incomeTaxExpense": 137000000,
    "netIncome": 219000000,
    "netIncomeRatio": 0.0341952408,
    "eps": 0.47,
    "epsdiluted": 0.46,
    "weightedAverageShsOut": 465957447,
    "weightedAverageShsOutDil": 476086957,
    "link": "https://www.sec.gov/Archives/edgar/data/23217/000104746999000939/0001047469-99-000939-index.html",
    "finalLink": "https://www.sec.gov/Archives/edgar/data/23217/"
  },
  {
    "date": "1998-08-30",
    "symbol": "CAG",
    "reportedCurrency": "USD",
    "cik": "0000023217",
    "fillingDate": "1998-10-13",
    "acceptedDate": "1998-10-13 00:00:00",
    "calendarYear": "1999",
    "period": "Q1",
    "revenue": 6483400000,
    "costOfRevenue": 5445800000,
    "grossProfit": 1037600000,
    "grossProfitRatio": 0.1600394855,
    "researchAndDevelopmentExpenses": 0,
    "generalAndAdministrativeExpenses": 0,
    "sellingAndMarketingExpenses": 0,
    "sellingGeneralAndAdministrativeExpenses": 663300000,
    "otherExpenses": 120100000,
    "operatingExpenses": 783400000,
    "costAndExpenses": 6229200000,
    "interestIncome": 0,
    "interestExpense": 0,
    "depreciationAndAmortization": 120100000,
    "ebitda": 374300000,
    "ebitdaratio": 0.0577320542,
    "operatingIncome": 254200000,
    "operatingIncomeRatio": 0.0392078231,
    "totalOtherIncomeExpensesNet": -76400000,
    "incomeBeforeTax": 177800000,
    "incomeBeforeTaxRatio": 0.0274238825,
    "incomeTaxExpense": 68500000,
    "netIncome": 109300000,
    "netIncomeRatio": 0.0168584385,
    "eps": 0.23,
    "epsdiluted": 0.23,
    "weightedAverageShsOut": 475217391,
    "weightedAverageShsOutDil": 475217391,
    "link": "https://www.sec.gov/Archives/edgar/data/23217/000104746998037068/0001047469-98-037068-index.html",
    "finalLink": "https://www.sec.gov/Archives/edgar/data/23217/"
  },
  {
    "date": "1998-05-31",
    "symbol": "CAG",
    "reportedCurrency": "USD",
    "cik": "0000023217",
    "fillingDate": "1998-08-28",
    "acceptedDate": "1998-08-28 00:00:00",
    "calendarYear": "1998",
    "period": "Q4",
    "revenue": 5881500000,
    "costOfRevenue": 4727900000,
    "grossProfit": 1153600000,
    "grossProfitRatio": 0.1961404404,
    "researchAndDevelopmentExpenses": 0,
    "generalAndAdministrativeExpenses": 0,
    "sellingAndMarketingExpenses": 0,
    "sellingGeneralAndAdministrativeExpenses": 640900000,
    "otherExpenses": 163300000,
    "operatingExpenses": 804200000,
    "costAndExpenses": 5532100000,
    "interestIncome": 0,
    "interestExpense": 0,
    "depreciationAndAmortization": 163300000,
    "ebitda": 512700000,
    "ebitdaratio": 0.0871716399,
    "operatingIncome": 349400000,
    "operatingIncomeRatio": 0.059406614,
    "totalOtherIncomeExpensesNet": -75100000,
    "incomeBeforeTax": 274300000,
    "incomeBeforeTaxRatio": 0.0466377625,
    "incomeTaxExpense": 105600000,
    "netIncome": 168700000,
    "netIncomeRatio": 0.0286831591,
    "eps": 0.35,
    "epsdiluted": 0.35,
    "weightedAverageShsOut": 475400000,
    "weightedAverageShsOutDil": 475400000,
    "link": "https://www.sec.gov/Archives/edgar/data/23217/000104746998033094/0001047469-98-033094-index.html",
    "finalLink": "https://www.sec.gov/Archives/edgar/data/23217/"
  },
  {
    "date": "1998-02-22",
    "symbol": "CAG",
    "reportedCurrency": "USD",
    "cik": "0000023217",
    "fillingDate": "1998-04-07",
    "acceptedDate": "1998-04-07 00:00:00",
    "calendarYear": "1998",
    "period": "Q3",
    "revenue": 5468000000,
    "costOfRevenue": 4527600000,
    "grossProfit": 940400000,
    "grossProfitRatio": 0.1719824433,
    "researchAndDevelopmentExpenses": 0,
    "generalAndAdministrativeExpenses": 0,
    "sellingAndMarketingExpenses": 0,
    "sellingGeneralAndAdministrativeExpenses": 581900000,
    "otherExpenses": 64900000,
    "operatingExpenses": 646800000,
    "costAndExpenses": 5174400000,
    "interestIncome": 0,
    "interestExpense": 0,
    "depreciationAndAmortization": 119600000,
    "ebitda": 413200000,
    "ebitdaratio": 0.0755669349,
    "operatingIncome": 293600000,
    "operatingIncomeRatio": 0.0536942209,
    "totalOtherIncomeExpensesNet": -76200000,
    "incomeBeforeTax": 217400000,
    "incomeBeforeTaxRatio": 0.0397585955,
    "incomeTaxExpense": 83700000,
    "netIncome": 118900000,
    "netIncomeRatio": 0.0217446964,
    "eps": 0.26,
    "epsdiluted": 0.25,
    "weightedAverageShsOut": 457307692,
    "weightedAverageShsOutDil": 458518519,
    "link": "https://www.sec.gov/Archives/edgar/data/23217/000104746998014051/0001047469-98-014051-index.html",
    "finalLink": "https://www.sec.gov/Archives/edgar/data/23217/"
  },
  {
    "date": "1997-11-23",
    "symbol": "CAG",
    "reportedCurrency": "USD",
    "cik": "0000023217",
    "fillingDate": "1998-01-07",
    "acceptedDate": "1998-01-07 00:00:00",
    "calendarYear": "1998",
    "period": "Q2",
    "revenue": 6548100000,
    "costOfRevenue": 5400400000,
    "grossProfit": 1147700000,
    "grossProfitRatio": 0.1752722164,
    "researchAndDevelopmentExpenses": 0,
    "generalAndAdministrativeExpenses": 0,
    "sellingAndMarketingExpenses": 0,
    "sellingGeneralAndAdministrativeExpenses": 609800000,
    "otherExpenses": 110500000,
    "operatingExpenses": 720300000,
    "costAndExpenses": 6120700000,
    "interestIncome": 0,
    "interestExpense": 0,
    "depreciationAndAmortization": 113700000,
    "ebitda": 541100000,
    "ebitdaratio": 0.0826346574,
    "operatingIncome": 427400000,
    "operatingIncomeRatio": 0.0652708419,
    "totalOtherIncomeExpensesNet": -75500000,
    "incomeBeforeTax": 351900000,
    "incomeBeforeTaxRatio": 0.0537407798,
    "incomeTaxExpense": 134700000,
    "netIncome": 217200000,
    "netIncomeRatio": 0.0331699272,
    "eps": 0.47,
    "epsdiluted": 0.46,
    "weightedAverageShsOut": 448085106,
    "weightedAverageShsOutDil": 457826087,
    "link": "https://www.sec.gov/Archives/edgar/data/23217/000104746998000221/0001047469-98-000221-index.html",
    "finalLink": "https://www.sec.gov/Archives/edgar/data/23217/"
  },
  {
    "date": "1997-08-24",
    "symbol": "CAG",
    "reportedCurrency": "USD",
    "cik": "0000023217",
    "fillingDate": "1997-10-08",
    "acceptedDate": "1997-10-08 00:00:00",
    "calendarYear": "1998",
    "period": "Q1",
    "revenue": 6262800000,
    "costOfRevenue": 5268600000,
    "grossProfit": 994200000,
    "grossProfitRatio": 0.1587468864,
    "researchAndDevelopmentExpenses": 0,
    "generalAndAdministrativeExpenses": 0,
    "sellingAndMarketingExpenses": 0,
    "sellingGeneralAndAdministrativeExpenses": 618300000,
    "otherExpenses": 110800000,
    "operatingExpenses": 729100000,
    "costAndExpenses": 5997700000,
    "interestIncome": 0,
    "interestExpense": 0,
    "depreciationAndAmortization": 110800000,
    "ebitda": 375900000,
    "ebitdaratio": 0.0600210768,
    "operatingIncome": 265100000,
    "operatingIncomeRatio": 0.0423293096,
    "totalOtherIncomeExpensesNet": -73600000,
    "incomeBeforeTax": 191500000,
    "incomeBeforeTaxRatio": 0.0305773775,
    "incomeTaxExpense": 73200000,
    "netIncome": 118300000,
    "netIncomeRatio": 0.0188893147,
    "eps": 0.25,
    "epsdiluted": 0.25,
    "weightedAverageShsOut": 440400000,
    "weightedAverageShsOutDil": 458750000,
    "link": "https://www.sec.gov/Archives/edgar/data/23217/000104746997000050/0001047469-97-000050-index.html",
    "finalLink": "https://www.sec.gov/Archives/edgar/data/23217/"
  },
  {
    "date": "1997-05-25",
    "symbol": "CAG",
    "reportedCurrency": "USD",
    "cik": "0000023217",
    "fillingDate": "1997-08-22",
    "acceptedDate": "1997-08-22 00:00:00",
    "calendarYear": "1997",
    "period": "Q4",
    "revenue": 5198300000,
    "costOfRevenue": 4165500000,
    "grossProfit": 1032800000,
    "grossProfitRatio": 0.1986803378,
    "researchAndDevelopmentExpenses": 0,
    "generalAndAdministrativeExpenses": 0,
    "sellingAndMarketingExpenses": 0,
    "sellingGeneralAndAdministrativeExpenses": 576000000,
    "otherExpenses": 100200000,
    "operatingExpenses": 676200000,
    "costAndExpenses": 4841700000,
    "interestIncome": 0,
    "interestExpense": 0,
    "depreciationAndAmortization": 100200000,
    "ebitda": 456800000,
    "ebitdaratio": 0.0878748822,
    "operatingIncome": 356600000,
    "operatingIncomeRatio": 0.0685993498,
    "totalOtherIncomeExpensesNet": -61100000,
    "incomeBeforeTax": 295500000,
    "incomeBeforeTaxRatio": 0.0568455072,
    "incomeTaxExpense": 109000000,
    "netIncome": 186500000,
    "netIncomeRatio": 0.0358771137,
    "eps": 0.41,
    "epsdiluted": 0.41,
    "weightedAverageShsOut": 459200000,
    "weightedAverageShsOutDil": 459200000,
    "link": "https://www.sec.gov/Archives/edgar/data/23217/000091205797028887/0000912057-97-028887-index.html",
    "finalLink": "https://www.sec.gov/Archives/edgar/data/23217/"
  },
  {
    "date": "1997-02-23",
    "symbol": "CAG",
    "reportedCurrency": "USD",
    "cik": "0000023217",
    "fillingDate": "1997-04-08",
    "acceptedDate": "1997-04-08 00:00:00",
    "calendarYear": "1997",
    "period": "Q3",
    "revenue": 5459100000,
    "costOfRevenue": 4473100000,
    "grossProfit": 986000000,
    "grossProfitRatio": 0.1806158524,
    "researchAndDevelopmentExpenses": 0,
    "generalAndAdministrativeExpenses": 0,
    "sellingAndMarketingExpenses": 0,
    "sellingGeneralAndAdministrativeExpenses": 561200000,
    "otherExpenses": 108400000,
    "operatingExpenses": 669600000,
    "costAndExpenses": 5142700000,
    "interestIncome": 0,
    "interestExpense": 0,
    "depreciationAndAmortization": 108400000,
    "ebitda": 424800000,
    "ebitdaratio": 0.0778150245,
    "operatingIncome": 316400000,
    "operatingIncomeRatio": 0.0579582715,
    "totalOtherIncomeExpensesNet": -73300000,
    "incomeBeforeTax": 243100000,
    "incomeBeforeTaxRatio": 0.0445311498,
    "incomeTaxExpense": 98000000,
    "netIncome": 145100000,
    "netIncomeRatio": 0.0265794728,
    "eps": 0.32,
    "epsdiluted": 0.32,
    "weightedAverageShsOut": 453437500,
    "weightedAverageShsOutDil": 453437500,
    "link": "https://www.sec.gov/Archives/edgar/data/23217/000002321797000004/0000023217-97-000004-index.html",
    "finalLink": "https://www.sec.gov/Archives/edgar/data/23217/"
  },
  {
    "date": "1996-11-24",
    "symbol": "CAG",
    "reportedCurrency": "USD",
    "cik": "0000023217",
    "fillingDate": "1997-01-08",
    "acceptedDate": "1997-01-08 00:00:00",
    "calendarYear": "1997",
    "period": "Q2",
    "revenue": 6590200000,
    "costOfRevenue": 5529400000,
    "grossProfit": 1060800000,
    "grossProfitRatio": 0.1609662833,
    "researchAndDevelopmentExpenses": 0,
    "generalAndAdministrativeExpenses": 0,
    "sellingAndMarketingExpenses": 0,
    "sellingGeneralAndAdministrativeExpenses": 569200000,
    "otherExpenses": 102600000,
    "operatingExpenses": 671800000,
    "costAndExpenses": 6201200000,
    "interestIncome": 0,
    "interestExpense": 0,
    "depreciationAndAmortization": 100000000,
    "ebitda": 491600000,
    "ebitdaratio": 0.0745956117,
    "operatingIncome": 389000000,
    "operatingIncomeRatio": 0.0590270402,
    "totalOtherIncomeExpensesNet": -72700000,
    "incomeBeforeTax": 316300000,
    "incomeBeforeTaxRatio": 0.0479955085,
    "incomeTaxExpense": 129000000,
    "netIncome": 187300000,
    "netIncomeRatio": 0.0284209887,
    "eps": 0.41,
    "epsdiluted": 0.41,
    "weightedAverageShsOut": 445952381,
    "weightedAverageShsOutDil": 456829268,
    "link": "https://www.sec.gov/Archives/edgar/data/23217/000002321797000002/0000023217-97-000002-index.html",
    "finalLink": "https://www.sec.gov/Archives/edgar/data/23217/"
  },
  {
    "date": "1996-08-25",
    "symbol": "CAG",
    "reportedCurrency": "USD",
    "cik": "0000023217",
    "fillingDate": "1996-10-09",
    "acceptedDate": "1996-10-09 00:00:00",
    "calendarYear": "1997",
    "period": "Q1",
    "revenue": 6157500000,
    "costOfRevenue": 5260400000,
    "grossProfit": 897100000,
    "grossProfitRatio": 0.1456922452,
    "researchAndDevelopmentExpenses": 0,
    "generalAndAdministrativeExpenses": 0,
    "sellingAndMarketingExpenses": 0,
    "sellingGeneralAndAdministrativeExpenses": 559000000,
    "otherExpenses": 105200000,
    "operatingExpenses": 664200000,
    "costAndExpenses": 5924600000,
    "interestIncome": 0,
    "interestExpense": 0,
    "depreciationAndAmortization": 105200000,
    "ebitda": 338100000,
    "ebitdaratio": 0.054908648,
    "operatingIncome": 232900000,
    "operatingIncomeRatio": 0.0378237921,
    "totalOtherIncomeExpensesNet": -70100000,
    "incomeBeforeTax": 162800000,
    "incomeBeforeTaxRatio": 0.0264393017,
    "incomeTaxExpense": 66700000,
    "netIncome": 96100000,
    "netIncomeRatio": 0.0156069834,
    "eps": 0.21,
    "epsdiluted": 0.21,
    "weightedAverageShsOut": 457619048,
    "weightedAverageShsOutDil": 457619048,
    "link": "https://www.sec.gov/Archives/edgar/data/23217/000002321796000037/0000023217-96-000037-index.html",
    "finalLink": "https://www.sec.gov/Archives/edgar/data/23217/"
  },
  {
    "date": "1996-05-26",
    "symbol": "CAG",
    "reportedCurrency": "USD",
    "cik": "0000023217",
    "fillingDate": "1996-08-26",
    "acceptedDate": "1996-08-26 00:00:00",
    "calendarYear": "1996",
    "period": "Q4",
    "revenue": 5987100000,
    "costOfRevenue": 4992700000,
    "grossProfit": 994400000,
    "grossProfitRatio": 0.1660904278,
    "researchAndDevelopmentExpenses": 0,
    "generalAndAdministrativeExpenses": 0,
    "sellingAndMarketingExpenses": 0,
    "sellingGeneralAndAdministrativeExpenses": 537700000,
    "otherExpenses": 112500000,
    "operatingExpenses": 650200000,
    "costAndExpenses": 5642900000,
    "interestIncome": 0,
    "interestExpense": 0,
    "depreciationAndAmortization": 112500000,
    "ebitda": 456700000,
    "ebitdaratio": 0.0762806701,
    "operatingIncome": 344200000,
    "operatingIncomeRatio": 0.0574902707,
    "totalOtherIncomeExpensesNet": -581100000,
    "incomeBeforeTax": -236900000,
    "incomeBeforeTaxRatio": -0.0395684054,
    "incomeTaxExpense": -43200000,
    "netIncome": -193700000,
    "netIncomeRatio": -0.0323528921,
    "eps": -0.42,
    "epsdiluted": -0.42,
    "weightedAverageShsOut": 461800000,
    "weightedAverageShsOutDil": 461800000,
    "link": "https://www.sec.gov/Archives/edgar/data/23217/000002321796000029/0000023217-96-000029-index.html",
    "finalLink": "https://www.sec.gov/Archives/edgar/data/23217/"
  },
  {
    "date": "1996-02-25",
    "symbol": "CAG",
    "reportedCurrency": "USD",
    "cik": "0000023217",
    "fillingDate": "1996-04-04",
    "acceptedDate": "1996-04-04 00:00:00",
    "calendarYear": "1996",
    "period": "Q3",
    "revenue": 5771800000,
    "costOfRevenue": 4809600000,
    "grossProfit": 962200000,
    "grossProfitRatio": 0.1667070931,
    "researchAndDevelopmentExpenses": 0,
    "generalAndAdministrativeExpenses": 0,
    "sellingAndMarketingExpenses": 0,
    "sellingGeneralAndAdministrativeExpenses": 570500000,
    "otherExpenses": 95600000,
    "operatingExpenses": 666100000,
    "costAndExpenses": 5475700000,
    "interestIncome": 0,
    "interestExpense": 0,
    "depreciationAndAmortization": 95600000,
    "ebitda": 391700000,
    "ebitdaratio": 0.0678644444,
    "operatingIncome": 296100000,
    "operatingIncomeRatio": 0.0513011539,
    "totalOtherIncomeExpensesNet": -81500000,
    "incomeBeforeTax": 214600000,
    "incomeBeforeTaxRatio": 0.0371807755,
    "incomeTaxExpense": 86200000,
    "netIncome": 128400000,
    "netIncomeRatio": 0.0222460931,
    "eps": 0.28,
    "epsdiluted": 0.28,
    "weightedAverageShsOut": 458571429,
    "weightedAverageShsOutDil": 458571429,
    "link": "https://www.sec.gov/Archives/edgar/data/23217/000002321796000015/0000023217-96-000015-index.html",
    "finalLink": "https://www.sec.gov/Archives/edgar/data/23217/"
  },
  {
    "date": "1995-11-26",
    "symbol": "CAG",
    "reportedCurrency": "USD",
    "cik": "0000023217",
    "fillingDate": "1996-01-10",
    "acceptedDate": "1996-01-10 00:00:00",
    "calendarYear": "1996",
    "period": "Q2",
    "revenue": 6626300000,
    "costOfRevenue": 5564800000,
    "grossProfit": 1061500000,
    "grossProfitRatio": 0.1601949806,
    "researchAndDevelopmentExpenses": 0,
    "generalAndAdministrativeExpenses": 0,
    "sellingAndMarketingExpenses": 0,
    "sellingGeneralAndAdministrativeExpenses": 591600000,
    "otherExpenses": 112600000,
    "operatingExpenses": 704200000,
    "costAndExpenses": 6269000000,
    "interestIncome": 0,
    "interestExpense": 0,
    "depreciationAndAmortization": 112600000,
    "ebitda": 469900000,
    "ebitdaratio": 0.0709143866,
    "operatingIncome": 357300000,
    "operatingIncomeRatio": 0.0539214947,
    "totalOtherIncomeExpensesNet": -74000000,
    "incomeBeforeTax": 283300000,
    "incomeBeforeTaxRatio": 0.0427538747,
    "incomeTaxExpense": 116200000,
    "netIncome": 167100000,
    "netIncomeRatio": 0.0252176931,
    "eps": 0.36,
    "epsdiluted": 0.36,
    "weightedAverageShsOut": 454444444,
    "weightedAverageShsOutDil": 454444444,
    "link": "https://www.sec.gov/Archives/edgar/data/23217/000002321796000002/0000023217-96-000002-index.html",
    "finalLink": "https://www.sec.gov/Archives/edgar/data/23217/"
  }
]