[
  {
    "date": "2025-05-25",
    "symbol": "CAG",
    "reportedCurrency": "USD",
    "cik": "0000023217",
    "fillingDate": "2025-07-10",
    "acceptedDate": "2025-07-10 07:33:58",
    "calendarYear": "2025",
    "period": "FY",
    "revenue": 11612800000,
    "costOfRevenue": 8493500000,
    "grossProfit": 3119300000,
    "grossProfitRatio": 0.2686087765,
    "researchAndDevelopmentExpenses": 60800000,
    "generalAndAdministrativeExpenses": 1068400000,
    "sellingAndMarketingExpenses": 263200000,
    "sellingGeneralAndAdministrativeExpenses": 1331600000,
    "otherExpenses": -175100000,
    "operatingExpenses": 1217300000,
    "costAndExpenses": 9710800000,
    "interestIncome": 2500000,
    "interestExpense": 416700000,
    "depreciationAndAmortization": 390200000,
    "ebitda": 1962900000,
    "ebitdaratio": 0.1690290025,
    "operatingIncome": 1902000000,
    "operatingIncomeRatio": 0.1637847892,
    "totalOtherIncomeExpensesNet": -745800000,
    "incomeBeforeTax": 1156200000,
    "incomeBeforeTaxRatio": 0.0995625517,
    "incomeTaxExpense": 3700000,
    "netIncome": 1152500000,
    "netIncomeRatio": 0.0992439377,
    "eps": 2.41,
    "epsdiluted": 2.41,
    "weightedAverageShsOut": 478300000,
    "weightedAverageShsOutDil": 478300000,
    "link": "https://www.sec.gov/Archives/edgar/data/23217/000155837025009180/0001558370-25-009180-index.htm",
    "finalLink": "https://www.sec.gov/Archives/edgar/data/23217/000155837025009180/tmb-20250525x10k.htm"
  },
  {
    "date": "2024-05-26",
    "symbol": "CAG",
    "reportedCurrency": "USD",
    "cik": "0000023217",
    "fillingDate": "2024-07-11",
    "acceptedDate": "2024-07-11 16:30:44",
    "calendarYear": "2024",
    "period": "FY",
    "revenue": 12050900000,
    "costOfRevenue": 8701300000,
    "grossProfit": 3349600000,
    "grossProfitRatio": 0.2779543437,
    "researchAndDevelopmentExpenses": 61400000,
    "generalAndAdministrativeExpenses": 0,
    "sellingAndMarketingExpenses": 0,
    "sellingGeneralAndAdministrativeExpenses": 1351900000,
    "otherExpenses": 0,
    "operatingExpenses": 1413300000,
    "costAndExpenses": 10114600000,
    "interestIncome": 5700000,
    "interestExpense": 436200000,
    "depreciationAndAmortization": 400900000,
    "ebitda": 1443800000,
    "ebitdaratio": 0.119808479,
    "operatingIncome": 1936300000,
    "operatingIncomeRatio": 0.1606767959,
    "totalOtherIncomeExpensesNet": -1326100000,
    "incomeBeforeTax": 610200000,
    "incomeBeforeTaxRatio": 0.0506352223,
    "incomeTaxExpense": 262500000,
    "netIncome": 347200000,
    "netIncomeRatio": 0.0288111261,
    "eps": 0.73,
    "epsdiluted": 0.72,
    "weightedAverageShsOut": 478600000,
    "weightedAverageShsOutDil": 480000000,
    "link": "https://www.sec.gov/Archives/edgar/data/23217/000155837024009764/0001558370-24-009764-index.htm",
    "finalLink": "https://www.sec.gov/Archives/edgar/data/23217/000155837024009764/tmb-20240526x10k.htm"
  },
  {
    "date": "2023-05-28",
    "symbol": "CAG",
    "reportedCurrency": "USD",
    "cik": "0000023217",
    "fillingDate": "2023-07-13",
    "acceptedDate": "2023-07-13 16:31:03",
    "calendarYear": "2023",
    "period": "FY",
    "revenue": 12277000000,
    "costOfRevenue": 8993400000,
    "grossProfit": 3283600000,
    "grossProfitRatio": 0.2674594771,
    "researchAndDevelopmentExpenses": 57700000,
    "generalAndAdministrativeExpenses": 0,
    "sellingAndMarketingExpenses": 0,
    "sellingGeneralAndAdministrativeExpenses": 1352700000,
    "otherExpenses": 0,
    "operatingExpenses": 1410400000,
    "costAndExpenses": 10403800000,
    "interestIncome": 3900000,
    "interestExpense": 413500000,
    "depreciationAndAmortization": 369900000,
    "ebitda": 1470000000,
    "ebitdaratio": 0.1197360919,
    "operatingIncome": 1873200000,
    "operatingIncomeRatio": 0.1525779914,
    "totalOtherIncomeExpensesNet": -971300000,
    "incomeBeforeTax": 901900000,
    "incomeBeforeTaxRatio": 0.0734625723,
    "incomeTaxExpense": 218700000,
    "netIncome": 683600000,
    "netIncomeRatio": 0.0556813554,
    "eps": 1.43,
    "epsdiluted": 1.42,
    "weightedAverageShsOut": 478900000,
    "weightedAverageShsOutDil": 480700000,
    "link": "https://www.sec.gov/Archives/edgar/data/23217/000143774923019879/0001437749-23-019879-index.htm",
    "finalLink": "https://www.sec.gov/Archives/edgar/data/23217/000143774923019879/cag20230206_10k.htm"
  },
  {
    "date": "2022-05-29",
    "symbol": "CAG",
    "reportedCurrency": "USD",
    "cik": "0000023217",
    "fillingDate": "2022-07-21",
    "acceptedDate": "2022-07-21 16:31:57",
    "calendarYear": "2022",
    "period": "FY",
    "revenue": 11535900000,
    "costOfRevenue": 8712400000,
    "grossProfit": 2823500000,
    "grossProfitRatio": 0.2447576695,
    "researchAndDevelopmentExpenses": 53400000,
    "generalAndAdministrativeExpenses": 0,
    "sellingAndMarketingExpenses": 0,
    "sellingGeneralAndAdministrativeExpenses": 1063300000,
    "otherExpenses": 0,
    "operatingExpenses": 1116700000,
    "costAndExpenses": 9829100000,
    "interestIncome": 2100000,
    "interestExpense": 382000000,
    "depreciationAndAmortization": 375400000,
    "ebitda": 1787700000,
    "ebitdaratio": 0.154968403,
    "operatingIncome": 1706800000,
    "operatingIncomeRatio": 0.1479555128,
    "totalOtherIncomeExpensesNet": -528100000,
    "incomeBeforeTax": 1178700000,
    "incomeBeforeTaxRatio": 0.1021766832,
    "incomeTaxExpense": 290500000,
    "netIncome": 888200000,
    "netIncomeRatio": 0.0769944261,
    "eps": 1.85,
    "epsdiluted": 1.84,
    "weightedAverageShsOut": 480300000,
    "weightedAverageShsOutDil": 482200000,
    "link": "https://www.sec.gov/Archives/edgar/data/23217/000143774922017530/0001437749-22-017530-index.htm",
    "finalLink": "https://www.sec.gov/Archives/edgar/data/23217/000143774922017530/cag20220209_10k.htm"
  },
  {
    "date": "2021-05-30",
    "symbol": "CAG",
    "reportedCurrency": "USD",
    "cik": "0000023217",
    "fillingDate": "2021-07-23",
    "acceptedDate": "2021-07-23 16:02:21",
    "calendarYear": "2021",
    "period": "FY",
    "revenue": 11184700000,
    "costOfRevenue": 7783000000,
    "grossProfit": 3401700000,
    "grossProfitRatio": 0.3041386895,
    "researchAndDevelopmentExpenses": 51300000,
    "generalAndAdministrativeExpenses": 0,
    "sellingAndMarketingExpenses": 0,
    "sellingGeneralAndAdministrativeExpenses": 1189200000,
    "otherExpenses": 0,
    "operatingExpenses": 1240500000,
    "costAndExpenses": 9023500000,
    "interestIncome": 1900000,
    "interestExpense": 422300000,
    "depreciationAndAmortization": 387700000,
    "ebitda": 2217100000,
    "ebitdaratio": 0.1982261482,
    "operatingIncome": 2161200000,
    "operatingIncomeRatio": 0.1932282493,
    "totalOtherIncomeExpensesNet": -666500000,
    "incomeBeforeTax": 1494700000,
    "incomeBeforeTaxRatio": 0.1336379161,
    "incomeTaxExpense": 193800000,
    "netIncome": 1298800000,
    "netIncomeRatio": 0.1161229179,
    "eps": 2.67,
    "epsdiluted": 2.66,
    "weightedAverageShsOut": 485800000,
    "weightedAverageShsOutDil": 487800000,
    "link": "https://www.sec.gov/Archives/edgar/data/23217/000156459021037738/0001564590-21-037738-index.htm",
    "finalLink": "https://www.sec.gov/Archives/edgar/data/23217/000156459021037738/cag-10k_20210530.htm"
  },
  {
    "date": "2020-05-31",
    "symbol": "CAG",
    "reportedCurrency": "USD",
    "cik": "0000023217",
    "fillingDate": "2020-07-24",
    "acceptedDate": "2020-07-24 13:01:19",
    "calendarYear": "2020",
    "period": "FY",
    "revenue": 11054400000,
    "costOfRevenue": 7768800000,
    "grossProfit": 3285600000,
    "grossProfitRatio": 0.2972210161,
    "researchAndDevelopmentExpenses": 56400000,
    "generalAndAdministrativeExpenses": 0,
    "sellingAndMarketingExpenses": 0,
    "sellingGeneralAndAdministrativeExpenses": 1168000000,
    "otherExpenses": 0,
    "operatingExpenses": 1224400000,
    "costAndExpenses": 8993200000,
    "interestIncome": 3100000,
    "interestExpense": 490200000,
    "depreciationAndAmortization": 388900000,
    "ebitda": 1845699999,
    "ebitdaratio": 0.1669651902,
    "operatingIncome": 2061199999,
    "operatingIncomeRatio": 0.1864596902,
    "totalOtherIncomeExpensesNet": -1018099999,
    "incomeBeforeTax": 1043100000,
    "incomeBeforeTaxRatio": 0.0943606166,
    "incomeTaxExpense": 201300000,
    "netIncome": 840100000,
    "netIncomeRatio": 0.0759968881,
    "eps": 1.72,
    "epsdiluted": 1.72,
    "weightedAverageShsOut": 487300000,
    "weightedAverageShsOutDil": 488600000,
    "link": "https://www.sec.gov/Archives/edgar/data/23217/000156459020033366/0001564590-20-033366-index.htm",
    "finalLink": "https://www.sec.gov/Archives/edgar/data/23217/000156459020033366/cag-10k_20200531.htm"
  },
  {
    "date": "2019-05-26",
    "symbol": "CAG",
    "reportedCurrency": "USD",
    "cik": "0000023217",
    "fillingDate": "2019-07-19",
    "acceptedDate": "2019-07-19 10:14:35",
    "calendarYear": "2019",
    "period": "FY",
    "revenue": 9538400000,
    "costOfRevenue": 6878100000,
    "grossProfit": 2660300000,
    "grossProfitRatio": 0.2789042187,
    "researchAndDevelopmentExpenses": 56100000,
    "generalAndAdministrativeExpenses": 0,
    "sellingAndMarketingExpenses": 0,
    "sellingGeneralAndAdministrativeExpenses": 1199800000,
    "otherExpenses": 0,
    "operatingExpenses": 1255900000,
    "costAndExpenses": 8134000000,
    "interestIncome": 6800000,
    "interestExpense": 398200000,
    "depreciationAndAmortization": 333000000,
    "ebitda": 1552600000,
    "ebitdaratio": 0.1627736308,
    "operatingIncome": 1404400000,
    "operatingIncomeRatio": 0.1472364338,
    "totalOtherIncomeExpensesNet": -505300000,
    "incomeBeforeTax": 899100000,
    "incomeBeforeTaxRatio": 0.094261092,
    "incomeTaxExpense": 218800000,
    "netIncome": 678300000,
    "netIncomeRatio": 0.0711125556,
    "eps": 1.53,
    "epsdiluted": 1.52,
    "weightedAverageShsOut": 444000000,
    "weightedAverageShsOutDil": 445600000,
    "link": "https://www.sec.gov/Archives/edgar/data/23217/000002321719000006/0000023217-19-000006-index.htm",
    "finalLink": "https://www.sec.gov/Archives/edgar/data/23217/000002321719000006/cag-2019x10k.htm"
  },
  {
    "date": "2018-05-27",
    "symbol": "CAG",
    "reportedCurrency": "USD",
    "cik": "0000023217",
    "fillingDate": "2018-07-20",
    "acceptedDate": "2018-07-20 12:27:09",
    "calendarYear": "2018",
    "period": "FY",
    "revenue": 7938300000,
    "costOfRevenue": 5585900000,
    "grossProfit": 2352400000,
    "grossProfitRatio": 0.2963354874,
    "researchAndDevelopmentExpenses": 47300000,
    "generalAndAdministrativeExpenses": 0,
    "sellingAndMarketingExpenses": 0,
    "sellingGeneralAndAdministrativeExpenses": 1350000000,
    "otherExpenses": 0,
    "operatingExpenses": 1397300000,
    "costAndExpenses": 6983200000,
    "interestIncome": 3800000,
    "interestExpense": 162500000,
    "depreciationAndAmortization": 257000000,
    "ebitda": 1294400000,
    "ebitdaratio": 0.1630575816,
    "operatingIncome": 955100000,
    "operatingIncomeRatio": 0.1203154328,
    "totalOtherIncomeExpensesNet": 17000000,
    "incomeBeforeTax": 972100000,
    "incomeBeforeTaxRatio": 0.1224569492,
    "incomeTaxExpense": 174600000,
    "netIncome": 808400000,
    "netIncomeRatio": 0.1018354056,
    "eps": 2,
    "epsdiluted": 1.98,
    "weightedAverageShsOut": 403900000,
    "weightedAverageShsOutDil": 407400000,
    "link": "https://www.sec.gov/Archives/edgar/data/23217/000002321718000005/0000023217-18-000005-index.htm",
    "finalLink": "https://www.sec.gov/Archives/edgar/data/23217/000002321718000005/cag-2018x10k.htm"
  },
  {
    "date": "2017-05-28",
    "symbol": "CAG",
    "reportedCurrency": "USD",
    "cik": "0000023217",
    "fillingDate": "2017-07-21",
    "acceptedDate": "2017-07-21 12:13:08",
    "calendarYear": "2017",
    "period": "FY",
    "revenue": 7826900000,
    "costOfRevenue": 5468200000,
    "grossProfit": 2358700000,
    "grossProfitRatio": 0.3013581367,
    "researchAndDevelopmentExpenses": 44600000,
    "generalAndAdministrativeExpenses": 0,
    "sellingAndMarketingExpenses": 0,
    "sellingGeneralAndAdministrativeExpenses": 1191100000,
    "otherExpenses": 0,
    "operatingExpenses": 1235700000,
    "costAndExpenses": 6703900000,
    "interestIncome": 3700000,
    "interestExpense": 199200000,
    "depreciationAndAmortization": 268000000,
    "ebitda": 1196500000,
    "ebitdaratio": 0.1528702296,
    "operatingIncome": 1123000000,
    "operatingIncomeRatio": 0.1434795385,
    "totalOtherIncomeExpensesNet": -322300000,
    "incomeBeforeTax": 800700000,
    "incomeBeforeTaxRatio": 0.1023010387,
    "incomeTaxExpense": 254700000,
    "netIncome": 639300000,
    "netIncomeRatio": 0.0816798477,
    "eps": 1.48,
    "epsdiluted": 1.46,
    "weightedAverageShsOut": 431900000,
    "weightedAverageShsOutDil": 436000000,
    "link": "https://www.sec.gov/Archives/edgar/data/23217/000162828017007184/0001628280-17-007184-index.htm",
    "finalLink": "https://www.sec.gov/Archives/edgar/data/23217/000162828017007184/cag-2017x10k.htm"
  },
  {
    "date": "2016-05-29",
    "symbol": "CAG",
    "reportedCurrency": "USD",
    "cik": "0000023217",
    "fillingDate": "2016-07-15",
    "acceptedDate": "2016-07-15 14:11:01",
    "calendarYear": "2016",
    "period": "FY",
    "revenue": 8664100000,
    "costOfRevenue": 6227500000,
    "grossProfit": 2436600000,
    "grossProfitRatio": 0.281229441,
    "researchAndDevelopmentExpenses": 59600000,
    "generalAndAdministrativeExpenses": 0,
    "sellingAndMarketingExpenses": 0,
    "sellingGeneralAndAdministrativeExpenses": 1636000000,
    "otherExpenses": 0,
    "operatingExpenses": 1695600000,
    "costAndExpenses": 7923100000,
    "interestIncome": 1200000,
    "interestExpense": 297000000,
    "depreciationAndAmortization": 278500000,
    "ebitda": 682200000,
    "ebitdaratio": 0.0787387034,
    "operatingIncome": 741000000,
    "operatingIncomeRatio": 0.0855253287,
    "totalOtherIncomeExpensesNet": -566100000,
    "incomeBeforeTax": 174899999,
    "incomeBeforeTaxRatio": 0.0201867475,
    "incomeTaxExpense": 46400000,
    "netIncome": -677000000,
    "netIncomeRatio": -0.0781385256,
    "eps": -1.57,
    "epsdiluted": -1.57,
    "weightedAverageShsOut": 434400000,
    "weightedAverageShsOutDil": 438500000,
    "link": "https://www.sec.gov/Archives/edgar/data/23217/000162828016017613/0001628280-16-017613-index.htm",
    "finalLink": "https://www.sec.gov/Archives/edgar/data/23217/000162828016017613/cag-2016x10k.htm"
  },
  {
    "date": "2015-05-31",
    "symbol": "CAG",
    "reportedCurrency": "USD",
    "cik": "0000023217",
    "fillingDate": "2015-07-17",
    "acceptedDate": "2015-07-17 11:41:34",
    "calendarYear": "2015",
    "period": "FY",
    "revenue": 9034000000,
    "costOfRevenue": 8982200000,
    "grossProfit": 2954800000,
    "grossProfitRatio": 0.3270754926,
    "researchAndDevelopmentExpenses": 70400000,
    "generalAndAdministrativeExpenses": 0,
    "sellingAndMarketingExpenses": 0,
    "sellingGeneralAndAdministrativeExpenses": 1480900000,
    "otherExpenses": 0,
    "operatingExpenses": 1551300000,
    "costAndExpenses": 10533500000,
    "interestIncome": 1000000,
    "interestExpense": 329200000,
    "depreciationAndAmortization": 284600000,
    "ebitda": 1711400000,
    "ebitdaratio": 0.1894398937,
    "operatingIncome": 1403500000,
    "operatingIncomeRatio": 0.1553575382,
    "totalOtherIncomeExpensesNet": -281100000,
    "incomeBeforeTax": 1122400000,
    "incomeBeforeTaxRatio": 0.1242417534,
    "incomeTaxExpense": 212700000,
    "netIncome": -252600000,
    "netIncomeRatio": -0.0279610361,
    "eps": -0.6,
    "epsdiluted": -0.6,
    "weightedAverageShsOut": 426100000,
    "weightedAverageShsOutDil": 426100000,
    "link": "https://www.sec.gov/Archives/edgar/data/23217/000162828015005333/0001628280-15-005333-index.htm",
    "finalLink": "https://www.sec.gov/Archives/edgar/data/23217/000162828015005333/cag-2015x10k.htm"
  },
  {
    "date": "2014-05-25",
    "symbol": "CAG",
    "reportedCurrency": "USD",
    "cik": "0000023217",
    "fillingDate": "2014-07-16",
    "acceptedDate": "2014-07-16 15:17:50",
    "calendarYear": "2014",
    "period": "FY",
    "revenue": 11838200000,
    "costOfRevenue": 12358500000,
    "grossProfit": 3485100000,
    "grossProfitRatio": 0.2943944181,
    "researchAndDevelopmentExpenses": 101800000,
    "generalAndAdministrativeExpenses": 0,
    "sellingAndMarketingExpenses": -988200000,
    "sellingGeneralAndAdministrativeExpenses": 2690400000,
    "otherExpenses": 0,
    "operatingExpenses": 2792200000,
    "costAndExpenses": 15150700000,
    "interestIncome": 2300000,
    "interestExpense": 379800000,
    "depreciationAndAmortization": 354600000,
    "ebitda": 1320400000,
    "ebitdaratio": 0.1115372269,
    "operatingIncome": 692900000,
    "operatingIncomeRatio": 0.0585308577,
    "totalOtherIncomeExpensesNet": -299100000,
    "incomeBeforeTax": 393800000,
    "incomeBeforeTaxRatio": 0.0332651923,
    "incomeTaxExpense": 178300000,
    "netIncome": 303100000,
    "netIncomeRatio": 0.0256035546,
    "eps": 0.72,
    "epsdiluted": 0.7,
    "weightedAverageShsOut": 421300000,
    "weightedAverageShsOutDil": 427500000,
    "link": "https://www.sec.gov/Archives/edgar/data/23217/000002321714000009/0000023217-14-000009-index.htm",
    "finalLink": "https://www.sec.gov/Archives/edgar/data/23217/000002321714000009/cag-2014x10k.htm"
  },
  {
    "date": "2013-05-26",
    "symbol": "CAG",
    "reportedCurrency": "USD",
    "cik": "0000023217",
    "fillingDate": "2013-07-19",
    "acceptedDate": "2013-07-19 09:43:02",
    "calendarYear": "2013",
    "period": "FY",
    "revenue": 13469300000,
    "costOfRevenue": 12080300000,
    "grossProfit": 3422600000,
    "grossProfitRatio": 0.2541037767,
    "researchAndDevelopmentExpenses": 93100000,
    "generalAndAdministrativeExpenses": 0,
    "sellingAndMarketingExpenses": 0,
    "sellingGeneralAndAdministrativeExpenses": 1868800000,
    "otherExpenses": 0,
    "operatingExpenses": 1961900000,
    "costAndExpenses": 14042200000,
    "interestIncome": 2900000,
    "interestExpense": 279100000,
    "depreciationAndAmortization": 418600000,
    "ebitda": 1863400000,
    "ebitdaratio": 0.1383442347,
    "operatingIncome": 1460700000,
    "operatingIncomeRatio": 0.1084466156,
    "totalOtherIncomeExpensesNet": -274400000,
    "incomeBeforeTax": 1186300000,
    "incomeBeforeTaxRatio": 0.0880743617,
    "incomeTaxExpense": 361900000,
    "netIncome": 773900000,
    "netIncomeRatio": 0.0574565865,
    "eps": 1.88,
    "epsdiluted": 1.85,
    "weightedAverageShsOut": 410800000,
    "weightedAverageShsOutDil": 417600000,
    "link": "https://www.sec.gov/Archives/edgar/data/23217/000144530513001653/0001445305-13-001653-index.htm",
    "finalLink": "https://www.sec.gov/Archives/edgar/data/23217/000144530513001653/cag-2013x10k.htm"
  },
  {
    "date": "2012-05-27",
    "symbol": "CAG",
    "reportedCurrency": "USD",
    "cik": "0000023217",
    "fillingDate": "2012-07-20",
    "acceptedDate": "2012-07-20 11:02:21",
    "calendarYear": "2012",
    "period": "FY",
    "revenue": 13331100000,
    "costOfRevenue": 10477100000,
    "grossProfit": 2791900000,
    "grossProfitRatio": 0.2094275791,
    "researchAndDevelopmentExpenses": 86000000,
    "generalAndAdministrativeExpenses": 0,
    "sellingAndMarketingExpenses": 0,
    "sellingGeneralAndAdministrativeExpenses": 1864900000,
    "otherExpenses": 0,
    "operatingExpenses": 1950900000,
    "costAndExpenses": 12428000000,
    "interestIncome": 4000000,
    "interestExpense": 208000000,
    "depreciationAndAmortization": 370900000,
    "ebitda": 1205000000,
    "ebitdaratio": 0.0903901403,
    "operatingIncome": 841000000,
    "operatingIncomeRatio": 0.0630855668,
    "totalOtherIncomeExpensesNet": -170900000,
    "incomeBeforeTax": 670100000,
    "incomeBeforeTaxRatio": 0.0502659195,
    "incomeTaxExpense": 191700000,
    "netIncome": 467900000,
    "netIncomeRatio": 0.035098379,
    "eps": 1.13,
    "epsdiluted": 1.12,
    "weightedAverageShsOut": 412900000,
    "weightedAverageShsOutDil": 418300000,
    "link": "https://www.sec.gov/Archives/edgar/data/23217/000119312512308387/0001193125-12-308387-index.htm",
    "finalLink": "https://www.sec.gov/Archives/edgar/data/23217/000119312512308387/d357714d10k.htm"
  },
  {
    "date": "2011-05-29",
    "symbol": "CAG",
    "reportedCurrency": "USD",
    "cik": "0000023217",
    "fillingDate": "2011-07-19",
    "acceptedDate": "2011-07-19 15:15:45",
    "calendarYear": "2011",
    "period": "FY",
    "revenue": 12386100000,
    "costOfRevenue": 9426600000,
    "grossProfit": 2876500000,
    "grossProfitRatio": 0.2322361357,
    "researchAndDevelopmentExpenses": 81400000,
    "generalAndAdministrativeExpenses": 0,
    "sellingAndMarketingExpenses": 0,
    "sellingGeneralAndAdministrativeExpenses": 1495100000,
    "otherExpenses": 0,
    "operatingExpenses": 1576500000,
    "costAndExpenses": 11003100000,
    "interestIncome": 42200000,
    "interestExpense": 219700000,
    "depreciationAndAmortization": 360900000,
    "ebitda": 1805500000,
    "ebitdaratio": 0.1457682402,
    "operatingIncome": 1300000000,
    "operatingIncomeRatio": 0.1049563624,
    "totalOtherIncomeExpensesNet": -48700000,
    "incomeBeforeTax": 1251300000,
    "incomeBeforeTaxRatio": 0.1010245356,
    "incomeTaxExpense": 421600000,
    "netIncome": 817600000,
    "netIncomeRatio": 0.0660094784,
    "eps": 1.9,
    "epsdiluted": 1.88,
    "weightedAverageShsOut": 429700000,
    "weightedAverageShsOutDil": 434300000,
    "link": "https://www.sec.gov/Archives/edgar/data/23217/000095012311066520/0000950123-11-066520-index.htm",
    "finalLink": "https://www.sec.gov/Archives/edgar/data/23217/000095012311066520/c64679e10vk.htm"
  },
  {
    "date": "2010-05-30",
    "symbol": "CAG",
    "reportedCurrency": "USD",
    "cik": "0000023217",
    "fillingDate": "2010-07-22",
    "acceptedDate": "2010-07-22 11:36:17",
    "calendarYear": "2010",
    "period": "FY",
    "revenue": 12014900000,
    "costOfRevenue": 9148400000,
    "grossProfit": 2931000000,
    "grossProfitRatio": 0.243947099,
    "researchAndDevelopmentExpenses": 77900000,
    "generalAndAdministrativeExpenses": 0,
    "sellingAndMarketingExpenses": 0,
    "sellingGeneralAndAdministrativeExpenses": 1712900000,
    "otherExpenses": 0,
    "operatingExpenses": 1790800000,
    "costAndExpenses": 10939200000,
    "interestIncome": 85200000,
    "interestExpense": 245600000,
    "depreciationAndAmortization": 324100000,
    "ebitda": 1657200000,
    "ebitdaratio": 0.1379287385,
    "operatingIncome": 1140200000,
    "operatingIncomeRatio": 0.0948988339,
    "totalOtherIncomeExpensesNet": -33300000,
    "incomeBeforeTax": 1106900000,
    "incomeBeforeTaxRatio": 0.0921272753,
    "incomeTaxExpense": 360900000,
    "netIncome": 725800000,
    "netIncomeRatio": 0.0604083263,
    "eps": 1.63,
    "epsdiluted": 1.62,
    "weightedAverageShsOut": 443600000,
    "weightedAverageShsOutDil": 447100000,
    "link": "https://www.sec.gov/Archives/edgar/data/23217/000095012310067148/0000950123-10-067148-index.htm",
    "finalLink": "https://www.sec.gov/Archives/edgar/data/23217/000095012310067148/c58842e10vk.htm"
  },
  {
    "date": "2009-05-31",
    "symbol": "CAG",
    "reportedCurrency": "USD",
    "cik": "0000023217",
    "fillingDate": "2009-07-24",
    "acceptedDate": "2009-07-24 10:39:32",
    "calendarYear": "2009",
    "period": "FY",
    "revenue": 12426100000,
    "costOfRevenue": 9890600000,
    "grossProfit": 2840600000,
    "grossProfitRatio": 0.2285994801,
    "researchAndDevelopmentExpenses": 80600000,
    "generalAndAdministrativeExpenses": 0,
    "sellingAndMarketingExpenses": 0,
    "sellingGeneralAndAdministrativeExpenses": 1592200000,
    "otherExpenses": 0,
    "operatingExpenses": 1672800000,
    "costAndExpenses": 11563400000,
    "interestIncome": 0,
    "interestExpense": 0,
    "depreciationAndAmortization": 307600000,
    "ebitda": 1542900000,
    "ebitdaratio": 0.1241660698,
    "operatingIncome": 1167800000,
    "operatingIncomeRatio": 0.0939796074,
    "totalOtherIncomeExpensesNet": -184200000,
    "incomeBeforeTax": 983600000,
    "incomeBeforeTaxRatio": 0.0791559701,
    "incomeTaxExpense": 318600000,
    "netIncome": 978400000,
    "netIncomeRatio": 0.0787374961,
    "eps": 2.16,
    "epsdiluted": 2.15,
    "weightedAverageShsOut": 452900000,
    "weightedAverageShsOutDil": 455400000,
    "link": "https://www.sec.gov/Archives/edgar/data/23217/000095012309025102/0000950123-09-025102-index.htm",
    "finalLink": "https://www.sec.gov/Archives/edgar/data/23217/000095012309025102/c52384e10vk.htm"
  },
  {
    "date": "2008-05-25",
    "symbol": "CAG",
    "reportedCurrency": "USD",
    "cik": "0000023217",
    "fillingDate": "2008-07-23",
    "acceptedDate": "2008-07-23 15:05:36",
    "calendarYear": "2008",
    "period": "FY",
    "revenue": 11563500000,
    "costOfRevenue": 8886100000,
    "grossProfit": 2719600000,
    "grossProfitRatio": 0.235188308,
    "researchAndDevelopmentExpenses": 68900000,
    "generalAndAdministrativeExpenses": 0,
    "sellingAndMarketingExpenses": 0,
    "sellingGeneralAndAdministrativeExpenses": 1654200000,
    "otherExpenses": 0,
    "operatingExpenses": 1723100000,
    "costAndExpenses": 10609200000,
    "interestIncome": 0,
    "interestExpense": 0,
    "depreciationAndAmortization": 296100000,
    "ebitda": 1255300000,
    "ebitdaratio": 0.1085570978,
    "operatingIncome": 996500000,
    "operatingIncomeRatio": 0.0861763307,
    "totalOtherIncomeExpensesNet": -250600000,
    "incomeBeforeTax": 745900000,
    "incomeBeforeTaxRatio": 0.0645046915,
    "incomeTaxExpense": 227300000,
    "netIncome": 930600000,
    "netIncomeRatio": 0.0804773641,
    "eps": 1.91,
    "epsdiluted": 1.9,
    "weightedAverageShsOut": 487500000,
    "weightedAverageShsOutDil": 490900000,
    "link": "https://www.sec.gov/Archives/edgar/data/23217/000119312508156175/0001193125-08-156175-index.htm",
    "finalLink": "https://www.sec.gov/Archives/edgar/data/23217/000119312508156175/d10k.htm"
  },
  {
    "date": "2007-05-27",
    "symbol": "CAG",
    "reportedCurrency": "USD",
    "cik": "0000023217",
    "fillingDate": "2007-07-25",
    "acceptedDate": "2007-07-25 15:58:18",
    "calendarYear": "2007",
    "period": "FY",
    "revenue": 10531700000,
    "costOfRevenue": 8843500000,
    "grossProfit": 3184700000,
    "grossProfitRatio": 0.3023918266,
    "researchAndDevelopmentExpenses": 68300000,
    "generalAndAdministrativeExpenses": 0,
    "sellingAndMarketingExpenses": 0,
    "sellingGeneralAndAdministrativeExpenses": 1822300000,
    "otherExpenses": 0,
    "operatingExpenses": 1890600000,
    "costAndExpenses": 10734100000,
    "interestIncome": 0,
    "interestExpense": 0,
    "depreciationAndAmortization": 335300000,
    "ebitda": 1621700000,
    "ebitdaratio": 0.1539827378,
    "operatingIncome": 1294100000,
    "operatingIncomeRatio": 0.1228766486,
    "totalOtherIncomeExpensesNet": -244600000,
    "incomeBeforeTax": 1049500000,
    "incomeBeforeTaxRatio": 0.0996515282,
    "incomeTaxExpense": 245500000,
    "netIncome": 764600000,
    "netIncomeRatio": 0.0725998652,
    "eps": 1.52,
    "epsdiluted": 1.51,
    "weightedAverageShsOut": 503026316,
    "weightedAverageShsOutDil": 506357616,
    "link": "https://www.sec.gov/Archives/edgar/data/23217/000119312507161690/0001193125-07-161690-index.htm",
    "finalLink": "https://www.sec.gov/Archives/edgar/data/23217/000119312507161690/d10k.htm"
  },
  {
    "date": "2006-05-28",
    "symbol": "CAG",
    "reportedCurrency": "USD",
    "cik": "0000023217",
    "fillingDate": "2006-07-28",
    "acceptedDate": "2006-07-28 12:34:27",
    "calendarYear": "2006",
    "period": "FY",
    "revenue": 10251400000,
    "costOfRevenue": 8638600000,
    "grossProfit": 2843400000,
    "grossProfitRatio": 0.2773669938,
    "researchAndDevelopmentExpenses": 54100000,
    "generalAndAdministrativeExpenses": 0,
    "sellingAndMarketingExpenses": 0,
    "sellingGeneralAndAdministrativeExpenses": 1617800000,
    "otherExpenses": 0,
    "operatingExpenses": 1671900000,
    "costAndExpenses": 10310500000,
    "interestIncome": 0,
    "interestExpense": 0,
    "depreciationAndAmortization": 300300000,
    "ebitda": 1563000000,
    "ebitdaratio": 0.1524669801,
    "operatingIncome": 1171500000,
    "operatingIncomeRatio": 0.1142770744,
    "totalOtherIncomeExpensesNet": -276200000,
    "incomeBeforeTax": 895300000,
    "incomeBeforeTaxRatio": 0.0873344129,
    "incomeTaxExpense": 235000000,
    "netIncome": 533800000,
    "netIncomeRatio": 0.0520709367,
    "eps": 1.03,
    "epsdiluted": 1.03,
    "weightedAverageShsOut": 518252427,
    "weightedAverageShsOutDil": 518252427,
    "link": "https://www.sec.gov/Archives/edgar/data/23217/000110465906049523/0001104659-06-049523-index.htm",
    "finalLink": "https://www.sec.gov/Archives/edgar/data/23217/000110465906049523/a06-16588_110k.htm"
  },
  {
    "date": "2005-05-29",
    "symbol": "CAG",
    "reportedCurrency": "USD",
    "cik": "0000023217",
    "fillingDate": "2006-07-28",
    "acceptedDate": "2006-07-28 12:21:35",
    "calendarYear": "2005",
    "period": "FY",
    "revenue": 11383800000,
    "costOfRevenue": 8656000000,
    "grossProfit": 2847700000,
    "grossProfitRatio": 0.2501537272,
    "researchAndDevelopmentExpenses": 63800000,
    "generalAndAdministrativeExpenses": 0,
    "sellingAndMarketingExpenses": 0,
    "sellingGeneralAndAdministrativeExpenses": 1518400000,
    "otherExpenses": 0,
    "operatingExpenses": 1582200000,
    "costAndExpenses": 10238200000,
    "interestIncome": 0,
    "interestExpense": 0,
    "depreciationAndAmortization": 286900000,
    "ebitda": 1626600000,
    "ebitdaratio": 0.1428872608,
    "operatingIncome": 1265500000,
    "operatingIncomeRatio": 0.1111667457,
    "totalOtherIncomeExpensesNet": -292000000,
    "incomeBeforeTax": 973500000,
    "incomeBeforeTaxRatio": 0.0855162599,
    "incomeTaxExpense": 403700000,
    "netIncome": 641500000,
    "netIncomeRatio": 0.056352009,
    "eps": 1.24,
    "epsdiluted": 1.23,
    "weightedAverageShsOut": 517338710,
    "weightedAverageShsOutDil": 521544715,
    "link": "https://www.sec.gov/Archives/edgar/data/23217/000090044006000132/0000900440-06-000132-index.htm",
    "finalLink": "https://www.sec.gov/Archives/edgar/data/23217/000090044006000132/cag10-ka.htm"
  },
  {
    "date": "2004-05-30",
    "symbol": "CAG",
    "reportedCurrency": "USD",
    "cik": "0000023217",
    "fillingDate": "2004-08-05",
    "acceptedDate": "2004-08-05 12:02:51",
    "calendarYear": "2004",
    "period": "FY",
    "revenue": 10926300000,
    "costOfRevenue": 8136600000,
    "grossProfit": 2789700000,
    "grossProfitRatio": 0.2553197331,
    "researchAndDevelopmentExpenses": 0,
    "generalAndAdministrativeExpenses": 0,
    "sellingAndMarketingExpenses": 0,
    "sellingGeneralAndAdministrativeExpenses": 1699800000,
    "otherExpenses": 0,
    "operatingExpenses": 1699800000,
    "costAndExpenses": 9836400000,
    "interestIncome": 0,
    "interestExpense": 0,
    "depreciationAndAmortization": 269800000,
    "ebitda": 1359700000,
    "ebitdaratio": 0.1244428581,
    "operatingIncome": 1089900000,
    "operatingIncomeRatio": 0.0997501441,
    "totalOtherIncomeExpensesNet": -274900000,
    "incomeBeforeTax": 815000000,
    "incomeBeforeTaxRatio": 0.0745906666,
    "incomeTaxExpense": 319300000,
    "netIncome": 811300000,
    "netIncomeRatio": 0.0742520341,
    "eps": 1.54,
    "epsdiluted": 1.53,
    "weightedAverageShsOut": 527200000,
    "weightedAverageShsOutDil": 530700000,
    "link": "https://www.sec.gov/Archives/edgar/data/23217/000110465904022554/0001104659-04-022554-index.htm",
    "finalLink": "https://www.sec.gov/Archives/edgar/data/23217/000110465904022554/a04-7990_110k.htm"
  },
  {
    "date": "2003-05-25",
    "symbol": "CAG",
    "reportedCurrency": "USD",
    "cik": "0000023217",
    "fillingDate": "2003-08-08",
    "acceptedDate": "2003-08-08 14:40:48",
    "calendarYear": "2003",
    "period": "FY",
    "revenue": 16533600000,
    "costOfRevenue": 13146200000,
    "grossProfit": 3387400000,
    "grossProfitRatio": 0.20487976,
    "researchAndDevelopmentExpenses": 0,
    "generalAndAdministrativeExpenses": 0,
    "sellingAndMarketingExpenses": 0,
    "sellingGeneralAndAdministrativeExpenses": 1901100000,
    "otherExpenses": 0,
    "operatingExpenses": 1901100000,
    "costAndExpenses": 15047300000,
    "interestIncome": 0,
    "interestExpense": 0,
    "depreciationAndAmortization": 368900000,
    "ebitda": 1855200000,
    "ebitdaratio": 0.1122078676,
    "operatingIncome": 1486300000,
    "operatingIncomeRatio": 0.0898957275,
    "totalOtherIncomeExpensesNet": -274700000,
    "incomeBeforeTax": 1211600000,
    "incomeBeforeTaxRatio": 0.0732810761,
    "incomeTaxExpense": 445700000,
    "netIncome": 763800000,
    "netIncomeRatio": 0.0461968355,
    "eps": 1.44,
    "epsdiluted": 1.44,
    "weightedAverageShsOut": 528600000,
    "weightedAverageShsOutDil": 530700000,
    "link": "https://www.sec.gov/Archives/edgar/data/23217/000110465903017219/0001104659-03-017219-index.htm",
    "finalLink": "https://www.sec.gov/Archives/edgar/data/23217/000110465903017219/a03-1859_110k.htm"
  },
  {
    "date": "2002-05-26",
    "symbol": "CAG",
    "reportedCurrency": "USD",
    "cik": "0000023217",
    "fillingDate": "2002-08-23",
    "acceptedDate": "2002-08-23 13:43:08",
    "calendarYear": "2002",
    "period": "FY",
    "revenue": 22335500000,
    "costOfRevenue": 18775000000,
    "grossProfit": 3560500000,
    "grossProfitRatio": 0.159409908,
    "researchAndDevelopmentExpenses": 0,
    "generalAndAdministrativeExpenses": 0,
    "sellingAndMarketingExpenses": 0,
    "sellingGeneralAndAdministrativeExpenses": 1972000000,
    "otherExpenses": 0,
    "operatingExpenses": 1972000000,
    "costAndExpenses": 20747000000,
    "interestIncome": 0,
    "interestExpense": 0,
    "depreciationAndAmortization": 536600000,
    "ebitda": 2125100000,
    "ebitdaratio": 0.0951445009,
    "operatingIncome": 1588500000,
    "operatingIncomeRatio": 0.071119966,
    "totalOtherIncomeExpensesNet": -365900000,
    "incomeBeforeTax": 1222600000,
    "incomeBeforeTaxRatio": 0.0547379732,
    "incomeTaxExpense": 460200000,
    "netIncome": 783000000,
    "netIncomeRatio": 0.0350563005,
    "eps": 1.48,
    "epsdiluted": 1.47,
    "weightedAverageShsOut": 525800000,
    "weightedAverageShsOutDil": 528000000,
    "link": "https://www.sec.gov/Archives/edgar/data/23217/000091205702033303/0000912057-02-033303-index.htm",
    "finalLink": "https://www.sec.gov/Archives/edgar/data/23217/000091205702033303/a2087784z10-k.htm"
  },
  {
    "date": "2001-05-27",
    "symbol": "CAG",
    "reportedCurrency": "USD",
    "cik": "0000023217",
    "fillingDate": "2001-08-24",
    "acceptedDate": "2001-08-24 00:00:00",
    "calendarYear": "2001",
    "period": "FY",
    "revenue": 25060500000,
    "costOfRevenue": 21288300000,
    "grossProfit": 3772200000,
    "grossProfitRatio": 0.1505237326,
    "researchAndDevelopmentExpenses": 0,
    "generalAndAdministrativeExpenses": 0,
    "sellingAndMarketingExpenses": 0,
    "sellingGeneralAndAdministrativeExpenses": 2274000000,
    "otherExpenses": 0,
    "operatingExpenses": 2274000000,
    "costAndExpenses": 23562300000,
    "interestIncome": 0,
    "interestExpense": 0,
    "depreciationAndAmortization": 538400000,
    "ebitda": 2036600000,
    "ebitdaratio": 0.0812673331,
    "operatingIncome": 1498200000,
    "operatingIncomeRatio": 0.0597833244,
    "totalOtherIncomeExpensesNet": -422500000,
    "incomeBeforeTax": 1075700000,
    "incomeBeforeTaxRatio": 0.0429241236,
    "incomeTaxExpense": 412800000,
    "netIncome": 638600000,
    "netIncomeRatio": 0.0254823328,
    "eps": 1.25,
    "epsdiluted": 1.25,
    "weightedAverageShsOut": 511600000,
    "weightedAverageShsOutDil": 514300000,
    "link": "https://www.sec.gov/Archives/edgar/data/23217/000091205701530190/0000912057-01-530190-index.htm",
    "finalLink": "https://www.sec.gov/Archives/edgar/data/23217/000091205701530190/a2057835z10-k405.htm"
  },
  {
    "date": "2000-05-28",
    "symbol": "CAG",
    "reportedCurrency": "USD",
    "cik": "0000023217",
    "fillingDate": "2000-08-25",
    "acceptedDate": "2000-08-25 00:00:00",
    "calendarYear": "2000",
    "period": "FY",
    "revenue": 25534600000,
    "costOfRevenue": 22182900000,
    "grossProfit": 3351700000,
    "grossProfitRatio": 0.1312611124,
    "researchAndDevelopmentExpenses": 0,
    "generalAndAdministrativeExpenses": 0,
    "sellingAndMarketingExpenses": 0,
    "sellingGeneralAndAdministrativeExpenses": 2108100000,
    "otherExpenses": 0,
    "operatingExpenses": 2108100000,
    "costAndExpenses": 24291000000,
    "interestIncome": 0,
    "interestExpense": 0,
    "depreciationAndAmortization": 536500000,
    "ebitda": 1780100000,
    "ebitdaratio": 0.0697132518,
    "operatingIncome": 1243600000,
    "operatingIncomeRatio": 0.0487025448,
    "totalOtherIncomeExpensesNet": -626000000,
    "incomeBeforeTax": 617600000,
    "incomeBeforeTaxRatio": 0.0241867897,
    "incomeTaxExpense": 235300000,
    "netIncome": 382300000,
    "netIncomeRatio": 0.0149718421,
    "eps": 0.8,
    "epsdiluted": 0.8,
    "weightedAverageShsOut": 475700000,
    "weightedAverageShsOutDil": 478600000,
    "link": "https://www.sec.gov/Archives/edgar/data/23217/000091205700039144/0000912057-00-039144-index.htm",
    "finalLink": "https://www.sec.gov/Archives/edgar/data/23217/000091205700039144/a10-k.txt"
  },
  {
    "date": "1999-05-30",
    "symbol": "CAG",
    "reportedCurrency": "USD",
    "cik": "0000023217",
    "fillingDate": "1999-08-25",
    "acceptedDate": "1999-08-25 00:00:00",
    "calendarYear": "1999",
    "period": "FY",
    "revenue": 24844400000,
    "costOfRevenue": 21540500000,
    "grossProfit": 3303900000,
    "grossProfitRatio": 0.1329836905,
    "researchAndDevelopmentExpenses": 0,
    "generalAndAdministrativeExpenses": 0,
    "sellingAndMarketingExpenses": 0,
    "sellingGeneralAndAdministrativeExpenses": 1910900000,
    "otherExpenses": 0,
    "operatingExpenses": 1910900000,
    "costAndExpenses": 23451400000,
    "interestIncome": 0,
    "interestExpense": 0,
    "depreciationAndAmortization": 499800000,
    "ebitda": 1892800000,
    "ebitdaratio": 0.0761861828,
    "operatingIncome": 1393000000,
    "operatingIncomeRatio": 0.0560689733,
    "totalOtherIncomeExpensesNet": -757400000,
    "incomeBeforeTax": 635600000,
    "incomeBeforeTaxRatio": 0.02558323,
    "incomeTaxExpense": 305400000,
    "netIncome": 330200000,
    "netIncomeRatio": 0.0132907215,
    "eps": 0.66,
    "epsdiluted": 0.65,
    "weightedAverageShsOut": 471578947,
    "weightedAverageShsOutDil": 477866667,
    "link": "https://www.sec.gov/Archives/edgar/data/23217/000104746999033682/0001047469-99-033682-index.html",
    "finalLink": "https://www.sec.gov/Archives/edgar/data/23217/000104746999033682/"
  },
  {
    "date": "1998-05-31",
    "symbol": "CAG",
    "reportedCurrency": "USD",
    "cik": "0000023217",
    "fillingDate": "1998-08-28",
    "acceptedDate": "1998-08-28 00:00:00",
    "calendarYear": "1998",
    "period": "FY",
    "revenue": 24544600000,
    "costOfRevenue": 20962600000,
    "grossProfit": 3582000000,
    "grossProfitRatio": 0.1459384142,
    "researchAndDevelopmentExpenses": 0,
    "generalAndAdministrativeExpenses": 0,
    "sellingAndMarketingExpenses": 0,
    "sellingGeneralAndAdministrativeExpenses": 1866800000,
    "otherExpenses": 389000000,
    "operatingExpenses": 2255800000,
    "costAndExpenses": 23218400000,
    "interestIncome": 0,
    "interestExpense": 0,
    "depreciationAndAmortization": 456800000,
    "ebitda": 1783000000,
    "ebitdaratio": 0.0726432698,
    "operatingIncome": 1326200000,
    "operatingIncomeRatio": 0.0540322515,
    "totalOtherIncomeExpensesNet": -300700000,
    "incomeBeforeTax": 1025500000,
    "incomeBeforeTaxRatio": 0.0417810842,
    "incomeTaxExpense": 393200000,
    "netIncome": 617500000,
    "netIncomeRatio": 0.0251582833,
    "eps": 1.35,
    "epsdiluted": 1.32,
    "weightedAverageShsOut": 450882353,
    "weightedAverageShsOutDil": 461052632,
    "link": "https://www.sec.gov/Archives/edgar/data/23217/000104746998033094/0001047469-98-033094-index.html",
    "finalLink": "https://www.sec.gov/Archives/edgar/data/23217/"
  },
  {
    "date": "1997-05-25",
    "symbol": "CAG",
    "reportedCurrency": "USD",
    "cik": "0000023217",
    "fillingDate": "1997-08-22",
    "acceptedDate": "1997-08-22 00:00:00",
    "calendarYear": "1997",
    "period": "FY",
    "revenue": 24445200000,
    "costOfRevenue": 20314800000,
    "grossProfit": 4130400000,
    "grossProfitRatio": 0.1689656865,
    "researchAndDevelopmentExpenses": 0,
    "generalAndAdministrativeExpenses": 0,
    "sellingAndMarketingExpenses": 0,
    "sellingGeneralAndAdministrativeExpenses": 2381000000,
    "otherExpenses": 426200000,
    "operatingExpenses": 2807200000,
    "costAndExpenses": 23122000000,
    "interestIncome": 0,
    "interestExpense": 0,
    "depreciationAndAmortization": 426200000,
    "ebitda": 1749400000,
    "ebitdaratio": 0.0715641517,
    "operatingIncome": 1323200000,
    "operatingIncomeRatio": 0.054129236,
    "totalOtherIncomeExpensesNet": -279200000,
    "incomeBeforeTax": 1044000000,
    "incomeBeforeTaxRatio": 0.0427077709,
    "incomeTaxExpense": 406100000,
    "netIncome": 637900000,
    "netIncomeRatio": 0.0260951025,
    "eps": 1.36,
    "epsdiluted": 1.34,
    "weightedAverageShsOut": 452205882,
    "weightedAverageShsOutDil": 452205882,
    "link": "https://www.sec.gov/Archives/edgar/data/23217/000091205797028887/0000912057-97-028887-index.html",
    "finalLink": "https://www.sec.gov/Archives/edgar/data/23217/"
  },
  {
    "date": "1996-05-26",
    "symbol": "CAG",
    "reportedCurrency": "USD",
    "cik": "0000023217",
    "fillingDate": "1996-08-26",
    "acceptedDate": "1996-08-26 00:00:00",
    "calendarYear": "1996",
    "period": "FY",
    "revenue": 23899300000,
    "costOfRevenue": 19992000000,
    "grossProfit": 3907300000,
    "grossProfitRatio": 0.1634901441,
    "researchAndDevelopmentExpenses": 0,
    "generalAndAdministrativeExpenses": 0,
    "sellingAndMarketingExpenses": 0,
    "sellingGeneralAndAdministrativeExpenses": 2278100000,
    "otherExpenses": 407900000,
    "operatingExpenses": 2686000000,
    "costAndExpenses": 22678000000,
    "interestIncome": 0,
    "interestExpense": 0,
    "depreciationAndAmortization": 407900000,
    "ebitda": 1629200000,
    "ebitdaratio": 0.0681693606,
    "operatingIncome": 1221300000,
    "operatingIncomeRatio": 0.0511019151,
    "totalOtherIncomeExpensesNet": -812700000,
    "incomeBeforeTax": 408600000,
    "incomeBeforeTaxRatio": 0.0170967351,
    "incomeTaxExpense": 219700000,
    "netIncome": 188900000,
    "netIncomeRatio": 0.0079039972,
    "eps": 0.4,
    "epsdiluted": 0.39,
    "weightedAverageShsOut": 450750000,
    "weightedAverageShsOutDil": 450750000,
    "link": "https://www.sec.gov/Archives/edgar/data/23217/000002321796000029/0000023217-96-000029-index.html",
    "finalLink": "https://www.sec.gov/Archives/edgar/data/23217/"
  },
  {
    "date": "1995-05-28",
    "symbol": "CAG",
    "reportedCurrency": "USD",
    "cik": "0000023217",
    "fillingDate": "1995-08-24",
    "acceptedDate": "1995-08-24 00:00:00",
    "calendarYear": "1995",
    "period": "FY",
    "revenue": 24108900000,
    "costOfRevenue": 20402600000,
    "grossProfit": 3706300000,
    "grossProfitRatio": 0.1537316095,
    "researchAndDevelopmentExpenses": 0,
    "generalAndAdministrativeExpenses": 0,
    "sellingAndMarketingExpenses": 0,
    "sellingGeneralAndAdministrativeExpenses": 2229900000,
    "otherExpenses": 375800000,
    "operatingExpenses": 2605700000,
    "costAndExpenses": 23008300000,
    "interestIncome": 0,
    "interestExpense": 0,
    "depreciationAndAmortization": 375800000,
    "ebitda": 1476400000,
    "ebitdaratio": 0.0612387956,
    "operatingIncome": 1100600000,
    "operatingIncomeRatio": 0.0456511911,
    "totalOtherIncomeExpensesNet": -274700000,
    "incomeBeforeTax": 825900000,
    "incomeBeforeTaxRatio": 0.0342570586,
    "incomeTaxExpense": 330300000,
    "netIncome": 495600000,
    "netIncomeRatio": 0.0205567239,
    "eps": 1.04,
    "epsdiluted": 1.04,
    "weightedAverageShsOut": 453461538,
    "weightedAverageShsOutDil": 453461538,
    "link": "https://www.sec.gov/Archives/edgar/data/23217/000002321795000021/0000023217-95-000021-index.html",
    "finalLink": "https://www.sec.gov/Archives/edgar/data/23217/"
  },
  {
    "date": "1994-05-29",
    "symbol": "CAG",
    "reportedCurrency": "USD",
    "cik": "0000023217",
    "fillingDate": "1994-08-26",
    "acceptedDate": "1994-08-26 00:00:00",
    "calendarYear": "1994",
    "period": "FY",
    "revenue": 23512200000,
    "costOfRevenue": 20157400000,
    "grossProfit": 3354800000,
    "grossProfitRatio": 0.1426833729,
    "researchAndDevelopmentExpenses": 0,
    "generalAndAdministrativeExpenses": 0,
    "sellingAndMarketingExpenses": 0,
    "sellingGeneralAndAdministrativeExpenses": 2091000000,
    "otherExpenses": 294800000,
    "operatingExpenses": 2385800000,
    "costAndExpenses": 22543200000,
    "interestIncome": 0,
    "interestExpense": 0,
    "depreciationAndAmortization": 294800000,
    "ebitda": 1263800000,
    "ebitdaratio": 0.0537508187,
    "operatingIncome": 969000000,
    "operatingIncomeRatio": 0.0412126471,
    "totalOtherIncomeExpensesNet": -249000000,
    "incomeBeforeTax": 720000000,
    "incomeBeforeTaxRatio": 0.0306224003,
    "incomeTaxExpense": 282900000,
    "netIncome": 437100000,
    "netIncomeRatio": 0.0185903488,
    "eps": 0.91,
    "epsdiluted": 0.91,
    "weightedAverageShsOut": 453956044,
    "weightedAverageShsOutDil": 453956044,
    "link": "https://www.sec.gov/Archives/edgar/data/23217/000002321794000020/0000023217-94-000020-index.html",
    "finalLink": "https://www.sec.gov/Archives/edgar/data/23217/"
  },
  {
    "date": "1993-05-31",
    "symbol": "CAG",
    "reportedCurrency": "USD",
    "cik": "0000023217",
    "fillingDate": "1993-05-31",
    "acceptedDate": "1993-05-30 20:00:00",
    "calendarYear": "1993",
    "period": "FY",
    "revenue": 21519100000,
    "costOfRevenue": 18363400000,
    "grossProfit": 3155700000,
    "grossProfitRatio": 0.1466464676,
    "researchAndDevelopmentExpenses": 0,
    "generalAndAdministrativeExpenses": 0,
    "sellingAndMarketingExpenses": 0,
    "sellingGeneralAndAdministrativeExpenses": 2014300000,
    "otherExpenses": 277000000,
    "operatingExpenses": 2291300000,
    "costAndExpenses": 20654700000,
    "interestIncome": 0,
    "interestExpense": 0,
    "depreciationAndAmortization": 277000000,
    "ebitda": 1141400000,
    "ebitdaratio": 0.0530412517,
    "operatingIncome": 864400000,
    "operatingIncomeRatio": 0.0401689662,
    "totalOtherIncomeExpensesNet": -233000000,
    "incomeBeforeTax": 631400000,
    "incomeBeforeTaxRatio": 0.0293413758,
    "incomeTaxExpense": 239900000,
    "netIncome": 270300000,
    "netIncomeRatio": 0.0125609342,
    "eps": 0.54,
    "epsdiluted": 0.53,
    "weightedAverageShsOut": 456111111,
    "weightedAverageShsOutDil": 464716981,
    "link": "",
    "finalLink": ""
  },
  {
    "date": "1992-05-31",
    "symbol": "CAG",
    "reportedCurrency": "USD",
    "cik": "0000023217",
    "fillingDate": "1992-05-31",
    "acceptedDate": "1992-05-30 20:00:00",
    "calendarYear": "1992",
    "period": "FY",
    "revenue": 21219000000,
    "costOfRevenue": 17875700000,
    "grossProfit": 3343300000,
    "grossProfitRatio": 0.1575616193,
    "researchAndDevelopmentExpenses": 0,
    "generalAndAdministrativeExpenses": 0,
    "sellingAndMarketingExpenses": 0,
    "sellingGeneralAndAdministrativeExpenses": 2136300000,
    "otherExpenses": 319300000,
    "operatingExpenses": 2455600000,
    "costAndExpenses": 20331300000,
    "interestIncome": 0,
    "interestExpense": 0,
    "depreciationAndAmortization": 319300000,
    "ebitda": 1207000000,
    "ebitdaratio": 0.0568829822,
    "operatingIncome": 887700000,
    "operatingIncomeRatio": 0.0418351477,
    "totalOtherIncomeExpensesNet": -300000000,
    "incomeBeforeTax": 587700000,
    "incomeBeforeTaxRatio": 0.0276968754,
    "incomeTaxExpense": 215300000,
    "netIncome": 372400000,
    "netIncomeRatio": 0.0175503087,
    "eps": 0.75,
    "epsdiluted": 0.75,
    "weightedAverageShsOut": 463866667,
    "weightedAverageShsOutDil": 463866667,
    "link": "",
    "finalLink": ""
  },
  {
    "date": "1991-05-31",
    "symbol": "CAG",
    "reportedCurrency": "USD",
    "cik": "0000023217",
    "fillingDate": "1991-05-31",
    "acceptedDate": "1991-05-30 20:00:00",
    "calendarYear": "1991",
    "period": "FY",
    "revenue": 19504700000,
    "costOfRevenue": 16681400000,
    "grossProfit": 2823300000,
    "grossProfitRatio": 0.144749727,
    "researchAndDevelopmentExpenses": 0,
    "generalAndAdministrativeExpenses": 0,
    "sellingAndMarketingExpenses": 0,
    "sellingGeneralAndAdministrativeExpenses": 1782900000,
    "otherExpenses": 250800000,
    "operatingExpenses": 2033700000,
    "costAndExpenses": 18715100000,
    "interestIncome": 0,
    "interestExpense": 0,
    "depreciationAndAmortization": 250800000,
    "ebitda": 1040400000,
    "ebitdaratio": 0.0533409896,
    "operatingIncome": 789600000,
    "operatingIncomeRatio": 0.0404825504,
    "totalOtherIncomeExpensesNet": -274400000,
    "incomeBeforeTax": 515200000,
    "incomeBeforeTaxRatio": 0.0264141463,
    "incomeTaxExpense": 204000000,
    "netIncome": 311200000,
    "netIncomeRatio": 0.0159551288,
    "eps": 0.71,
    "epsdiluted": 0.71,
    "weightedAverageShsOut": 410845070,
    "weightedAverageShsOutDil": 410845070,
    "link": "",
    "finalLink": ""
  },
  {
    "date": "1990-05-31",
    "symbol": "CAG",
    "reportedCurrency": "USD",
    "cik": "0000023217",
    "fillingDate": "1990-05-31",
    "acceptedDate": "1990-05-30 20:00:00",
    "calendarYear": "1990",
    "period": "FY",
    "revenue": 15501200000,
    "costOfRevenue": 13716900000,
    "grossProfit": 1784300000,
    "grossProfitRatio": 0.1151072175,
    "researchAndDevelopmentExpenses": 0,
    "generalAndAdministrativeExpenses": 0,
    "sellingAndMarketingExpenses": 0,
    "sellingGeneralAndAdministrativeExpenses": 1151300000,
    "otherExpenses": 129700000,
    "operatingExpenses": 1281000000,
    "costAndExpenses": 14997900000,
    "interestIncome": 0,
    "interestExpense": 0,
    "depreciationAndAmortization": 129700000,
    "ebitda": 633000000,
    "ebitdaratio": 0.0408355482,
    "operatingIncome": 503300000,
    "operatingIncomeRatio": 0.0324684541,
    "totalOtherIncomeExpensesNet": -146400000,
    "incomeBeforeTax": 356900000,
    "incomeBeforeTaxRatio": 0.0230240239,
    "incomeTaxExpense": 125200000,
    "netIncome": 231700000,
    "netIncomeRatio": 0.0149472299,
    "eps": 0.63,
    "epsdiluted": 0.63,
    "weightedAverageShsOut": 365714286,
    "weightedAverageShsOutDil": 365714286,
    "link": "",
    "finalLink": ""
  },
  {
    "date": "1989-05-31",
    "symbol": "CAG",
    "reportedCurrency": "USD",
    "cik": "0000023217",
    "fillingDate": "1989-05-31",
    "acceptedDate": "1989-05-30 20:00:00",
    "calendarYear": "1989",
    "period": "FY",
    "revenue": 11340400000,
    "costOfRevenue": 9772300000,
    "grossProfit": 1568100000,
    "grossProfitRatio": 0.1382755458,
    "researchAndDevelopmentExpenses": 0,
    "generalAndAdministrativeExpenses": 0,
    "sellingAndMarketingExpenses": 0,
    "sellingGeneralAndAdministrativeExpenses": 1022000000,
    "otherExpenses": 101700000,
    "operatingExpenses": 1123700000,
    "costAndExpenses": 10896000000,
    "interestIncome": 0,
    "interestExpense": 0,
    "depreciationAndAmortization": 101700000,
    "ebitda": 546100000,
    "ebitdaratio": 0.0481552679,
    "operatingIncome": 444400000,
    "operatingIncomeRatio": 0.0391873303,
    "totalOtherIncomeExpensesNet": -132200000,
    "incomeBeforeTax": 312200000,
    "incomeBeforeTaxRatio": 0.0275298931,
    "incomeTaxExpense": 114300000,
    "netIncome": 197900000,
    "netIncomeRatio": 0.0174508836,
    "eps": 0.55,
    "epsdiluted": 0.54,
    "weightedAverageShsOut": 358181818,
    "weightedAverageShsOutDil": 364814815,
    "link": "",
    "finalLink": ""
  },
  {
    "date": "1988-05-31",
    "symbol": "CAG",
    "reportedCurrency": "USD",
    "cik": "0000023217",
    "fillingDate": "1988-05-31",
    "acceptedDate": "1988-05-30 20:00:00",
    "calendarYear": "1988",
    "period": "FY",
    "revenue": 9475000000,
    "costOfRevenue": 8299800000,
    "grossProfit": 1175200000,
    "grossProfitRatio": 0.1240316623,
    "researchAndDevelopmentExpenses": 0,
    "generalAndAdministrativeExpenses": 0,
    "sellingAndMarketingExpenses": 0,
    "sellingGeneralAndAdministrativeExpenses": 788600000,
    "otherExpenses": 89500000,
    "operatingExpenses": 878100000,
    "costAndExpenses": 9177900000,
    "interestIncome": 0,
    "interestExpense": 0,
    "depreciationAndAmortization": 89500000,
    "ebitda": 386600000,
    "ebitdaratio": 0.0408021108,
    "operatingIncome": 297100000,
    "operatingIncomeRatio": 0.0313562005,
    "totalOtherIncomeExpensesNet": -57000000,
    "incomeBeforeTax": 240100000,
    "incomeBeforeTaxRatio": 0.0253403694,
    "incomeTaxExpense": 85400000,
    "netIncome": 154700000,
    "netIncomeRatio": 0.0163271768,
    "eps": 0.43,
    "epsdiluted": 0.43,
    "weightedAverageShsOut": 356976744,
    "weightedAverageShsOutDil": 356976744,
    "link": "",
    "finalLink": ""
  },
  {
    "date": "1987-05-31",
    "symbol": "CAG",
    "reportedCurrency": "USD",
    "cik": "0000023217",
    "fillingDate": "1987-05-31",
    "acceptedDate": "1987-05-30 20:00:00",
    "calendarYear": "1987",
    "period": "FY",
    "revenue": 9001600000,
    "costOfRevenue": 7819800000,
    "grossProfit": 1181800000,
    "grossProfitRatio": 0.1312877711,
    "researchAndDevelopmentExpenses": 0,
    "generalAndAdministrativeExpenses": 0,
    "sellingAndMarketingExpenses": 0,
    "sellingGeneralAndAdministrativeExpenses": 782700000,
    "otherExpenses": 77400000,
    "operatingExpenses": 860100000,
    "costAndExpenses": 8679900000,
    "interestIncome": 0,
    "interestExpense": 0,
    "depreciationAndAmortization": 77400000,
    "ebitda": 399100000,
    "ebitdaratio": 0.0443365624,
    "operatingIncome": 321700000,
    "operatingIncomeRatio": 0.035738091,
    "totalOtherIncomeExpensesNet": -50200000,
    "incomeBeforeTax": 271500000,
    "incomeBeforeTaxRatio": 0.0301613047,
    "incomeTaxExpense": 122800000,
    "netIncome": 148700000,
    "netIncomeRatio": 0.0165192855,
    "eps": 0.41,
    "epsdiluted": 0.41,
    "weightedAverageShsOut": 359268293,
    "weightedAverageShsOutDil": 359268293,
    "link": "",
    "finalLink": ""
  },
  {
    "date": "1986-05-31",
    "symbol": "CAG",
    "reportedCurrency": "USD",
    "cik": "0000023217",
    "fillingDate": "1986-05-31",
    "acceptedDate": "1986-05-30 20:00:00",
    "calendarYear": "1986",
    "period": "FY",
    "revenue": 5911000000,
    "costOfRevenue": 5096500000,
    "grossProfit": 814500000,
    "grossProfitRatio": 0.1377939435,
    "researchAndDevelopmentExpenses": 0,
    "generalAndAdministrativeExpenses": 0,
    "sellingAndMarketingExpenses": 0,
    "sellingGeneralAndAdministrativeExpenses": 540700000,
    "otherExpenses": 53600000,
    "operatingExpenses": 594300000,
    "costAndExpenses": 5690800000,
    "interestIncome": 0,
    "interestExpense": 0,
    "depreciationAndAmortization": 53600000,
    "ebitda": 273800000,
    "ebitdaratio": 0.0463204196,
    "operatingIncome": 220200000,
    "operatingIncomeRatio": 0.0372525799,
    "totalOtherIncomeExpensesNet": -39900000,
    "incomeBeforeTax": 180300000,
    "incomeBeforeTaxRatio": 0.0305024531,
    "incomeTaxExpense": 75000000,
    "netIncome": 105300000,
    "netIncomeRatio": 0.0178142446,
    "eps": 0.34,
    "epsdiluted": 0.34,
    "weightedAverageShsOut": 304705882,
    "weightedAverageShsOutDil": 304705882,
    "link": "",
    "finalLink": ""
  }
]