[
  {
    "date": "2025-06-30",
    "symbol": "CAH",
    "reportedCurrency": "USD",
    "cik": "0000721371",
    "fillingDate": "2025-08-12",
    "acceptedDate": "2025-08-12 08:58:00",
    "calendarYear": "2025",
    "period": "Q4",
    "revenue": 60159000000,
    "costOfRevenue": 57957000000,
    "grossProfit": 2202000000,
    "grossProfitRatio": 0.036603002,
    "researchAndDevelopmentExpenses": 0,
    "generalAndAdministrativeExpenses": 0,
    "sellingAndMarketingExpenses": 1484000000,
    "sellingGeneralAndAdministrativeExpenses": 1484000000,
    "otherExpenses": 290000000,
    "operatingExpenses": 1774000000,
    "costAndExpenses": 59731000000,
    "interestIncome": 0,
    "interestExpense": 74000000,
    "depreciationAndAmortization": 209000000,
    "ebitda": 667000000,
    "ebitdaratio": 0.0110872854,
    "operatingIncome": 428000000,
    "operatingIncomeRatio": 0.00711448,
    "totalOtherIncomeExpensesNet": -44000000,
    "incomeBeforeTax": 384000000,
    "incomeBeforeTaxRatio": 0.0063830848,
    "incomeTaxExpense": 141000000,
    "netIncome": 239000000,
    "netIncomeRatio": 0.0039728054,
    "eps": 1,
    "epsdiluted": 1,
    "weightedAverageShsOut": 239000000,
    "weightedAverageShsOutDil": 240000000,
    "link": "https://www.sec.gov/Archives/edgar/data/721371/000072137125000079/0000721371-25-000079-index.htm",
    "finalLink": "https://www.sec.gov/Archives/edgar/data/721371/000072137125000079/cah-20250630.htm"
  },
  {
    "date": "2025-03-31",
    "symbol": "CAH",
    "reportedCurrency": "USD",
    "cik": "0000721371",
    "fillingDate": "2025-05-01",
    "acceptedDate": "2025-05-01 08:53:18",
    "calendarYear": "2025",
    "period": "Q3",
    "revenue": 54878000000,
    "costOfRevenue": 52755000000,
    "grossProfit": 2123000000,
    "grossProfitRatio": 0.0386858122,
    "researchAndDevelopmentExpenses": 0,
    "generalAndAdministrativeExpenses": 0,
    "sellingAndMarketingExpenses": 1315000000,
    "sellingGeneralAndAdministrativeExpenses": 1315000000,
    "otherExpenses": 78000000,
    "operatingExpenses": 1393000000,
    "costAndExpenses": 54148000000,
    "interestIncome": 0,
    "interestExpense": 74000000,
    "depreciationAndAmortization": 207000000,
    "ebitda": 946000000,
    "ebitdaratio": 0.0172382375,
    "operatingIncome": 730000000,
    "operatingIncomeRatio": 0.013302234,
    "totalOtherIncomeExpensesNet": -65000000,
    "incomeBeforeTax": 665000000,
    "incomeBeforeTaxRatio": 0.0121177885,
    "incomeTaxExpense": 157000000,
    "netIncome": 506000000,
    "netIncomeRatio": 0.0092204526,
    "eps": 2.11,
    "epsdiluted": 2.1,
    "weightedAverageShsOut": 240000000,
    "weightedAverageShsOutDil": 241000000,
    "link": "https://www.sec.gov/Archives/edgar/data/721371/000072137125000038/0000721371-25-000038-index.htm",
    "finalLink": "https://www.sec.gov/Archives/edgar/data/721371/000072137125000038/cah-20250331.htm"
  },
  {
    "date": "2024-12-31",
    "symbol": "CAH",
    "reportedCurrency": "USD",
    "cik": "0000721371",
    "fillingDate": "2025-01-30",
    "acceptedDate": "2025-01-30 08:48:59",
    "calendarYear": "2025",
    "period": "Q2",
    "revenue": 55264000000,
    "costOfRevenue": 53323000000,
    "grossProfit": 1941000000,
    "grossProfitRatio": 0.0351223219,
    "researchAndDevelopmentExpenses": 0,
    "generalAndAdministrativeExpenses": 0,
    "sellingAndMarketingExpenses": 1306000000,
    "sellingGeneralAndAdministrativeExpenses": 1306000000,
    "otherExpenses": 86000000,
    "operatingExpenses": 1392000000,
    "costAndExpenses": 54715000000,
    "interestIncome": 0,
    "interestExpense": 35000000,
    "depreciationAndAmortization": 192000000,
    "ebitda": 738000000,
    "ebitdaratio": 0.0133540822,
    "operatingIncome": 549000000,
    "operatingIncomeRatio": 0.0099341343,
    "totalOtherIncomeExpensesNet": -38000000,
    "incomeBeforeTax": 511000000,
    "incomeBeforeTaxRatio": 0.0092465258,
    "incomeTaxExpense": 110000000,
    "netIncome": 400000000,
    "netIncomeRatio": 0.0072379849,
    "eps": 1.65,
    "epsdiluted": 1.65,
    "weightedAverageShsOut": 242000000,
    "weightedAverageShsOutDil": 243000000,
    "link": "https://www.sec.gov/Archives/edgar/data/721371/000072137125000013/0000721371-25-000013-index.htm",
    "finalLink": "https://www.sec.gov/Archives/edgar/data/721371/000072137125000013/cah-20241231.htm"
  },
  {
    "date": "2024-09-30",
    "symbol": "CAH",
    "reportedCurrency": "USD",
    "cik": "0000721371",
    "fillingDate": "2024-11-01",
    "acceptedDate": "2024-11-01 08:58:41",
    "calendarYear": "2025",
    "period": "Q1",
    "revenue": 52277000000,
    "costOfRevenue": 50375000000,
    "grossProfit": 1902000000,
    "grossProfitRatio": 0.036383113,
    "researchAndDevelopmentExpenses": 0,
    "generalAndAdministrativeExpenses": 0,
    "sellingAndMarketingExpenses": 1277000000,
    "sellingGeneralAndAdministrativeExpenses": 1277000000,
    "otherExpenses": 57000000,
    "operatingExpenses": 1334000000,
    "costAndExpenses": 51709000000,
    "interestIncome": 0,
    "interestExpense": 32000000,
    "depreciationAndAmortization": 182000000,
    "ebitda": 755000000,
    "ebitdaratio": 0.0144422978,
    "operatingIncome": 568000000,
    "operatingIncomeRatio": 0.0108651988,
    "totalOtherIncomeExpensesNet": -27000000,
    "incomeBeforeTax": 541000000,
    "incomeBeforeTaxRatio": 0.0103487193,
    "incomeTaxExpense": 124000000,
    "netIncome": 416000000,
    "netIncomeRatio": 0.0079576104,
    "eps": 1.71,
    "epsdiluted": 1.7,
    "weightedAverageShsOut": 243000000,
    "weightedAverageShsOutDil": 245000000,
    "link": "https://www.sec.gov/Archives/edgar/data/721371/000072137124000121/0000721371-24-000121-index.htm",
    "finalLink": "https://www.sec.gov/Archives/edgar/data/721371/000072137124000121/cah-20240930.htm"
  },
  {
    "date": "2024-06-30",
    "symbol": "CAH",
    "reportedCurrency": "USD",
    "cik": "0000721371",
    "fillingDate": "2024-08-14",
    "acceptedDate": "2024-08-14 08:47:07",
    "calendarYear": "2024",
    "period": "Q4",
    "revenue": 59708000000,
    "costOfRevenue": 57855000000,
    "grossProfit": 1853000000,
    "grossProfitRatio": 0.0310343673,
    "researchAndDevelopmentExpenses": 0,
    "generalAndAdministrativeExpenses": 0,
    "sellingAndMarketingExpenses": 1238000000,
    "sellingGeneralAndAdministrativeExpenses": 1238000000,
    "otherExpenses": 207000000,
    "operatingExpenses": 1445000000,
    "costAndExpenses": 59300000000,
    "interestIncome": 0,
    "interestExpense": 4000000,
    "depreciationAndAmortization": 186000000,
    "ebitda": 578000000,
    "ebitdaratio": 0.0096804448,
    "operatingIncome": 408000000,
    "operatingIncomeRatio": 0.0068332552,
    "totalOtherIncomeExpensesNet": -12000000,
    "incomeBeforeTax": 396000000,
    "incomeBeforeTaxRatio": 0.0066322771,
    "incomeTaxExpense": 162000000,
    "netIncome": 236000000,
    "netIncomeRatio": 0.0039525692,
    "eps": 0.96,
    "epsdiluted": 0.96,
    "weightedAverageShsOut": 244000000,
    "weightedAverageShsOutDil": 245000000,
    "link": "https://www.sec.gov/Archives/edgar/data/721371/000072137124000056/0000721371-24-000056-index.htm",
    "finalLink": "https://www.sec.gov/Archives/edgar/data/721371/000072137124000056/cah-20240630.htm"
  },
  {
    "date": "2024-03-31",
    "symbol": "CAH",
    "reportedCurrency": "USD",
    "cik": "0000721371",
    "fillingDate": "2024-05-02",
    "acceptedDate": "2024-05-02 08:47:36",
    "calendarYear": "2024",
    "period": "Q3",
    "revenue": 54868000000,
    "costOfRevenue": 52933000000,
    "grossProfit": 1935000000,
    "grossProfitRatio": 0.0352664577,
    "researchAndDevelopmentExpenses": 0,
    "generalAndAdministrativeExpenses": 0,
    "sellingAndMarketingExpenses": 0,
    "sellingGeneralAndAdministrativeExpenses": 1269000000,
    "otherExpenses": 297000000,
    "operatingExpenses": 1566000000,
    "costAndExpenses": 54499000000,
    "interestIncome": 0,
    "interestExpense": 28000000,
    "depreciationAndAmortization": 177000000,
    "ebitda": 547000000,
    "ebitdaratio": 0.0099693811,
    "operatingIncome": 369000000,
    "operatingIncomeRatio": 0.0067252315,
    "totalOtherIncomeExpensesNet": -27000000,
    "incomeBeforeTax": 342000000,
    "incomeBeforeTaxRatio": 0.0062331414,
    "incomeTaxExpense": 80000000,
    "netIncome": 261000000,
    "netIncomeRatio": 0.004756871,
    "eps": 1.07,
    "epsdiluted": 1.07,
    "weightedAverageShsOut": 243000000,
    "weightedAverageShsOutDil": 245000000,
    "link": "https://www.sec.gov/Archives/edgar/data/721371/000072137124000038/0000721371-24-000038-index.htm",
    "finalLink": "https://www.sec.gov/Archives/edgar/data/721371/000072137124000038/cah-20240331.htm"
  },
  {
    "date": "2023-12-31",
    "symbol": "CAH",
    "reportedCurrency": "USD",
    "cik": "0000721371",
    "fillingDate": "2024-02-01",
    "acceptedDate": "2024-02-01 08:54:23",
    "calendarYear": "2024",
    "period": "Q2",
    "revenue": 57442000000,
    "costOfRevenue": 55588000000,
    "grossProfit": 1846000000,
    "grossProfitRatio": 0.032136764,
    "researchAndDevelopmentExpenses": 0,
    "generalAndAdministrativeExpenses": 0,
    "sellingAndMarketingExpenses": 0,
    "sellingGeneralAndAdministrativeExpenses": 1268000000,
    "otherExpenses": 81000000,
    "operatingExpenses": 1349000000,
    "costAndExpenses": 56937000000,
    "interestIncome": 0,
    "interestExpense": 3000000,
    "depreciationAndAmortization": 175000000,
    "ebitda": 690000000,
    "ebitdaratio": 0.0120121166,
    "operatingIncome": 505000000,
    "operatingIncomeRatio": 0.0087914766,
    "totalOtherIncomeExpensesNet": 7000000,
    "incomeBeforeTax": 512000000,
    "incomeBeforeTaxRatio": 0.0089133387,
    "incomeTaxExpense": 143000000,
    "netIncome": 368000000,
    "netIncomeRatio": 0.0064064622,
    "eps": 1.5,
    "epsdiluted": 1.5,
    "weightedAverageShsOut": 245000000,
    "weightedAverageShsOutDil": 246000000,
    "link": "https://www.sec.gov/Archives/edgar/data/721371/000162828024002813/0001628280-24-002813-index.htm",
    "finalLink": "https://www.sec.gov/Archives/edgar/data/721371/000162828024002813/cah-20231231.htm"
  },
  {
    "date": "2023-09-30",
    "symbol": "CAH",
    "reportedCurrency": "USD",
    "cik": "0000721371",
    "fillingDate": "2023-11-03",
    "acceptedDate": "2023-11-03 08:45:54",
    "calendarYear": "2024",
    "period": "Q1",
    "revenue": 54650000000,
    "costOfRevenue": 52907000000,
    "grossProfit": 1743000000,
    "grossProfitRatio": 0.0318938701,
    "researchAndDevelopmentExpenses": 0,
    "generalAndAdministrativeExpenses": 0,
    "sellingAndMarketingExpenses": 0,
    "sellingGeneralAndAdministrativeExpenses": 1186000000,
    "otherExpenses": 589000000,
    "operatingExpenses": 1775000000,
    "costAndExpenses": 54682000000,
    "interestIncome": 0,
    "interestExpense": 11000000,
    "depreciationAndAmortization": 172000000,
    "ebitda": 139000000,
    "ebitdaratio": 0.0025434584,
    "operatingIncome": -32000000,
    "operatingIncomeRatio": -0.0005855444,
    "totalOtherIncomeExpensesNet": -12000000,
    "incomeBeforeTax": -44000000,
    "incomeBeforeTaxRatio": -0.0008051235,
    "incomeTaxExpense": -33000000,
    "netIncome": -12000000,
    "netIncomeRatio": -0.0002195791,
    "eps": 0.02,
    "epsdiluted": 0.02,
    "weightedAverageShsOut": 249000000,
    "weightedAverageShsOutDil": 250000000,
    "link": "https://www.sec.gov/Archives/edgar/data/721371/000072137123000084/0000721371-23-000084-index.htm",
    "finalLink": "https://www.sec.gov/Archives/edgar/data/721371/000072137123000084/cah-20230930.htm"
  },
  {
    "date": "2023-06-30",
    "symbol": "CAH",
    "reportedCurrency": "USD",
    "cik": "0000721371",
    "fillingDate": "2023-08-15",
    "acceptedDate": "2023-08-15 08:50:31",
    "calendarYear": "2023",
    "period": "Q4",
    "revenue": 53453000000,
    "costOfRevenue": 51626000000,
    "grossProfit": 1827000000,
    "grossProfitRatio": 0.0341795596,
    "researchAndDevelopmentExpenses": 0,
    "generalAndAdministrativeExpenses": 0,
    "sellingAndMarketingExpenses": 1267000000,
    "sellingGeneralAndAdministrativeExpenses": 1267000000,
    "otherExpenses": 423000000,
    "operatingExpenses": 1690000000,
    "costAndExpenses": 53316000000,
    "interestIncome": 0,
    "interestExpense": 15000000,
    "depreciationAndAmortization": 176000000,
    "ebitda": 312000000,
    "ebitdaratio": 0.0058369034,
    "operatingIncome": 137000000,
    "operatingIncomeRatio": 0.0025629993,
    "totalOtherIncomeExpensesNet": -16000000,
    "incomeBeforeTax": 121000000,
    "incomeBeforeTaxRatio": 0.0022636709,
    "incomeTaxExpense": 187000000,
    "netIncome": -64000000,
    "netIncomeRatio": -0.0011973135,
    "eps": -0.25,
    "epsdiluted": -0.25,
    "weightedAverageShsOut": 254000000,
    "weightedAverageShsOutDil": 254000000,
    "link": "https://www.sec.gov/Archives/edgar/data/721371/000072137123000060/0000721371-23-000060-index.htm",
    "finalLink": "https://www.sec.gov/Archives/edgar/data/721371/000072137123000060/cah-20230630.htm"
  },
  {
    "date": "2023-03-31",
    "symbol": "CAH",
    "reportedCurrency": "USD",
    "cik": "0000721371",
    "fillingDate": "2023-05-04",
    "acceptedDate": "2023-05-04 16:25:56",
    "calendarYear": "2023",
    "period": "Q3",
    "revenue": 50487000000,
    "costOfRevenue": 48702000000,
    "grossProfit": 1785000000,
    "grossProfitRatio": 0.0353556361,
    "researchAndDevelopmentExpenses": 0,
    "generalAndAdministrativeExpenses": 0,
    "sellingAndMarketingExpenses": 1179000000,
    "sellingGeneralAndAdministrativeExpenses": 1179000000,
    "otherExpenses": 34000000,
    "operatingExpenses": 1213000000,
    "costAndExpenses": 49915000000,
    "interestIncome": 0,
    "interestExpense": 28000000,
    "depreciationAndAmortization": 175000000,
    "ebitda": 747000000,
    "ebitdaratio": 0.0147958881,
    "operatingIncome": 572000000,
    "operatingIncomeRatio": 0.0113296492,
    "totalOtherIncomeExpensesNet": -28000000,
    "incomeBeforeTax": 544000000,
    "incomeBeforeTaxRatio": 0.010775051,
    "incomeTaxExpense": 197000000,
    "netIncome": 345000000,
    "netIncomeRatio": 0.0068334423,
    "eps": 1.35,
    "epsdiluted": 1.34,
    "weightedAverageShsOut": 256000000,
    "weightedAverageShsOutDil": 258000000,
    "link": "https://www.sec.gov/Archives/edgar/data/721371/000162828023015775/0001628280-23-015775-index.htm",
    "finalLink": "https://www.sec.gov/Archives/edgar/data/721371/000162828023015775/cah-20230331.htm"
  },
  {
    "date": "2022-12-31",
    "symbol": "CAH",
    "reportedCurrency": "USD",
    "cik": "0000721371",
    "fillingDate": "2023-02-02",
    "acceptedDate": "2023-02-02 16:19:17",
    "calendarYear": "2023",
    "period": "Q2",
    "revenue": 51469000000,
    "costOfRevenue": 49806000000,
    "grossProfit": 1663000000,
    "grossProfitRatio": 0.0323107113,
    "researchAndDevelopmentExpenses": 0,
    "generalAndAdministrativeExpenses": 0,
    "sellingAndMarketingExpenses": 1191000000,
    "sellingGeneralAndAdministrativeExpenses": 1191000000,
    "otherExpenses": 591000000,
    "operatingExpenses": 1782000000,
    "costAndExpenses": 51588000000,
    "interestIncome": 0,
    "interestExpense": 25000000,
    "depreciationAndAmortization": 170000000,
    "ebitda": 58000000,
    "ebitdaratio": 0.0011268919,
    "operatingIncome": -119000000,
    "operatingIncomeRatio": -0.0023120713,
    "totalOtherIncomeExpensesNet": -18000000,
    "incomeBeforeTax": -137000000,
    "incomeBeforeTaxRatio": -0.0026617964,
    "incomeTaxExpense": -7000000,
    "netIncome": -130000000,
    "netIncomeRatio": -0.0025257922,
    "eps": -0.5,
    "epsdiluted": -0.5,
    "weightedAverageShsOut": 261000000,
    "weightedAverageShsOutDil": 261000000,
    "link": "https://www.sec.gov/Archives/edgar/data/721371/000072137123000007/0000721371-23-000007-index.htm",
    "finalLink": "https://www.sec.gov/Archives/edgar/data/721371/000072137123000007/cah-20221231.htm"
  },
  {
    "date": "2022-09-30",
    "symbol": "CAH",
    "reportedCurrency": "USD",
    "cik": "0000721371",
    "fillingDate": "2022-11-04",
    "acceptedDate": "2022-11-04 09:11:57",
    "calendarYear": "2023",
    "period": "Q1",
    "revenue": 49603000000,
    "costOfRevenue": 47989000000,
    "grossProfit": 1614000000,
    "grossProfitRatio": 0.0325383545,
    "researchAndDevelopmentExpenses": 0,
    "generalAndAdministrativeExpenses": 0,
    "sellingAndMarketingExpenses": 1197000000,
    "sellingGeneralAndAdministrativeExpenses": 1197000000,
    "otherExpenses": 280000000,
    "operatingExpenses": 1477000000,
    "costAndExpenses": 49466000000,
    "interestIncome": 0,
    "interestExpense": 25000000,
    "depreciationAndAmortization": 171000000,
    "ebitda": 306000000,
    "ebitdaratio": 0.0061689817,
    "operatingIncome": 137000000,
    "operatingIncomeRatio": 0.0027619297,
    "totalOtherIncomeExpensesNet": -27000000,
    "incomeBeforeTax": 110000000,
    "incomeBeforeTaxRatio": 0.0022176078,
    "incomeTaxExpense": -1000000,
    "netIncome": 110000000,
    "netIncomeRatio": 0.0022176078,
    "eps": 0.41,
    "epsdiluted": 0.4,
    "weightedAverageShsOut": 271000000,
    "weightedAverageShsOutDil": 273000000,
    "link": "https://www.sec.gov/Archives/edgar/data/721371/000072137122000133/0000721371-22-000133-index.htm",
    "finalLink": "https://www.sec.gov/Archives/edgar/data/721371/000072137122000133/cah-20220930.htm"
  },
  {
    "date": "2022-06-30",
    "symbol": "CAH",
    "reportedCurrency": "USD",
    "cik": "0000721371",
    "fillingDate": "2022-08-11",
    "acceptedDate": "2022-08-11 16:17:06",
    "calendarYear": "2022",
    "period": "Q4",
    "revenue": 47103000000,
    "costOfRevenue": 45498000000,
    "grossProfit": 1605000000,
    "grossProfitRatio": 0.0340742628,
    "researchAndDevelopmentExpenses": 0,
    "generalAndAdministrativeExpenses": 0,
    "sellingAndMarketingExpenses": 1155000000,
    "sellingGeneralAndAdministrativeExpenses": 1155000000,
    "otherExpenses": 414000000,
    "operatingExpenses": 1569000000,
    "costAndExpenses": 47067000000,
    "interestIncome": 0,
    "interestExpense": 34000000,
    "depreciationAndAmortization": 179000000,
    "ebitda": 185000000,
    "ebitdaratio": 0.003927563,
    "operatingIncome": 36000000,
    "operatingIncomeRatio": 0.0007642825,
    "totalOtherIncomeExpensesNet": -64000000,
    "incomeBeforeTax": -28000000,
    "incomeBeforeTaxRatio": -0.000594442,
    "incomeTaxExpense": -165000000,
    "netIncome": 138000000,
    "netIncomeRatio": 0.0029297497,
    "eps": 0.51,
    "epsdiluted": 0.5,
    "weightedAverageShsOut": 273000000,
    "weightedAverageShsOutDil": 275000000,
    "link": "https://www.sec.gov/Archives/edgar/data/721371/000072137122000058/0000721371-22-000058-index.htm",
    "finalLink": "https://www.sec.gov/Archives/edgar/data/721371/000072137122000058/cah-20220630.htm"
  },
  {
    "date": "2022-03-31",
    "symbol": "CAH",
    "reportedCurrency": "USD",
    "cik": "0000721371",
    "fillingDate": "2022-05-05",
    "acceptedDate": "2022-05-05 16:18:59",
    "calendarYear": "2022",
    "period": "Q3",
    "revenue": 44836000000,
    "costOfRevenue": 43154000000,
    "grossProfit": 1682000000,
    "grossProfitRatio": 0.0375144973,
    "researchAndDevelopmentExpenses": 0,
    "generalAndAdministrativeExpenses": 0,
    "sellingAndMarketingExpenses": 1137000000,
    "sellingGeneralAndAdministrativeExpenses": 1137000000,
    "otherExpenses": 642000000,
    "operatingExpenses": 1779000000,
    "costAndExpenses": 44933000000,
    "interestIncome": 0,
    "interestExpense": 38000000,
    "depreciationAndAmortization": 181000000,
    "ebitda": 82000000,
    "ebitdaratio": 0.0018288875,
    "operatingIncome": -97000000,
    "operatingIncomeRatio": -0.0021634401,
    "totalOtherIncomeExpensesNet": -40000000,
    "incomeBeforeTax": -137000000,
    "incomeBeforeTaxRatio": -0.0030555803,
    "incomeTaxExpense": 1253000000,
    "netIncome": -1390000000,
    "netIncomeRatio": -0.0310018735,
    "eps": -5.05,
    "epsdiluted": -5.05,
    "weightedAverageShsOut": 275000000,
    "weightedAverageShsOutDil": 275000000,
    "link": "https://www.sec.gov/Archives/edgar/data/721371/000072137122000032/0000721371-22-000032-index.htm",
    "finalLink": "https://www.sec.gov/Archives/edgar/data/721371/000072137122000032/cah-20220331.htm"
  },
  {
    "date": "2021-12-31",
    "symbol": "CAH",
    "reportedCurrency": "USD",
    "cik": "0000721371",
    "fillingDate": "2022-02-03",
    "acceptedDate": "2022-02-03 16:24:35",
    "calendarYear": "2022",
    "period": "Q2",
    "revenue": 45457000000,
    "costOfRevenue": 43841000000,
    "grossProfit": 1616000000,
    "grossProfitRatio": 0.0355500803,
    "researchAndDevelopmentExpenses": 0,
    "generalAndAdministrativeExpenses": 0,
    "sellingAndMarketingExpenses": 1151000000,
    "sellingGeneralAndAdministrativeExpenses": 1151000000,
    "otherExpenses": 1415000000,
    "operatingExpenses": 2566000000,
    "costAndExpenses": 46407000000,
    "interestIncome": 0,
    "interestExpense": 37000000,
    "depreciationAndAmortization": 164000000,
    "ebitda": -772000000,
    "ebitdaratio": -0.0169830829,
    "operatingIncome": -950000000,
    "operatingIncomeRatio": -0.0208988715,
    "totalOtherIncomeExpensesNet": -23000000,
    "incomeBeforeTax": -973000000,
    "incomeBeforeTaxRatio": -0.0214048441,
    "incomeTaxExpense": -1022000000,
    "netIncome": 49000000,
    "netIncomeRatio": 0.0010779418,
    "eps": 0.17,
    "epsdiluted": 0.17,
    "weightedAverageShsOut": 279000000,
    "weightedAverageShsOutDil": 281000000,
    "link": "https://www.sec.gov/Archives/edgar/data/721371/000072137122000013/0000721371-22-000013-index.htm",
    "finalLink": "https://www.sec.gov/Archives/edgar/data/721371/000072137122000013/cah-20211231.htm"
  },
  {
    "date": "2021-09-30",
    "symbol": "CAH",
    "reportedCurrency": "USD",
    "cik": "0000721371",
    "fillingDate": "2021-11-09",
    "acceptedDate": "2021-11-09 09:07:19",
    "calendarYear": "2022",
    "period": "Q1",
    "revenue": 43968000000,
    "costOfRevenue": 42326000000,
    "grossProfit": 1642000000,
    "grossProfitRatio": 0.0373453421,
    "researchAndDevelopmentExpenses": 0,
    "generalAndAdministrativeExpenses": 0,
    "sellingAndMarketingExpenses": 1114000000,
    "sellingGeneralAndAdministrativeExpenses": 1114000000,
    "otherExpenses": 113000000,
    "operatingExpenses": 1227000000,
    "costAndExpenses": 43553000000,
    "interestIncome": 0,
    "interestExpense": 40000000,
    "depreciationAndAmortization": 168000000,
    "ebitda": 577000000,
    "ebitdaratio": 0.0131231805,
    "operatingIncome": 415000000,
    "operatingIncomeRatio": 0.0094386827,
    "totalOtherIncomeExpensesNet": -46000000,
    "incomeBeforeTax": 369000000,
    "incomeBeforeTaxRatio": 0.0083924672,
    "incomeTaxExpense": 97000000,
    "netIncome": 271000000,
    "netIncomeRatio": 0.0061635735,
    "eps": 0.94,
    "epsdiluted": 0.94,
    "weightedAverageShsOut": 287000000,
    "weightedAverageShsOutDil": 289000000,
    "link": "https://www.sec.gov/Archives/edgar/data/721371/000072137121000116/0000721371-21-000116-index.htm",
    "finalLink": "https://www.sec.gov/Archives/edgar/data/721371/000072137121000116/cah-20210930.htm"
  },
  {
    "date": "2021-06-30",
    "symbol": "CAH",
    "reportedCurrency": "USD",
    "cik": "0000721371",
    "fillingDate": "2021-08-16",
    "acceptedDate": "2021-08-16 08:50:00",
    "calendarYear": "2021",
    "period": "Q4",
    "revenue": 42586000000,
    "costOfRevenue": 41111000000,
    "grossProfit": 1475000000,
    "grossProfitRatio": 0.0346357958,
    "researchAndDevelopmentExpenses": 0,
    "generalAndAdministrativeExpenses": 0,
    "sellingAndMarketingExpenses": 0,
    "sellingGeneralAndAdministrativeExpenses": 1129000000,
    "otherExpenses": 184000000,
    "operatingExpenses": 1313000000,
    "costAndExpenses": 42424000000,
    "interestIncome": 0,
    "interestExpense": 44000000,
    "depreciationAndAmortization": 180000000,
    "ebitda": 343000000,
    "ebitdaratio": 0.0080542901,
    "operatingIncome": 162000000,
    "operatingIncomeRatio": 0.0038040671,
    "totalOtherIncomeExpensesNet": -43000000,
    "incomeBeforeTax": 119000000,
    "incomeBeforeTaxRatio": 0.0027943456,
    "incomeTaxExpense": 4000000,
    "netIncome": 116000000,
    "netIncomeRatio": 0.0027238999,
    "eps": 0.4,
    "epsdiluted": 0.4,
    "weightedAverageShsOut": 290000000,
    "weightedAverageShsOutDil": 293000000,
    "link": "https://www.sec.gov/Archives/edgar/data/721371/000072137121000080/0000721371-21-000080-index.htm",
    "finalLink": "https://www.sec.gov/Archives/edgar/data/721371/000072137121000080/cah-20210630.htm"
  },
  {
    "date": "2021-03-31",
    "symbol": "CAH",
    "reportedCurrency": "USD",
    "cik": "0000721371",
    "fillingDate": "2021-05-06",
    "acceptedDate": "2021-05-06 16:24:59",
    "calendarYear": "2021",
    "period": "Q3",
    "revenue": 39275000000,
    "costOfRevenue": 37463000000,
    "grossProfit": 1812000000,
    "grossProfitRatio": 0.046136219,
    "researchAndDevelopmentExpenses": 0,
    "generalAndAdministrativeExpenses": 0,
    "sellingAndMarketingExpenses": 1120000000,
    "sellingGeneralAndAdministrativeExpenses": 1120000000,
    "otherExpenses": 219000000,
    "operatingExpenses": 1339000000,
    "costAndExpenses": 38802000000,
    "interestIncome": 0,
    "interestExpense": 45000000,
    "depreciationAndAmortization": 199000000,
    "ebitda": 684000000,
    "ebitdaratio": 0.0174156588,
    "operatingIncome": 473000000,
    "operatingIncomeRatio": 0.0120432845,
    "totalOtherIncomeExpensesNet": -33000000,
    "incomeBeforeTax": 440000000,
    "incomeBeforeTaxRatio": 0.0112030554,
    "incomeTaxExpense": 320000000,
    "netIncome": 119000000,
    "netIncomeRatio": 0.0030299173,
    "eps": 0.41,
    "epsdiluted": 0.4,
    "weightedAverageShsOut": 292000000,
    "weightedAverageShsOutDil": 294000000,
    "link": "https://www.sec.gov/Archives/edgar/data/721371/000072137121000041/0000721371-21-000041-index.htm",
    "finalLink": "https://www.sec.gov/Archives/edgar/data/721371/000072137121000041/cah-20210331.htm"
  },
  {
    "date": "2020-12-31",
    "symbol": "CAH",
    "reportedCurrency": "USD",
    "cik": "0000721371",
    "fillingDate": "2021-02-05",
    "acceptedDate": "2021-02-05 16:38:20",
    "calendarYear": "2021",
    "period": "Q2",
    "revenue": 41541000000,
    "costOfRevenue": 39765000000,
    "grossProfit": 1776000000,
    "grossProfitRatio": 0.0427529429,
    "researchAndDevelopmentExpenses": 0,
    "generalAndAdministrativeExpenses": 0,
    "sellingAndMarketingExpenses": 1147000000,
    "sellingGeneralAndAdministrativeExpenses": 1147000000,
    "otherExpenses": 168000000,
    "operatingExpenses": 1315000000,
    "costAndExpenses": 41080000000,
    "interestIncome": 0,
    "interestExpense": 46000000,
    "depreciationAndAmortization": 199000000,
    "ebitda": 672000000,
    "ebitdaratio": 0.0161767892,
    "operatingIncome": 461000000,
    "operatingIncomeRatio": 0.01109747,
    "totalOtherIncomeExpensesNet": -34000000,
    "incomeBeforeTax": 427000000,
    "incomeBeforeTaxRatio": 0.0102790015,
    "incomeTaxExpense": -203000000,
    "netIncome": 629000000,
    "netIncomeRatio": 0.0151416673,
    "eps": 2.14,
    "epsdiluted": 2.13,
    "weightedAverageShsOut": 294000000,
    "weightedAverageShsOutDil": 295000000,
    "link": "https://www.sec.gov/Archives/edgar/data/721371/000072137121000011/0000721371-21-000011-index.htm",
    "finalLink": "https://www.sec.gov/Archives/edgar/data/721371/000072137121000011/cah-20201231.htm"
  },
  {
    "date": "2020-09-30",
    "symbol": "CAH",
    "reportedCurrency": "USD",
    "cik": "0000721371",
    "fillingDate": "2020-11-05",
    "acceptedDate": "2020-11-05 16:19:10",
    "calendarYear": "2021",
    "period": "Q1",
    "revenue": 39065000000,
    "costOfRevenue": 37350000000,
    "grossProfit": 1715000000,
    "grossProfitRatio": 0.0439011903,
    "researchAndDevelopmentExpenses": 0,
    "generalAndAdministrativeExpenses": 0,
    "sellingAndMarketingExpenses": 1137000000,
    "sellingGeneralAndAdministrativeExpenses": 1137000000,
    "otherExpenses": 1202000000,
    "operatingExpenses": 2339000000,
    "costAndExpenses": 39689000000,
    "interestIncome": 0,
    "interestExpense": 45000000,
    "depreciationAndAmortization": 205000000,
    "ebitda": -413000000,
    "ebitdaratio": -0.0105721234,
    "operatingIncome": -624000000,
    "operatingIncomeRatio": -0.0159733777,
    "totalOtherIncomeExpensesNet": -39000000,
    "incomeBeforeTax": -663000000,
    "incomeBeforeTaxRatio": -0.0169717138,
    "incomeTaxExpense": -410000000,
    "netIncome": -253000000,
    "netIncomeRatio": -0.0064763855,
    "eps": -0.86,
    "epsdiluted": -0.86,
    "weightedAverageShsOut": 293000000,
    "weightedAverageShsOutDil": 293000000,
    "link": "https://www.sec.gov/Archives/edgar/data/721371/000072137120000131/0000721371-20-000131-index.htm",
    "finalLink": "https://www.sec.gov/Archives/edgar/data/721371/000072137120000131/cah-20200930.htm"
  },
  {
    "date": "2020-06-30",
    "symbol": "CAH",
    "reportedCurrency": "USD",
    "cik": "0000721371",
    "fillingDate": "2020-08-13",
    "acceptedDate": "2020-08-13 10:04:19",
    "calendarYear": "2020",
    "period": "Q4",
    "revenue": 36689000000,
    "costOfRevenue": 35099000000,
    "grossProfit": 1590000000,
    "grossProfitRatio": 0.04333724,
    "researchAndDevelopmentExpenses": 0,
    "generalAndAdministrativeExpenses": 1137000000,
    "sellingAndMarketingExpenses": 0,
    "sellingGeneralAndAdministrativeExpenses": 1137000000,
    "otherExpenses": 183000000,
    "operatingExpenses": 1320000000,
    "costAndExpenses": 36419000000,
    "interestIncome": 0,
    "interestExpense": 49000000,
    "depreciationAndAmortization": 225000000,
    "ebitda": 1089000000,
    "ebitdaratio": 0.029681921,
    "operatingIncome": 270000000,
    "operatingIncomeRatio": 0.007359154,
    "totalOtherIncomeExpensesNet": 545000000,
    "incomeBeforeTax": 815000000,
    "incomeBeforeTaxRatio": 0.0222137425,
    "incomeTaxExpense": 158000000,
    "netIncome": 656000000,
    "netIncomeRatio": 0.0178800185,
    "eps": 2.25,
    "epsdiluted": 2.23,
    "weightedAverageShsOut": 292000000,
    "weightedAverageShsOutDil": 294000000,
    "link": "https://www.sec.gov/Archives/edgar/data/721371/000072137120000089/0000721371-20-000089-index.htm",
    "finalLink": "https://www.sec.gov/Archives/edgar/data/721371/000072137120000089/a20q410k063020form10-k.htm"
  },
  {
    "date": "2020-03-31",
    "symbol": "CAH",
    "reportedCurrency": "USD",
    "cik": "0000721371",
    "fillingDate": "2020-05-11",
    "acceptedDate": "2020-05-11 09:15:08",
    "calendarYear": "2020",
    "period": "Q3",
    "revenue": 39157000000,
    "costOfRevenue": 37272000000,
    "grossProfit": 1885000000,
    "grossProfitRatio": 0.0481395408,
    "researchAndDevelopmentExpenses": 0,
    "generalAndAdministrativeExpenses": 0,
    "sellingAndMarketingExpenses": 1165000000,
    "sellingGeneralAndAdministrativeExpenses": 1165000000,
    "otherExpenses": 158000000,
    "operatingExpenses": 1323000000,
    "costAndExpenses": 38595000000,
    "interestIncome": 0,
    "interestExpense": 60000000,
    "depreciationAndAmortization": 224000000,
    "ebitda": 762000000,
    "ebitdaratio": 0.0194601221,
    "operatingIncome": 562000000,
    "operatingIncomeRatio": 0.0143524785,
    "totalOtherIncomeExpensesNet": -84000000,
    "incomeBeforeTax": 478000000,
    "incomeBeforeTaxRatio": 0.0122072682,
    "incomeTaxExpense": 127000000,
    "netIncome": 350000000,
    "netIncomeRatio": 0.0089383763,
    "eps": 1.2,
    "epsdiluted": 1.19,
    "weightedAverageShsOut": 292000000,
    "weightedAverageShsOutDil": 294000000,
    "link": "https://www.sec.gov/Archives/edgar/data/721371/000072137120000043/0000721371-20-000043-index.htm",
    "finalLink": "https://www.sec.gov/Archives/edgar/data/721371/000072137120000043/a20q310q033120form10-q.htm"
  },
  {
    "date": "2019-12-31",
    "symbol": "CAH",
    "reportedCurrency": "USD",
    "cik": "0000721371",
    "fillingDate": "2020-02-06",
    "acceptedDate": "2020-02-06 16:16:14",
    "calendarYear": "2020",
    "period": "Q2",
    "revenue": 39735000000,
    "costOfRevenue": 38021000000,
    "grossProfit": 1714000000,
    "grossProfitRatio": 0.0431357745,
    "researchAndDevelopmentExpenses": 0,
    "generalAndAdministrativeExpenses": 1163000000,
    "sellingAndMarketingExpenses": 0,
    "sellingGeneralAndAdministrativeExpenses": 1163000000,
    "otherExpenses": 217000000,
    "operatingExpenses": 1380000000,
    "costAndExpenses": 39401000000,
    "interestIncome": 0,
    "interestExpense": 63000000,
    "depreciationAndAmortization": 230000000,
    "ebitda": 572000000,
    "ebitdaratio": 0.0143953693,
    "operatingIncome": 334000000,
    "operatingIncomeRatio": 0.0084056877,
    "totalOtherIncomeExpensesNet": -55000000,
    "incomeBeforeTax": 279000000,
    "incomeBeforeTaxRatio": 0.0070215176,
    "incomeTaxExpense": 59000000,
    "netIncome": 220000000,
    "netIncomeRatio": 0.0055366805,
    "eps": 0.75,
    "epsdiluted": 0.75,
    "weightedAverageShsOut": 292000000,
    "weightedAverageShsOutDil": 294000000,
    "link": "https://www.sec.gov/Archives/edgar/data/721371/000072137120000023/0000721371-20-000023-index.htm",
    "finalLink": "https://www.sec.gov/Archives/edgar/data/721371/000072137120000023/a20q210q123119form10-q.htm"
  },
  {
    "date": "2019-09-30",
    "symbol": "CAH",
    "reportedCurrency": "USD",
    "cik": "0000721371",
    "fillingDate": "2019-11-07",
    "acceptedDate": "2019-11-07 16:20:42",
    "calendarYear": "2020",
    "period": "Q1",
    "revenue": 37341000000,
    "costOfRevenue": 35662000000,
    "grossProfit": 1679000000,
    "grossProfitRatio": 0.0449639806,
    "researchAndDevelopmentExpenses": 0,
    "generalAndAdministrativeExpenses": 0,
    "sellingAndMarketingExpenses": 1107000000,
    "sellingGeneralAndAdministrativeExpenses": 1107000000,
    "otherExpenses": 5836000000,
    "operatingExpenses": 6943000000,
    "costAndExpenses": 42605000000,
    "interestIncome": 0,
    "interestExpense": 66000000,
    "depreciationAndAmortization": 234000000,
    "ebitda": -5044000000,
    "ebitdaratio": -0.1350794033,
    "operatingIncome": -5264000000,
    "operatingIncomeRatio": -0.1409710506,
    "totalOtherIncomeExpensesNet": -80000000,
    "incomeBeforeTax": -5344000000,
    "incomeBeforeTaxRatio": -0.1431134678,
    "incomeTaxExpense": -423000000,
    "netIncome": -4922000000,
    "netIncomeRatio": -0.1318122171,
    "eps": -16.65,
    "epsdiluted": -16.63,
    "weightedAverageShsOut": 295615615,
    "weightedAverageShsOutDil": 296000000,
    "link": "https://www.sec.gov/Archives/edgar/data/721371/000072137119000127/0000721371-19-000127-index.htm",
    "finalLink": "https://www.sec.gov/Archives/edgar/data/721371/000072137119000127/a20q110q093019form10-q.htm"
  },
  {
    "date": "2019-06-30",
    "symbol": "CAH",
    "reportedCurrency": "USD",
    "cik": "0000721371",
    "fillingDate": "2019-08-20",
    "acceptedDate": "2019-08-20 16:30:26",
    "calendarYear": "2019",
    "period": "Q4",
    "revenue": 37353000000,
    "costOfRevenue": 35679000000,
    "grossProfit": 1674000000,
    "grossProfitRatio": 0.0448156775,
    "researchAndDevelopmentExpenses": 0,
    "generalAndAdministrativeExpenses": 1165000000,
    "sellingAndMarketingExpenses": 3000000,
    "sellingGeneralAndAdministrativeExpenses": 1168000000,
    "otherExpenses": 201000000,
    "operatingExpenses": 1366000000,
    "costAndExpenses": 37045000000,
    "interestIncome": 0,
    "interestExpense": 67000000,
    "depreciationAndAmortization": 241000000,
    "ebitda": 547000000,
    "ebitdaratio": 0.0146440714,
    "operatingIncome": 308000000,
    "operatingIncomeRatio": 0.0082456563,
    "totalOtherIncomeExpensesNet": -69000000,
    "incomeBeforeTax": 238000000,
    "incomeBeforeTaxRatio": 0.0063716435,
    "incomeTaxExpense": 44000000,
    "netIncome": 194000000,
    "netIncomeRatio": 0.0051936926,
    "eps": 0.65,
    "epsdiluted": 0.65,
    "weightedAverageShsOut": 298000000,
    "weightedAverageShsOutDil": 300000000,
    "link": "https://www.sec.gov/Archives/edgar/data/721371/000072137119000090/0000721371-19-000090-index.htm",
    "finalLink": "https://www.sec.gov/Archives/edgar/data/721371/000072137119000090/a19q4_10kx063019xform10-k.htm"
  },
  {
    "date": "2019-03-31",
    "symbol": "CAH",
    "reportedCurrency": "USD",
    "cik": "0000721371",
    "fillingDate": "2019-05-09",
    "acceptedDate": "2019-05-09 09:19:20",
    "calendarYear": "2019",
    "period": "Q3",
    "revenue": 35228000000,
    "costOfRevenue": 33464000000,
    "grossProfit": 1764000000,
    "grossProfitRatio": 0.0500738049,
    "researchAndDevelopmentExpenses": 0,
    "generalAndAdministrativeExpenses": 0,
    "sellingAndMarketingExpenses": 1097000000,
    "sellingGeneralAndAdministrativeExpenses": 1097000000,
    "otherExpenses": 235000000,
    "operatingExpenses": 1332000000,
    "costAndExpenses": 34796000000,
    "interestIncome": 0,
    "interestExpense": 75000000,
    "depreciationAndAmortization": 261000000,
    "ebitda": 706000000,
    "ebitdaratio": 0.0200408766,
    "operatingIncome": 432000000,
    "operatingIncomeRatio": 0.0122629726,
    "totalOtherIncomeExpensesNet": -62000000,
    "incomeBeforeTax": 370000000,
    "incomeBeforeTaxRatio": 0.010503009,
    "incomeTaxExpense": 74000000,
    "netIncome": 296000000,
    "netIncomeRatio": 0.0084024072,
    "eps": 0.99,
    "epsdiluted": 0.99,
    "weightedAverageShsOut": 298000000,
    "weightedAverageShsOutDil": 299000000,
    "link": "https://www.sec.gov/Archives/edgar/data/721371/000072137119000030/0000721371-19-000030-index.htm",
    "finalLink": "https://www.sec.gov/Archives/edgar/data/721371/000072137119000030/a19q3_10qx33119xform10-q.htm"
  },
  {
    "date": "2018-12-31",
    "symbol": "CAH",
    "reportedCurrency": "USD",
    "cik": "0000721371",
    "fillingDate": "2019-02-07",
    "acceptedDate": "2019-02-07 09:17:06",
    "calendarYear": "2019",
    "period": "Q2",
    "revenue": 37740000000,
    "costOfRevenue": 36010000000,
    "grossProfit": 1730000000,
    "grossProfitRatio": 0.0458399576,
    "researchAndDevelopmentExpenses": 0,
    "generalAndAdministrativeExpenses": 1064000000,
    "sellingAndMarketingExpenses": 0,
    "sellingGeneralAndAdministrativeExpenses": 1064000000,
    "otherExpenses": 162000000,
    "operatingExpenses": 1226000000,
    "costAndExpenses": 37236000000,
    "interestIncome": 0,
    "interestExpense": 76000000,
    "depreciationAndAmortization": 253000000,
    "ebitda": 736000000,
    "ebitdaratio": 0.0195018548,
    "operatingIncome": 504000000,
    "operatingIncomeRatio": 0.013354531,
    "totalOtherIncomeExpensesNet": -97000000,
    "incomeBeforeTax": 407000000,
    "incomeBeforeTaxRatio": 0.0107843137,
    "incomeTaxExpense": 126000000,
    "netIncome": 280000000,
    "netIncomeRatio": 0.0074191839,
    "eps": 0.94,
    "epsdiluted": 0.93,
    "weightedAverageShsOut": 299000000,
    "weightedAverageShsOutDil": 300000000,
    "link": "https://www.sec.gov/Archives/edgar/data/721371/000072137119000010/0000721371-19-000010-index.htm",
    "finalLink": "https://www.sec.gov/Archives/edgar/data/721371/000072137119000010/a19q2_10qx123118xform10-q.htm"
  },
  {
    "date": "2018-09-30",
    "symbol": "CAH",
    "reportedCurrency": "USD",
    "cik": "0000721371",
    "fillingDate": "2018-11-08",
    "acceptedDate": "2018-11-08 09:16:17",
    "calendarYear": "2019",
    "period": "Q1",
    "revenue": 35213000000,
    "costOfRevenue": 33546000000,
    "grossProfit": 1667000000,
    "grossProfitRatio": 0.0473404708,
    "researchAndDevelopmentExpenses": 0,
    "generalAndAdministrativeExpenses": 0,
    "sellingAndMarketingExpenses": 1155000000,
    "sellingGeneralAndAdministrativeExpenses": 1155000000,
    "otherExpenses": -304000000,
    "operatingExpenses": 851000000,
    "costAndExpenses": 34397000000,
    "interestIncome": 0,
    "interestExpense": 77000000,
    "depreciationAndAmortization": 245000000,
    "ebitda": 1058000000,
    "ebitdaratio": 0.0300457218,
    "operatingIncome": 816000000,
    "operatingIncomeRatio": 0.0231732599,
    "totalOtherIncomeExpensesNet": -80000000,
    "incomeBeforeTax": 736000000,
    "incomeBeforeTaxRatio": 0.0209013717,
    "incomeTaxExpense": 142000000,
    "netIncome": 593000000,
    "netIncomeRatio": 0.0168403715,
    "eps": 1.95,
    "epsdiluted": 1.94,
    "weightedAverageShsOut": 305000000,
    "weightedAverageShsOutDil": 306000000,
    "link": "https://www.sec.gov/Archives/edgar/data/721371/000072137118000100/0000721371-18-000100-index.htm",
    "finalLink": "https://www.sec.gov/Archives/edgar/data/721371/000072137118000100/a19q1_10qx093018xform10-q.htm"
  },
  {
    "date": "2018-06-30",
    "symbol": "CAH",
    "reportedCurrency": "USD",
    "cik": "0000721371",
    "fillingDate": "2018-08-22",
    "acceptedDate": "2018-08-22 16:23:32",
    "calendarYear": "2018",
    "period": "Q4",
    "revenue": 35349000000,
    "costOfRevenue": 33614000000,
    "grossProfit": 1735000000,
    "grossProfitRatio": 0.0490820108,
    "researchAndDevelopmentExpenses": 0,
    "generalAndAdministrativeExpenses": 1271000000,
    "sellingAndMarketingExpenses": -1000000,
    "sellingGeneralAndAdministrativeExpenses": 1270000000,
    "otherExpenses": 1544000000,
    "operatingExpenses": 2815000000,
    "costAndExpenses": 36429000000,
    "interestIncome": 0,
    "interestExpense": 78000000,
    "depreciationAndAmortization": 253000000,
    "ebitda": -856000000,
    "ebitdaratio": -0.024215678,
    "operatingIncome": -1080000000,
    "operatingIncomeRatio": -0.0305524909,
    "totalOtherIncomeExpensesNet": -107000000,
    "incomeBeforeTax": -1187000000,
    "incomeBeforeTaxRatio": -0.0335794506,
    "incomeTaxExpense": -21000000,
    "netIncome": -1166000000,
    "netIncomeRatio": -0.0329853744,
    "eps": -3.76,
    "epsdiluted": -3.76,
    "weightedAverageShsOut": 309774199,
    "weightedAverageShsOutDil": 310000000,
    "link": "https://www.sec.gov/Archives/edgar/data/721371/000072137118000077/0000721371-18-000077-index.htm",
    "finalLink": "https://www.sec.gov/Archives/edgar/data/721371/000072137118000077/a18q4_10kx063018xform10-k.htm"
  },
  {
    "date": "2018-03-31",
    "symbol": "CAH",
    "reportedCurrency": "USD",
    "cik": "0000721371",
    "fillingDate": "2018-05-09",
    "acceptedDate": "2018-05-09 09:20:54",
    "calendarYear": "2018",
    "period": "Q3",
    "revenue": 33633000000,
    "costOfRevenue": 31720000000,
    "grossProfit": 1913000000,
    "grossProfitRatio": 0.0568786608,
    "researchAndDevelopmentExpenses": 0,
    "generalAndAdministrativeExpenses": 0,
    "sellingAndMarketingExpenses": 1132000000,
    "sellingGeneralAndAdministrativeExpenses": 1132000000,
    "otherExpenses": 235000000,
    "operatingExpenses": 1367000000,
    "costAndExpenses": 33087000000,
    "interestIncome": 0,
    "interestExpense": 84000000,
    "depreciationAndAmortization": 259000000,
    "ebitda": 807000000,
    "ebitdaratio": 0.0239942913,
    "operatingIncome": 546000000,
    "operatingIncomeRatio": 0.0162340558,
    "totalOtherIncomeExpensesNet": -82000000,
    "incomeBeforeTax": 464000000,
    "incomeBeforeTaxRatio": 0.0137959742,
    "incomeTaxExpense": 209000000,
    "netIncome": 255000000,
    "netIncomeRatio": 0.0075818393,
    "eps": 0.81,
    "epsdiluted": 0.81,
    "weightedAverageShsOut": 313000000,
    "weightedAverageShsOutDil": 315000000,
    "link": "https://www.sec.gov/Archives/edgar/data/721371/000072137118000038/0000721371-18-000038-index.htm",
    "finalLink": "https://www.sec.gov/Archives/edgar/data/721371/000072137118000038/a18q3_10qx033118xform10-q.htm"
  },
  {
    "date": "2017-12-31",
    "symbol": "CAH",
    "reportedCurrency": "USD",
    "cik": "0000721371",
    "fillingDate": "2018-02-08",
    "acceptedDate": "2018-02-08 16:36:51",
    "calendarYear": "2018",
    "period": "Q2",
    "revenue": 35186000000,
    "costOfRevenue": 33325000000,
    "grossProfit": 1861000000,
    "grossProfitRatio": 0.0528903541,
    "researchAndDevelopmentExpenses": 0,
    "generalAndAdministrativeExpenses": 1131000000,
    "sellingAndMarketingExpenses": 0,
    "sellingGeneralAndAdministrativeExpenses": 1131000000,
    "otherExpenses": 331000000,
    "operatingExpenses": 1462000000,
    "costAndExpenses": 34787000000,
    "interestIncome": 0,
    "interestExpense": 87000000,
    "depreciationAndAmortization": 291000000,
    "ebitda": 695000000,
    "ebitdaratio": 0.0197521742,
    "operatingIncome": 399000000,
    "operatingIncomeRatio": 0.0113397374,
    "totalOtherIncomeExpensesNet": -82000000,
    "incomeBeforeTax": 317000000,
    "incomeBeforeTaxRatio": 0.009009265,
    "incomeTaxExpense": -736000000,
    "netIncome": 1053000000,
    "netIncomeRatio": 0.0299266754,
    "eps": 3.35,
    "epsdiluted": 3.33,
    "weightedAverageShsOut": 315000000,
    "weightedAverageShsOutDil": 316000000,
    "link": "https://www.sec.gov/Archives/edgar/data/721371/000072137118000020/0000721371-18-000020-index.htm",
    "finalLink": "https://www.sec.gov/Archives/edgar/data/721371/000072137118000020/a18q2_10qx123117xform10-q.htm"
  },
  {
    "date": "2017-09-30",
    "symbol": "CAH",
    "reportedCurrency": "USD",
    "cik": "0000721371",
    "fillingDate": "2017-11-07",
    "acceptedDate": "2017-11-07 16:22:15",
    "calendarYear": "2018",
    "period": "Q1",
    "revenue": 32641000000,
    "costOfRevenue": 30969000000,
    "grossProfit": 1672000000,
    "grossProfitRatio": 0.0512239208,
    "researchAndDevelopmentExpenses": 0,
    "generalAndAdministrativeExpenses": 0,
    "sellingAndMarketingExpenses": 1062000000,
    "sellingGeneralAndAdministrativeExpenses": 1062000000,
    "otherExpenses": 348000000,
    "operatingExpenses": 1410000000,
    "costAndExpenses": 32379000000,
    "interestIncome": 0,
    "interestExpense": 81000000,
    "depreciationAndAmortization": 229000000,
    "ebitda": 488000000,
    "ebitdaratio": 0.0149505223,
    "operatingIncome": 262000000,
    "operatingIncomeRatio": 0.0080267149,
    "totalOtherIncomeExpensesNet": -84000000,
    "incomeBeforeTax": 178000000,
    "incomeBeforeTaxRatio": 0.0054532643,
    "incomeTaxExpense": 61000000,
    "netIncome": 115000000,
    "netIncomeRatio": 0.0035231764,
    "eps": 0.36,
    "epsdiluted": 0.36,
    "weightedAverageShsOut": 316000000,
    "weightedAverageShsOutDil": 318000000,
    "link": "https://www.sec.gov/Archives/edgar/data/721371/000072137117000145/0000721371-17-000145-index.htm",
    "finalLink": "https://www.sec.gov/Archives/edgar/data/721371/000072137117000145/a18q1_10qx093017xform10-q.htm"
  },
  {
    "date": "2017-06-30",
    "symbol": "CAH",
    "reportedCurrency": "USD",
    "cik": "0000721371",
    "fillingDate": "2017-08-10",
    "acceptedDate": "2017-08-10 17:26:53",
    "calendarYear": "2017",
    "period": "Q4",
    "revenue": 32966000000,
    "costOfRevenue": 31343000000,
    "grossProfit": 1623000000,
    "grossProfitRatio": 0.0492325426,
    "researchAndDevelopmentExpenses": 0,
    "generalAndAdministrativeExpenses": 983000000,
    "sellingAndMarketingExpenses": 0,
    "sellingGeneralAndAdministrativeExpenses": 983000000,
    "otherExpenses": 201000000,
    "operatingExpenses": 1184000000,
    "costAndExpenses": 32527000000,
    "interestIncome": 0,
    "interestExpense": 67000000,
    "depreciationAndAmortization": 192000000,
    "ebitda": 634000000,
    "ebitdaratio": 0.0192319359,
    "operatingIncome": 439000000,
    "operatingIncomeRatio": 0.0133167506,
    "totalOtherIncomeExpensesNet": -64000000,
    "incomeBeforeTax": 374000000,
    "incomeBeforeTaxRatio": 0.0113450221,
    "incomeTaxExpense": 96000000,
    "netIncome": 274000000,
    "netIncomeRatio": 0.0083115938,
    "eps": 0.87,
    "epsdiluted": 0.86,
    "weightedAverageShsOut": 316000000,
    "weightedAverageShsOutDil": 318000000,
    "link": "https://www.sec.gov/Archives/edgar/data/721371/000072137117000083/0000721371-17-000083-index.htm",
    "finalLink": "https://www.sec.gov/Archives/edgar/data/721371/000072137117000083/a17q4_10kx63017xform10-k.htm"
  },
  {
    "date": "2017-03-31",
    "symbol": "CAH",
    "reportedCurrency": "USD",
    "cik": "0000721371",
    "fillingDate": "2017-05-02",
    "acceptedDate": "2017-05-02 16:07:42",
    "calendarYear": "2017",
    "period": "Q3",
    "revenue": 31821000000,
    "costOfRevenue": 30093000000,
    "grossProfit": 1728000000,
    "grossProfitRatio": 0.0543037617,
    "researchAndDevelopmentExpenses": 0,
    "generalAndAdministrativeExpenses": 0,
    "sellingAndMarketingExpenses": 960000000,
    "sellingGeneralAndAdministrativeExpenses": 960000000,
    "otherExpenses": 163000000,
    "operatingExpenses": 1123000000,
    "costAndExpenses": 31216000000,
    "interestIncome": 0,
    "interestExpense": 46000000,
    "depreciationAndAmortization": 186000000,
    "ebitda": 796000000,
    "ebitdaratio": 0.0250149272,
    "operatingIncome": 605000000,
    "operatingIncomeRatio": 0.0190126017,
    "totalOtherIncomeExpensesNet": -41000000,
    "incomeBeforeTax": 564000000,
    "incomeBeforeTaxRatio": 0.0177241444,
    "incomeTaxExpense": 182000000,
    "netIncome": 381000000,
    "netIncomeRatio": 0.0119732252,
    "eps": 1.21,
    "epsdiluted": 1.2,
    "weightedAverageShsOut": 316000000,
    "weightedAverageShsOutDil": 318000000,
    "link": "https://www.sec.gov/Archives/edgar/data/721371/000072137117000031/0000721371-17-000031-index.htm",
    "finalLink": "https://www.sec.gov/Archives/edgar/data/721371/000072137117000031/a17q3_10qx033117xform10-q.htm"
  },
  {
    "date": "2016-12-31",
    "symbol": "CAH",
    "reportedCurrency": "USD",
    "cik": "0000721371",
    "fillingDate": "2017-02-07",
    "acceptedDate": "2017-02-07 16:21:14",
    "calendarYear": "2017",
    "period": "Q2",
    "revenue": 33150000000,
    "costOfRevenue": 31548000000,
    "grossProfit": 1602000000,
    "grossProfitRatio": 0.0483257919,
    "researchAndDevelopmentExpenses": 0,
    "generalAndAdministrativeExpenses": 910000000,
    "sellingAndMarketingExpenses": 0,
    "sellingGeneralAndAdministrativeExpenses": 910000000,
    "otherExpenses": 150000000,
    "operatingExpenses": 1060000000,
    "costAndExpenses": 32608000000,
    "interestIncome": 0,
    "interestExpense": 44000000,
    "depreciationAndAmortization": 166000000,
    "ebitda": 701000000,
    "ebitdaratio": 0.0211463047,
    "operatingIncome": 542000000,
    "operatingIncomeRatio": 0.0163499246,
    "totalOtherIncomeExpensesNet": -51000000,
    "incomeBeforeTax": 491000000,
    "incomeBeforeTaxRatio": 0.014811463,
    "incomeTaxExpense": 167000000,
    "netIncome": 324000000,
    "netIncomeRatio": 0.0097737557,
    "eps": 1.02,
    "epsdiluted": 1.02,
    "weightedAverageShsOut": 318000000,
    "weightedAverageShsOutDil": 319000000,
    "link": "https://www.sec.gov/Archives/edgar/data/721371/000072137117000015/0000721371-17-000015-index.htm",
    "finalLink": "https://www.sec.gov/Archives/edgar/data/721371/000072137117000015/a17q2_10qx123116xform10-q.htm"
  },
  {
    "date": "2016-09-30",
    "symbol": "CAH",
    "reportedCurrency": "USD",
    "cik": "0000721371",
    "fillingDate": "2016-11-02",
    "acceptedDate": "2016-11-02 16:23:34",
    "calendarYear": "2017",
    "period": "Q1",
    "revenue": 32039000000,
    "costOfRevenue": 30449000000,
    "grossProfit": 1590000000,
    "grossProfitRatio": 0.0496270171,
    "researchAndDevelopmentExpenses": 0,
    "generalAndAdministrativeExpenses": 0,
    "sellingAndMarketingExpenses": 920000000,
    "sellingGeneralAndAdministrativeExpenses": 920000000,
    "otherExpenses": 135000000,
    "operatingExpenses": 1055000000,
    "costAndExpenses": 31504000000,
    "interestIncome": 0,
    "interestExpense": 44000000,
    "depreciationAndAmortization": 173000000,
    "ebitda": 711000000,
    "ebitdaratio": 0.0221917039,
    "operatingIncome": 535000000,
    "operatingIncomeRatio": 0.0166983988,
    "totalOtherIncomeExpensesNet": -41000000,
    "incomeBeforeTax": 494000000,
    "incomeBeforeTaxRatio": 0.0154187084,
    "incomeTaxExpense": 184000000,
    "netIncome": 309000000,
    "netIncomeRatio": 0.0096444958,
    "eps": 0.97,
    "epsdiluted": 0.96,
    "weightedAverageShsOut": 320000000,
    "weightedAverageShsOutDil": 322000000,
    "link": "https://www.sec.gov/Archives/edgar/data/721371/000072137116000323/0000721371-16-000323-index.htm",
    "finalLink": "https://www.sec.gov/Archives/edgar/data/721371/000072137116000323/a17q1_10qx93016xform10-q.htm"
  },
  {
    "date": "2016-06-30",
    "symbol": "CAH",
    "reportedCurrency": "USD",
    "cik": "0000721371",
    "fillingDate": "2016-08-12",
    "acceptedDate": "2016-08-12 06:51:59",
    "calendarYear": "2016",
    "period": "Q4",
    "revenue": 31384000000,
    "costOfRevenue": 29718000000,
    "grossProfit": 1665000000,
    "grossProfitRatio": 0.0530525108,
    "researchAndDevelopmentExpenses": 0,
    "generalAndAdministrativeExpenses": 970000000,
    "sellingAndMarketingExpenses": 0,
    "sellingGeneralAndAdministrativeExpenses": 970000000,
    "otherExpenses": 76000000,
    "operatingExpenses": 1046000000,
    "costAndExpenses": 30764000000,
    "interestIncome": 0,
    "interestExpense": 44000000,
    "depreciationAndAmortization": 176000000,
    "ebitda": 796000000,
    "ebitdaratio": 0.0253632424,
    "operatingIncome": 620000000,
    "operatingIncomeRatio": 0.0197552893,
    "totalOtherIncomeExpensesNet": -44000000,
    "incomeBeforeTax": 576000000,
    "incomeBeforeTaxRatio": 0.018353301,
    "incomeTaxExpense": 241000000,
    "netIncome": 333000000,
    "netIncomeRatio": 0.0106105022,
    "eps": 1.03,
    "epsdiluted": 1.02,
    "weightedAverageShsOut": 324000000,
    "weightedAverageShsOutDil": 327000000,
    "link": "https://www.sec.gov/Archives/edgar/data/721371/000072137116000277/0000721371-16-000277-index.htm",
    "finalLink": "https://www.sec.gov/Archives/edgar/data/721371/000072137116000277/a16q4_10kx63016xform10-k.htm"
  },
  {
    "date": "2016-03-31",
    "symbol": "CAH",
    "reportedCurrency": "USD",
    "cik": "0000721371",
    "fillingDate": "2016-05-03",
    "acceptedDate": "2016-05-03 16:27:49",
    "calendarYear": "2016",
    "period": "Q3",
    "revenue": 30662000000,
    "costOfRevenue": 28973000000,
    "grossProfit": 1689000000,
    "grossProfitRatio": 0.0550844694,
    "researchAndDevelopmentExpenses": 0,
    "generalAndAdministrativeExpenses": 0,
    "sellingAndMarketingExpenses": 914000000,
    "sellingGeneralAndAdministrativeExpenses": 914000000,
    "otherExpenses": 119000000,
    "operatingExpenses": 1033000000,
    "costAndExpenses": 30006000000,
    "interestIncome": 0,
    "interestExpense": 44000000,
    "depreciationAndAmortization": 159000000,
    "ebitda": 815000000,
    "ebitdaratio": 0.0265801318,
    "operatingIncome": 656000000,
    "operatingIncomeRatio": 0.02139456,
    "totalOtherIncomeExpensesNet": -44000000,
    "incomeBeforeTax": 612000000,
    "incomeBeforeTaxRatio": 0.0199595591,
    "incomeTaxExpense": 226000000,
    "netIncome": 386000000,
    "netIncomeRatio": 0.0125888722,
    "eps": 1.18,
    "epsdiluted": 1.17,
    "weightedAverageShsOut": 328000000,
    "weightedAverageShsOutDil": 331000000,
    "link": "https://www.sec.gov/Archives/edgar/data/721371/000072137116000221/0000721371-16-000221-index.htm",
    "finalLink": "https://www.sec.gov/Archives/edgar/data/721371/000072137116000221/a16q3_10qx33116xform10-q.htm"
  },
  {
    "date": "2015-12-31",
    "symbol": "CAH",
    "reportedCurrency": "USD",
    "cik": "0000721371",
    "fillingDate": "2016-02-02",
    "acceptedDate": "2016-02-02 16:07:04",
    "calendarYear": "2016",
    "period": "Q2",
    "revenue": 31445000000,
    "costOfRevenue": 29836000000,
    "grossProfit": 1609000000,
    "grossProfitRatio": 0.0511687073,
    "researchAndDevelopmentExpenses": 0,
    "generalAndAdministrativeExpenses": 922000000,
    "sellingAndMarketingExpenses": 922000000,
    "sellingGeneralAndAdministrativeExpenses": 922000000,
    "otherExpenses": 124000000,
    "operatingExpenses": 1046000000,
    "costAndExpenses": 30882000000,
    "interestIncome": 0,
    "interestExpense": 45000000,
    "depreciationAndAmortization": 169000000,
    "ebitda": 734000000,
    "ebitdaratio": 0.0233423438,
    "operatingIncome": 563000000,
    "operatingIncomeRatio": 0.0179042773,
    "totalOtherIncomeExpensesNet": -43000000,
    "incomeBeforeTax": 520000000,
    "incomeBeforeTaxRatio": 0.0165368103,
    "incomeTaxExpense": 194000000,
    "netIncome": 326000000,
    "netIncomeRatio": 0.010367308,
    "eps": 0.99,
    "epsdiluted": 0.98,
    "weightedAverageShsOut": 329000000,
    "weightedAverageShsOutDil": 332000000,
    "link": "https://www.sec.gov/Archives/edgar/data/721371/000072137116000207/0000721371-16-000207-index.htm",
    "finalLink": "https://www.sec.gov/Archives/edgar/data/721371/000072137116000207/a16q2_10qx123115xform10-q.htm"
  },
  {
    "date": "2015-09-30",
    "symbol": "CAH",
    "reportedCurrency": "USD",
    "cik": "0000721371",
    "fillingDate": "2015-11-03",
    "acceptedDate": "2015-11-03 16:13:22",
    "calendarYear": "2016",
    "period": "Q1",
    "revenue": 28055000000,
    "costOfRevenue": 26476000000,
    "grossProfit": 1579000000,
    "grossProfitRatio": 0.0562823026,
    "researchAndDevelopmentExpenses": 0,
    "generalAndAdministrativeExpenses": 0,
    "sellingAndMarketingExpenses": 842000000,
    "sellingGeneralAndAdministrativeExpenses": 842000000,
    "otherExpenses": 117000000,
    "operatingExpenses": 959000000,
    "costAndExpenses": 27435000000,
    "interestIncome": 0,
    "interestExpense": 44000000,
    "depreciationAndAmortization": 137000000,
    "ebitda": 749000000,
    "ebitdaratio": 0.0266975584,
    "operatingIncome": 620000000,
    "operatingIncomeRatio": 0.0220994475,
    "totalOtherIncomeExpensesNet": -52000000,
    "incomeBeforeTax": 568000000,
    "incomeBeforeTaxRatio": 0.0202459455,
    "incomeTaxExpense": 184000000,
    "netIncome": 383000000,
    "netIncomeRatio": 0.0136517555,
    "eps": 1.17,
    "epsdiluted": 1.15,
    "weightedAverageShsOut": 328000000,
    "weightedAverageShsOutDil": 331000000,
    "link": "https://www.sec.gov/Archives/edgar/data/721371/000072137115000161/0000721371-15-000161-index.htm",
    "finalLink": "https://www.sec.gov/Archives/edgar/data/721371/000072137115000161/a16q1_10qx93015xform10-q.htm"
  },
  {
    "date": "2015-06-30",
    "symbol": "CAH",
    "reportedCurrency": "USD",
    "cik": "0000721371",
    "fillingDate": "2015-08-13",
    "acceptedDate": "2015-08-13 08:58:08",
    "calendarYear": "2015",
    "period": "Q4",
    "revenue": 27548000000,
    "costOfRevenue": 26090000000,
    "grossProfit": 1458000000,
    "grossProfitRatio": 0.0529258022,
    "researchAndDevelopmentExpenses": 0,
    "generalAndAdministrativeExpenses": 847000000,
    "sellingAndMarketingExpenses": 0,
    "sellingGeneralAndAdministrativeExpenses": 847000000,
    "otherExpenses": 53000000,
    "operatingExpenses": 900000000,
    "costAndExpenses": 26990000000,
    "interestIncome": 0,
    "interestExpense": 36000000,
    "depreciationAndAmortization": 115000000,
    "ebitda": 674000000,
    "ebitdaratio": 0.0244663859,
    "operatingIncome": 558000000,
    "operatingIncomeRatio": 0.0202555539,
    "totalOtherIncomeExpensesNet": -35000000,
    "incomeBeforeTax": 523000000,
    "incomeBeforeTaxRatio": 0.0189850443,
    "incomeTaxExpense": 230000000,
    "netIncome": 295000000,
    "netIncomeRatio": 0.0107085814,
    "eps": 0.89,
    "epsdiluted": 0.88,
    "weightedAverageShsOut": 330000000,
    "weightedAverageShsOutDil": 333000000,
    "link": "https://www.sec.gov/Archives/edgar/data/721371/000072137115000107/0000721371-15-000107-index.htm",
    "finalLink": "https://www.sec.gov/Archives/edgar/data/721371/000072137115000107/a15q4_10kx63015xform10-k.htm"
  },
  {
    "date": "2015-03-31",
    "symbol": "CAH",
    "reportedCurrency": "USD",
    "cik": "0000721371",
    "fillingDate": "2015-05-05",
    "acceptedDate": "2015-05-05 16:02:26",
    "calendarYear": "2015",
    "period": "Q3",
    "revenue": 25375000000,
    "costOfRevenue": 23916000000,
    "grossProfit": 1459000000,
    "grossProfitRatio": 0.0574975369,
    "researchAndDevelopmentExpenses": 0,
    "generalAndAdministrativeExpenses": 0,
    "sellingAndMarketingExpenses": 803000000,
    "sellingGeneralAndAdministrativeExpenses": 803000000,
    "otherExpenses": 65000000,
    "operatingExpenses": 868000000,
    "costAndExpenses": 24784000000,
    "interestIncome": 0,
    "interestExpense": 35000000,
    "depreciationAndAmortization": 116000000,
    "ebitda": 709000000,
    "ebitdaratio": 0.0279408867,
    "operatingIncome": 591000000,
    "operatingIncomeRatio": 0.0232906404,
    "totalOtherIncomeExpensesNet": -33000000,
    "incomeBeforeTax": 558000000,
    "incomeBeforeTaxRatio": 0.0219901478,
    "incomeTaxExpense": 193000000,
    "netIncome": 365000000,
    "netIncomeRatio": 0.0143842365,
    "eps": 1.1,
    "epsdiluted": 1.09,
    "weightedAverageShsOut": 330000000,
    "weightedAverageShsOutDil": 334000000,
    "link": "https://www.sec.gov/Archives/edgar/data/721371/000072137115000030/0000721371-15-000030-index.htm",
    "finalLink": "https://www.sec.gov/Archives/edgar/data/721371/000072137115000030/a15q3_10qx33115xform10-q.htm"
  },
  {
    "date": "2014-12-31",
    "symbol": "CAH",
    "reportedCurrency": "USD",
    "cik": "0000721371",
    "fillingDate": "2015-02-03",
    "acceptedDate": "2015-02-03 16:04:08",
    "calendarYear": "2015",
    "period": "Q2",
    "revenue": 25537000000,
    "costOfRevenue": 24083000000,
    "grossProfit": 1454000000,
    "grossProfitRatio": 0.0569369934,
    "researchAndDevelopmentExpenses": 0,
    "generalAndAdministrativeExpenses": 815000000,
    "sellingAndMarketingExpenses": 815000000,
    "sellingGeneralAndAdministrativeExpenses": 815000000,
    "otherExpenses": 93000000,
    "operatingExpenses": 908000000,
    "costAndExpenses": 24991000000,
    "interestIncome": 0,
    "interestExpense": 36000000,
    "depreciationAndAmortization": 112000000,
    "ebitda": 599000000,
    "ebitdaratio": 0.0234561616,
    "operatingIncome": 546000000,
    "operatingIncomeRatio": 0.0213807417,
    "totalOtherIncomeExpensesNet": -95000000,
    "incomeBeforeTax": 451000000,
    "incomeBeforeTaxRatio": 0.0176606493,
    "incomeTaxExpense": 162000000,
    "netIncome": 289000000,
    "netIncomeRatio": 0.0113169127,
    "eps": 0.87,
    "epsdiluted": 0.86,
    "weightedAverageShsOut": 331000000,
    "weightedAverageShsOutDil": 334000000,
    "link": "https://www.sec.gov/Archives/edgar/data/721371/000072137115000007/0000721371-15-000007-index.htm",
    "finalLink": "https://www.sec.gov/Archives/edgar/data/721371/000072137115000007/a15q2_10qx123114xform10-q.htm"
  },
  {
    "date": "2014-09-30",
    "symbol": "CAH",
    "reportedCurrency": "USD",
    "cik": "0000721371",
    "fillingDate": "2014-11-05",
    "acceptedDate": "2014-11-05 16:11:30",
    "calendarYear": "2015",
    "period": "Q1",
    "revenue": 24070000000,
    "costOfRevenue": 22729000000,
    "grossProfit": 1341000000,
    "grossProfitRatio": 0.0557125052,
    "researchAndDevelopmentExpenses": 0,
    "generalAndAdministrativeExpenses": 0,
    "sellingAndMarketingExpenses": 775000000,
    "sellingGeneralAndAdministrativeExpenses": 775000000,
    "otherExpenses": 100000000,
    "operatingExpenses": 875000000,
    "costAndExpenses": 23604000000,
    "interestIncome": 0,
    "interestExpense": 34000000,
    "depreciationAndAmortization": 108000000,
    "ebitda": 577000000,
    "ebitdaratio": 0.0239717491,
    "operatingIncome": 466000000,
    "operatingIncomeRatio": 0.0193601994,
    "totalOtherIncomeExpensesNet": -31000000,
    "incomeBeforeTax": 435000000,
    "incomeBeforeTaxRatio": 0.0180722892,
    "incomeTaxExpense": 169000000,
    "netIncome": 266000000,
    "netIncomeRatio": 0.011051101,
    "eps": 0.79,
    "epsdiluted": 0.78,
    "weightedAverageShsOut": 336000000,
    "weightedAverageShsOutDil": 340000000,
    "link": "https://www.sec.gov/Archives/edgar/data/721371/000072137114000235/0000721371-14-000235-index.htm",
    "finalLink": "https://www.sec.gov/Archives/edgar/data/721371/000072137114000235/a15q1_10qx093014xform10-q.htm"
  },
  {
    "date": "2014-06-30",
    "symbol": "CAH",
    "reportedCurrency": "USD",
    "cik": "0000721371",
    "fillingDate": "2014-08-13",
    "acceptedDate": "2014-08-13 16:04:52",
    "calendarYear": "2014",
    "period": "Q4",
    "revenue": 22894000000,
    "costOfRevenue": 21638000000,
    "grossProfit": 1256000000,
    "grossProfitRatio": 0.0548615358,
    "researchAndDevelopmentExpenses": 0,
    "generalAndAdministrativeExpenses": 795000000,
    "sellingAndMarketingExpenses": 0,
    "sellingGeneralAndAdministrativeExpenses": 795000000,
    "otherExpenses": 74000000,
    "operatingExpenses": 869000000,
    "costAndExpenses": 22507000000,
    "interestIncome": 0,
    "interestExpense": 33000000,
    "depreciationAndAmortization": 115000000,
    "ebitda": 505000000,
    "ebitdaratio": 0.0220581812,
    "operatingIncome": 387000000,
    "operatingIncomeRatio": 0.0169039923,
    "totalOtherIncomeExpensesNet": -30000000,
    "incomeBeforeTax": 357000000,
    "incomeBeforeTaxRatio": 0.0155936053,
    "incomeTaxExpense": 123000000,
    "netIncome": 234000000,
    "netIncomeRatio": 0.0102210186,
    "eps": 0.69,
    "epsdiluted": 0.68,
    "weightedAverageShsOut": 339000000,
    "weightedAverageShsOutDil": 343000000,
    "link": "https://www.sec.gov/Archives/edgar/data/721371/000072137114000181/0000721371-14-000181-index.htm",
    "finalLink": "https://www.sec.gov/Archives/edgar/data/721371/000072137114000181/a14q4_10kx063014xform10-k.htm"
  },
  {
    "date": "2014-03-31",
    "symbol": "CAH",
    "reportedCurrency": "USD",
    "cik": "0000721371",
    "fillingDate": "2014-05-06",
    "acceptedDate": "2014-05-06 16:03:27",
    "calendarYear": "2014",
    "period": "Q3",
    "revenue": 21427000000,
    "costOfRevenue": 20130000000,
    "grossProfit": 1297000000,
    "grossProfitRatio": 0.0605311056,
    "researchAndDevelopmentExpenses": 0,
    "generalAndAdministrativeExpenses": 0,
    "sellingAndMarketingExpenses": 736000000,
    "sellingGeneralAndAdministrativeExpenses": 736000000,
    "otherExpenses": 53000000,
    "operatingExpenses": 789000000,
    "costAndExpenses": 20919000000,
    "interestIncome": 0,
    "interestExpense": 34000000,
    "depreciationAndAmortization": 110000000,
    "ebitda": 651000000,
    "ebitdaratio": 0.030382228,
    "operatingIncome": 508000000,
    "operatingIncomeRatio": 0.0237084053,
    "totalOtherIncomeExpensesNet": -1000000,
    "incomeBeforeTax": 507000000,
    "incomeBeforeTaxRatio": 0.0236617352,
    "incomeTaxExpense": 192000000,
    "netIncome": 315000000,
    "netIncomeRatio": 0.0147010781,
    "eps": 0.92,
    "epsdiluted": 0.91,
    "weightedAverageShsOut": 342000000,
    "weightedAverageShsOutDil": 347000000,
    "link": "https://www.sec.gov/Archives/edgar/data/721371/000072137114000112/0000721371-14-000112-index.htm",
    "finalLink": "https://www.sec.gov/Archives/edgar/data/721371/000072137114000112/a14q3_10qx033114xform10-q.htm"
  },
  {
    "date": "2013-12-31",
    "symbol": "CAH",
    "reportedCurrency": "USD",
    "cik": "0000721371",
    "fillingDate": "2014-02-06",
    "acceptedDate": "2014-02-06 08:40:26",
    "calendarYear": "2014",
    "period": "Q2",
    "revenue": 22240000000,
    "costOfRevenue": 20895000000,
    "grossProfit": 1345000000,
    "grossProfitRatio": 0.0604766187,
    "researchAndDevelopmentExpenses": 0,
    "generalAndAdministrativeExpenses": 766000000,
    "sellingAndMarketingExpenses": 766000000,
    "sellingGeneralAndAdministrativeExpenses": 766000000,
    "otherExpenses": 60000000,
    "operatingExpenses": 826000000,
    "costAndExpenses": 21721000000,
    "interestIncome": 0,
    "interestExpense": 33000000,
    "depreciationAndAmortization": 117000000,
    "ebitda": 642000000,
    "ebitdaratio": 0.0288669065,
    "operatingIncome": 519000000,
    "operatingIncomeRatio": 0.0233363309,
    "totalOtherIncomeExpensesNet": -27000000,
    "incomeBeforeTax": 492000000,
    "incomeBeforeTaxRatio": 0.0221223022,
    "incomeTaxExpense": 217000000,
    "netIncome": 278000000,
    "netIncomeRatio": 0.0125,
    "eps": 0.81,
    "epsdiluted": 0.8,
    "weightedAverageShsOut": 342000000,
    "weightedAverageShsOutDil": 346000000,
    "link": "https://www.sec.gov/Archives/edgar/data/721371/000072137114000089/0000721371-14-000089-index.htm",
    "finalLink": "https://www.sec.gov/Archives/edgar/data/721371/000072137114000089/a14q2_10qx123113xform10-q.htm"
  },
  {
    "date": "2013-09-30",
    "symbol": "CAH",
    "reportedCurrency": "USD",
    "cik": "0000721371",
    "fillingDate": "2013-11-07",
    "acceptedDate": "2013-11-07 16:10:17",
    "calendarYear": "2014",
    "period": "Q1",
    "revenue": 24523000000,
    "costOfRevenue": 23259000000,
    "grossProfit": 1264000000,
    "grossProfitRatio": 0.051543449,
    "researchAndDevelopmentExpenses": 0,
    "generalAndAdministrativeExpenses": 0,
    "sellingAndMarketingExpenses": 732000000,
    "sellingGeneralAndAdministrativeExpenses": 732000000,
    "otherExpenses": 61000000,
    "operatingExpenses": 793000000,
    "costAndExpenses": 24052000000,
    "interestIncome": 0,
    "interestExpense": 33000000,
    "depreciationAndAmortization": 117000000,
    "ebitda": 592000000,
    "ebitdaratio": 0.0241406027,
    "operatingIncome": 471000000,
    "operatingIncomeRatio": 0.0192064592,
    "totalOtherIncomeExpensesNet": -29000000,
    "incomeBeforeTax": 442000000,
    "incomeBeforeTaxRatio": 0.0180238959,
    "incomeTaxExpense": 102000000,
    "netIncome": 339000000,
    "netIncomeRatio": 0.0138237573,
    "eps": 1,
    "epsdiluted": 0.99,
    "weightedAverageShsOut": 340000000,
    "weightedAverageShsOutDil": 344000000,
    "link": "https://www.sec.gov/Archives/edgar/data/721371/000072137113000179/0000721371-13-000179-index.htm",
    "finalLink": "https://www.sec.gov/Archives/edgar/data/721371/000072137113000179/a14q1_10qx093013xform10-q.htm"
  },
  {
    "date": "2013-06-30",
    "symbol": "CAH",
    "reportedCurrency": "USD",
    "cik": "0000721371",
    "fillingDate": "2013-08-20",
    "acceptedDate": "2013-08-20 16:10:48",
    "calendarYear": "2013",
    "period": "Q4",
    "revenue": 25420000000,
    "costOfRevenue": 24172000000,
    "grossProfit": 1247000000,
    "grossProfitRatio": 0.0490558615,
    "researchAndDevelopmentExpenses": 0,
    "generalAndAdministrativeExpenses": 776000000,
    "sellingAndMarketingExpenses": -1000000,
    "sellingGeneralAndAdministrativeExpenses": 775000000,
    "otherExpenses": 915000000,
    "operatingExpenses": 1691000000,
    "costAndExpenses": 25863000000,
    "interestIncome": 0,
    "interestExpense": 36000000,
    "depreciationAndAmortization": 122000000,
    "ebitda": -323000000,
    "ebitdaratio": -0.0127065303,
    "operatingIncome": -443000000,
    "operatingIncomeRatio": -0.0174272227,
    "totalOtherIncomeExpensesNet": -38000000,
    "incomeBeforeTax": -480000000,
    "incomeBeforeTaxRatio": -0.0188827695,
    "incomeTaxExpense": 105000000,
    "netIncome": -586000000,
    "netIncomeRatio": -0.0230527144,
    "eps": -1.73,
    "epsdiluted": -1.72,
    "weightedAverageShsOut": 339701677,
    "weightedAverageShsOutDil": 341000000,
    "link": "https://www.sec.gov/Archives/edgar/data/721371/000072137113000154/0000721371-13-000154-index.htm",
    "finalLink": "https://www.sec.gov/Archives/edgar/data/721371/000072137113000154/a13q4_10kx063013xform10-k.htm"
  },
  {
    "date": "2013-03-31",
    "symbol": "CAH",
    "reportedCurrency": "USD",
    "cik": "0000721371",
    "fillingDate": "2013-05-08",
    "acceptedDate": "2013-05-08 16:01:47",
    "calendarYear": "2013",
    "period": "Q3",
    "revenue": 24552000000,
    "costOfRevenue": 23261000000,
    "grossProfit": 1291000000,
    "grossProfitRatio": 0.0525822744,
    "researchAndDevelopmentExpenses": 0,
    "generalAndAdministrativeExpenses": 0,
    "sellingAndMarketingExpenses": 712000000,
    "sellingGeneralAndAdministrativeExpenses": 712000000,
    "otherExpenses": 104000000,
    "operatingExpenses": 816000000,
    "costAndExpenses": 24077000000,
    "interestIncome": 0,
    "interestExpense": 34000000,
    "depreciationAndAmortization": 99000000,
    "ebitda": 580000000,
    "ebitdaratio": 0.0236233301,
    "operatingIncome": 475000000,
    "operatingIncomeRatio": 0.0193466927,
    "totalOtherIncomeExpensesNet": -28000000,
    "incomeBeforeTax": 447000000,
    "incomeBeforeTaxRatio": 0.0182062561,
    "incomeTaxExpense": 101000000,
    "netIncome": 345000000,
    "netIncomeRatio": 0.0140518084,
    "eps": 1.01,
    "epsdiluted": 1,
    "weightedAverageShsOut": 341000000,
    "weightedAverageShsOutDil": 345000000,
    "link": "https://www.sec.gov/Archives/edgar/data/721371/000072137113000054/0000721371-13-000054-index.htm",
    "finalLink": "https://www.sec.gov/Archives/edgar/data/721371/000072137113000054/a13q3_10qx033113xform10-q.htm"
  },
  {
    "date": "2012-12-31",
    "symbol": "CAH",
    "reportedCurrency": "USD",
    "cik": "0000721371",
    "fillingDate": "2013-02-06",
    "acceptedDate": "2013-02-06 16:02:37",
    "calendarYear": "2013",
    "period": "Q2",
    "revenue": 25232000000,
    "costOfRevenue": 24008000000,
    "grossProfit": 1224000000,
    "grossProfitRatio": 0.0485098288,
    "researchAndDevelopmentExpenses": 0,
    "generalAndAdministrativeExpenses": 699000000,
    "sellingAndMarketingExpenses": 699000000,
    "sellingGeneralAndAdministrativeExpenses": 699000000,
    "otherExpenses": 19000000,
    "operatingExpenses": 718000000,
    "costAndExpenses": 24726000000,
    "interestIncome": 0,
    "interestExpense": 27000000,
    "depreciationAndAmortization": 88000000,
    "ebitda": 598000000,
    "ebitdaratio": 0.0237000634,
    "operatingIncome": 506000000,
    "operatingIncomeRatio": 0.0200538998,
    "totalOtherIncomeExpensesNet": -23000000,
    "incomeBeforeTax": 483000000,
    "incomeBeforeTaxRatio": 0.0191423589,
    "incomeTaxExpense": 180000000,
    "netIncome": 303000000,
    "netIncomeRatio": 0.0120085606,
    "eps": 0.89,
    "epsdiluted": 0.88,
    "weightedAverageShsOut": 340000000,
    "weightedAverageShsOutDil": 343000000,
    "link": "https://www.sec.gov/Archives/edgar/data/721371/000072137113000022/0000721371-13-000022-index.htm",
    "finalLink": "https://www.sec.gov/Archives/edgar/data/721371/000072137113000022/a13q2_10qx123112xform10-q.htm"
  },
  {
    "date": "2012-09-30",
    "symbol": "CAH",
    "reportedCurrency": "USD",
    "cik": "0000721371",
    "fillingDate": "2012-11-09",
    "acceptedDate": "2012-11-09 06:18:06",
    "calendarYear": "2013",
    "period": "Q1",
    "revenue": 25889000000,
    "costOfRevenue": 24730000000,
    "grossProfit": 1159000000,
    "grossProfitRatio": 0.0447680482,
    "researchAndDevelopmentExpenses": 0,
    "generalAndAdministrativeExpenses": 0,
    "sellingAndMarketingExpenses": 690000000,
    "sellingGeneralAndAdministrativeExpenses": 690000000,
    "otherExpenses": 12000000,
    "operatingExpenses": 702000000,
    "costAndExpenses": 25432000000,
    "interestIncome": 0,
    "interestExpense": 26000000,
    "depreciationAndAmortization": 88000000,
    "ebitda": 553000000,
    "ebitdaratio": 0.0213604233,
    "operatingIncome": 457000000,
    "operatingIncomeRatio": 0.0176522848,
    "totalOtherIncomeExpensesNet": -18000000,
    "incomeBeforeTax": 439000000,
    "incomeBeforeTaxRatio": 0.0169570088,
    "incomeTaxExpense": 167000000,
    "netIncome": 271000000,
    "netIncomeRatio": 0.0104677662,
    "eps": 0.8,
    "epsdiluted": 0.79,
    "weightedAverageShsOut": 341000000,
    "weightedAverageShsOutDil": 344000000,
    "link": "https://www.sec.gov/Archives/edgar/data/721371/000072137112000146/0000721371-12-000146-index.htm",
    "finalLink": "https://www.sec.gov/Archives/edgar/data/721371/000072137112000146/a13q1_10qx093012xform10-q.htm"
  },
  {
    "date": "2012-06-30",
    "symbol": "CAH",
    "reportedCurrency": "USD",
    "cik": "0000721371",
    "fillingDate": "2012-08-22",
    "acceptedDate": "2012-08-22 07:54:24",
    "calendarYear": "2012",
    "period": "Q4",
    "revenue": 26764500000,
    "costOfRevenue": 25628500000,
    "grossProfit": 1136000000,
    "grossProfitRatio": 0.0424442825,
    "researchAndDevelopmentExpenses": 0,
    "generalAndAdministrativeExpenses": 711400000,
    "sellingAndMarketingExpenses": 600000,
    "sellingGeneralAndAdministrativeExpenses": 712000000,
    "otherExpenses": 20800000,
    "operatingExpenses": 732200000,
    "costAndExpenses": 26360700000,
    "interestIncome": 0,
    "interestExpense": 24800000,
    "depreciationAndAmortization": 85700000,
    "ebitda": 487500000,
    "ebitdaratio": 0.0182144258,
    "operatingIncome": 403800000,
    "operatingIncomeRatio": 0.015087149,
    "totalOtherIncomeExpensesNet": -26800000,
    "incomeBeforeTax": 377000000,
    "incomeBeforeTaxRatio": 0.0140858226,
    "incomeTaxExpense": 141000000,
    "netIncome": 236000000,
    "netIncomeRatio": 0.0088176502,
    "eps": 0.68,
    "epsdiluted": 0.68,
    "weightedAverageShsOut": 345000000,
    "weightedAverageShsOutDil": 349000000,
    "link": "https://www.sec.gov/Archives/edgar/data/721371/000072137112000069/0000721371-12-000069-index.htm",
    "finalLink": "https://www.sec.gov/Archives/edgar/data/721371/000072137112000069/cah-20120630x10k.htm"
  },
  {
    "date": "2012-03-31",
    "symbol": "CAH",
    "reportedCurrency": "USD",
    "cik": "0000721371",
    "fillingDate": "2012-05-08",
    "acceptedDate": "2012-05-08 13:47:21",
    "calendarYear": "2012",
    "period": "Q3",
    "revenue": 26918000000,
    "costOfRevenue": 25711000000,
    "grossProfit": 1206700000,
    "grossProfitRatio": 0.0448287391,
    "researchAndDevelopmentExpenses": 0,
    "generalAndAdministrativeExpenses": 0,
    "sellingAndMarketingExpenses": 682700000,
    "sellingGeneralAndAdministrativeExpenses": 682700000,
    "otherExpenses": -3000000,
    "operatingExpenses": 680000000,
    "costAndExpenses": 26391000000,
    "interestIncome": 0,
    "interestExpense": 24000000,
    "depreciationAndAmortization": 83000000,
    "ebitda": 617000000,
    "ebitdaratio": 0.0229214652,
    "operatingIncome": 527000000,
    "operatingIncomeRatio": 0.0195779776,
    "totalOtherIncomeExpensesNet": -17000000,
    "incomeBeforeTax": 510400000,
    "incomeBeforeTaxRatio": 0.0189612898,
    "incomeTaxExpense": 177900000,
    "netIncome": 333400000,
    "netIncomeRatio": 0.0123857642,
    "eps": 0.96,
    "epsdiluted": 0.95,
    "weightedAverageShsOut": 345000000,
    "weightedAverageShsOutDil": 349000000,
    "link": "https://www.sec.gov/Archives/edgar/data/721371/000119312512217818/0001193125-12-217818-index.htm",
    "finalLink": "https://www.sec.gov/Archives/edgar/data/721371/000119312512217818/d299321d10q.htm"
  },
  {
    "date": "2011-12-31",
    "symbol": "CAH",
    "reportedCurrency": "USD",
    "cik": "0000721371",
    "fillingDate": "2012-02-07",
    "acceptedDate": "2012-02-07 08:07:44",
    "calendarYear": "2012",
    "period": "Q2",
    "revenue": 27078000000,
    "costOfRevenue": 25964000000,
    "grossProfit": 1113900000,
    "grossProfitRatio": 0.0411367162,
    "researchAndDevelopmentExpenses": 0,
    "generalAndAdministrativeExpenses": 639800000,
    "sellingAndMarketingExpenses": 639800000,
    "sellingGeneralAndAdministrativeExpenses": 639800000,
    "otherExpenses": 25000000,
    "operatingExpenses": 665000000,
    "costAndExpenses": 26629000000,
    "interestIncome": 0,
    "interestExpense": 23000000,
    "depreciationAndAmortization": 78000000,
    "ebitda": 527000000,
    "ebitdaratio": 0.0194622941,
    "operatingIncome": 449000000,
    "operatingIncomeRatio": 0.0165817269,
    "totalOtherIncomeExpensesNet": -23000000,
    "incomeBeforeTax": 425600000,
    "incomeBeforeTaxRatio": 0.0157175567,
    "incomeTaxExpense": 161200000,
    "netIncome": 262000000,
    "netIncomeRatio": 0.0096757515,
    "eps": 0.76,
    "epsdiluted": 0.75,
    "weightedAverageShsOut": 345000000,
    "weightedAverageShsOutDil": 348800000,
    "link": "https://www.sec.gov/Archives/edgar/data/721371/000119312512042612/0001193125-12-042612-index.htm",
    "finalLink": "https://www.sec.gov/Archives/edgar/data/721371/000119312512042612/d263502d10q.htm"
  },
  {
    "date": "2011-09-30",
    "symbol": "CAH",
    "reportedCurrency": "USD",
    "cik": "0000721371",
    "fillingDate": "2011-11-04",
    "acceptedDate": "2011-11-04 07:31:10",
    "calendarYear": "2012",
    "period": "Q1",
    "revenue": 26792000000,
    "costOfRevenue": 25708000000,
    "grossProfit": 1084500000,
    "grossProfitRatio": 0.040478501,
    "researchAndDevelopmentExpenses": 0,
    "generalAndAdministrativeExpenses": 0,
    "sellingAndMarketingExpenses": 643300000,
    "sellingGeneralAndAdministrativeExpenses": 643300000,
    "otherExpenses": 28000000,
    "operatingExpenses": 672000000,
    "costAndExpenses": 26380000000,
    "interestIncome": 0,
    "interestExpense": 23000000,
    "depreciationAndAmortization": 78000000,
    "ebitda": 486000000,
    "ebitdaratio": 0.0181397432,
    "operatingIncome": 412000000,
    "operatingIncomeRatio": 0.0153777247,
    "totalOtherIncomeExpensesNet": -27000000,
    "incomeBeforeTax": 385000000,
    "incomeBeforeTaxRatio": 0.0143699612,
    "incomeTaxExpense": 147900000,
    "netIncome": 236800000,
    "netIncomeRatio": 0.0088384592,
    "eps": 0.69,
    "epsdiluted": 0.68,
    "weightedAverageShsOut": 344800000,
    "weightedAverageShsOutDil": 349400000,
    "link": "https://www.sec.gov/Archives/edgar/data/721371/000119312511296269/0001193125-11-296269-index.htm",
    "finalLink": "https://www.sec.gov/Archives/edgar/data/721371/000119312511296269/d231289d10q.htm"
  },
  {
    "date": "2011-06-30",
    "symbol": "CAH",
    "reportedCurrency": "USD",
    "cik": "0000721371",
    "fillingDate": "2011-08-26",
    "acceptedDate": "2011-08-26 08:14:14",
    "calendarYear": "2011",
    "period": "Q4",
    "revenue": 26763500000,
    "costOfRevenue": 25720200000,
    "grossProfit": 1043300000,
    "grossProfitRatio": 0.0389821959,
    "researchAndDevelopmentExpenses": 0,
    "generalAndAdministrativeExpenses": 671800000,
    "sellingAndMarketingExpenses": 0,
    "sellingGeneralAndAdministrativeExpenses": 671800000,
    "otherExpenses": 12600000,
    "operatingExpenses": 684400000,
    "costAndExpenses": 26404600000,
    "interestIncome": 0,
    "interestExpense": 0,
    "depreciationAndAmortization": 74100000,
    "ebitda": 395300000,
    "ebitdaratio": 0.014770116,
    "operatingIncome": 358900000,
    "operatingIncomeRatio": 0.0134100547,
    "totalOtherIncomeExpensesNet": -17600000,
    "incomeBeforeTax": 341300000,
    "incomeBeforeTaxRatio": 0.0127524427,
    "incomeTaxExpense": 133900000,
    "netIncome": 202700000,
    "netIncomeRatio": 0.0075737478,
    "eps": 0.59,
    "epsdiluted": 0.59,
    "weightedAverageShsOut": 344800000,
    "weightedAverageShsOutDil": 344800000,
    "link": "https://www.sec.gov/Archives/edgar/data/721371/000119312511233322/0001193125-11-233322-index.htm",
    "finalLink": "https://www.sec.gov/Archives/edgar/data/721371/000119312511233322/d10k.htm"
  },
  {
    "date": "2011-03-31",
    "symbol": "CAH",
    "reportedCurrency": "USD",
    "cik": "0000721371",
    "fillingDate": "2011-05-06",
    "acceptedDate": "2011-05-06 08:08:48",
    "calendarYear": "2011",
    "period": "Q3",
    "revenue": 26071400000,
    "costOfRevenue": 24909200000,
    "grossProfit": 1162200000,
    "grossProfitRatio": 0.0445775831,
    "researchAndDevelopmentExpenses": 0,
    "generalAndAdministrativeExpenses": 591900000,
    "sellingAndMarketingExpenses": 697300000,
    "sellingGeneralAndAdministrativeExpenses": 701600000,
    "otherExpenses": 45400000,
    "operatingExpenses": 714900000,
    "costAndExpenses": 25624100000,
    "interestIncome": 0,
    "interestExpense": 25100000,
    "depreciationAndAmortization": 97500000,
    "ebitda": 547700000,
    "ebitdaratio": 0.0210076943,
    "operatingIncome": 447300000,
    "operatingIncomeRatio": 0.0171567311,
    "totalOtherIncomeExpensesNet": -22200000,
    "incomeBeforeTax": 425100000,
    "incomeBeforeTaxRatio": 0.0163052233,
    "incomeTaxExpense": 175600000,
    "netIncome": 246000000,
    "netIncomeRatio": 0.0094356268,
    "eps": 0.71,
    "epsdiluted": 0.7,
    "weightedAverageShsOut": 348500000,
    "weightedAverageShsOutDil": 352900000,
    "link": "https://www.sec.gov/Archives/edgar/data/721371/000119312511129652/0001193125-11-129652-index.htm",
    "finalLink": "https://www.sec.gov/Archives/edgar/data/721371/000119312511129652/d10q.htm"
  },
  {
    "date": "2010-12-31",
    "symbol": "CAH",
    "reportedCurrency": "USD",
    "cik": "0000721371",
    "fillingDate": "2011-02-08",
    "acceptedDate": "2011-02-08 08:33:09",
    "calendarYear": "2011",
    "period": "Q2",
    "revenue": 25371800000,
    "costOfRevenue": 24377600000,
    "grossProfit": 994200000,
    "grossProfitRatio": 0.0391852372,
    "researchAndDevelopmentExpenses": 0,
    "generalAndAdministrativeExpenses": 628000000,
    "sellingAndMarketingExpenses": 0,
    "sellingGeneralAndAdministrativeExpenses": 628000000,
    "otherExpenses": 43600000,
    "operatingExpenses": 650300000,
    "costAndExpenses": 25027900000,
    "interestIncome": 0,
    "interestExpense": 21900000,
    "depreciationAndAmortization": 73200000,
    "ebitda": 422900000,
    "ebitdaratio": 0.0166681118,
    "operatingIncome": 343900000,
    "operatingIncomeRatio": 0.0135544187,
    "totalOtherIncomeExpensesNet": -16100000,
    "incomeBeforeTax": 327800000,
    "incomeBeforeTaxRatio": 0.0129198559,
    "incomeTaxExpense": 112800000,
    "netIncome": 215400000,
    "netIncomeRatio": 0.0084897406,
    "eps": 0.62,
    "epsdiluted": 0.61,
    "weightedAverageShsOut": 347600000,
    "weightedAverageShsOutDil": 350700000,
    "link": "https://www.sec.gov/Archives/edgar/data/721371/000119312511026660/0001193125-11-026660-index.htm",
    "finalLink": "https://www.sec.gov/Archives/edgar/data/721371/000119312511026660/d10q.htm"
  },
  {
    "date": "2010-09-30",
    "symbol": "CAH",
    "reportedCurrency": "USD",
    "cik": "0000721371",
    "fillingDate": "2010-11-08",
    "acceptedDate": "2010-11-08 08:24:47",
    "calendarYear": "2011",
    "period": "Q1",
    "revenue": 24437500000,
    "costOfRevenue": 23475300000,
    "grossProfit": 962200000,
    "grossProfitRatio": 0.039373913,
    "researchAndDevelopmentExpenses": 0,
    "generalAndAdministrativeExpenses": 701600000,
    "sellingAndMarketingExpenses": 591900000,
    "sellingGeneralAndAdministrativeExpenses": 593300000,
    "otherExpenses": 16800000,
    "operatingExpenses": 598300000,
    "costAndExpenses": 24073600000,
    "interestIncome": 0,
    "interestExpense": 22000000,
    "depreciationAndAmortization": 68500000,
    "ebitda": 514700000,
    "ebitdaratio": 0.0210618926,
    "operatingIncome": 363900000,
    "operatingIncomeRatio": 0.0148910486,
    "totalOtherIncomeExpensesNet": 60300000,
    "incomeBeforeTax": 424200000,
    "incomeBeforeTaxRatio": 0.0173585678,
    "incomeTaxExpense": 129800000,
    "netIncome": 294800000,
    "netIncomeRatio": 0.0120634271,
    "eps": 0.84,
    "epsdiluted": 0.84,
    "weightedAverageShsOut": 348900000,
    "weightedAverageShsOutDil": 351900000,
    "link": "https://www.sec.gov/Archives/edgar/data/721371/000119312510251178/0001193125-10-251178-index.htm",
    "finalLink": "https://www.sec.gov/Archives/edgar/data/721371/000119312510251178/d10q.htm"
  },
  {
    "date": "2010-06-30",
    "symbol": "CAH",
    "reportedCurrency": "USD",
    "cik": "0000721371",
    "fillingDate": "2010-08-26",
    "acceptedDate": "2010-08-26 16:01:59",
    "calendarYear": "2010",
    "period": "Q4",
    "revenue": 24459600000,
    "costOfRevenue": 23555500000,
    "grossProfit": 904100000,
    "grossProfitRatio": 0.036962992,
    "researchAndDevelopmentExpenses": 0,
    "generalAndAdministrativeExpenses": 617000000,
    "sellingAndMarketingExpenses": 0,
    "sellingGeneralAndAdministrativeExpenses": 617000000,
    "otherExpenses": -46800000,
    "operatingExpenses": 570200000,
    "costAndExpenses": 24125700000,
    "interestIncome": -100000,
    "interestExpense": 0,
    "depreciationAndAmortization": 60000000,
    "ebitda": 440600000,
    "ebitdaratio": 0.0180133772,
    "operatingIncome": 333900000,
    "operatingIncomeRatio": 0.0136510818,
    "totalOtherIncomeExpensesNet": -25500000,
    "incomeBeforeTax": 308400000,
    "incomeBeforeTaxRatio": 0.0126085463,
    "incomeTaxExpense": 114600000,
    "netIncome": 223500000,
    "netIncomeRatio": 0.0091375166,
    "eps": 0.64,
    "epsdiluted": 0.64,
    "weightedAverageShsOut": 348900000,
    "weightedAverageShsOutDil": 348900000,
    "link": "https://www.sec.gov/Archives/edgar/data/721371/000119312510198300/0001193125-10-198300-index.htm",
    "finalLink": "https://www.sec.gov/Archives/edgar/data/721371/000119312510198300/d10k.htm"
  },
  {
    "date": "2010-03-31",
    "symbol": "CAH",
    "reportedCurrency": "USD",
    "cik": "0000721371",
    "fillingDate": "2010-05-06",
    "acceptedDate": "2010-05-06 08:00:49",
    "calendarYear": "2010",
    "period": "Q3",
    "revenue": 24342800000,
    "costOfRevenue": 23332700000,
    "grossProfit": 1010100000,
    "grossProfitRatio": 0.0414948157,
    "researchAndDevelopmentExpenses": 0,
    "generalAndAdministrativeExpenses": 0,
    "sellingAndMarketingExpenses": 628600000,
    "sellingGeneralAndAdministrativeExpenses": 628600000,
    "otherExpenses": 18100000,
    "operatingExpenses": 643800000,
    "costAndExpenses": 23976500000,
    "interestIncome": 0,
    "interestExpense": 27700000,
    "depreciationAndAmortization": 68600000,
    "ebitda": 459500000,
    "ebitdaratio": 0.018876218,
    "operatingIncome": 366300000,
    "operatingIncomeRatio": 0.0150475705,
    "totalOtherIncomeExpensesNet": -3100000,
    "incomeBeforeTax": 363200000,
    "incomeBeforeTaxRatio": 0.0149202228,
    "incomeTaxExpense": 138400000,
    "netIncome": 222400000,
    "netIncomeRatio": 0.0091361717,
    "eps": 0.62,
    "epsdiluted": 0.61,
    "weightedAverageShsOut": 358700000,
    "weightedAverageShsOutDil": 361800000,
    "link": "https://www.sec.gov/Archives/edgar/data/721371/000119312510109891/0001193125-10-109891-index.htm",
    "finalLink": "https://www.sec.gov/Archives/edgar/data/721371/000119312510109891/d10q.htm"
  },
  {
    "date": "2009-12-31",
    "symbol": "CAH",
    "reportedCurrency": "USD",
    "cik": "0000721371",
    "fillingDate": "2010-02-05",
    "acceptedDate": "2010-02-05 16:00:50",
    "calendarYear": "2010",
    "period": "Q2",
    "revenue": 24919700000,
    "costOfRevenue": 23962000000,
    "grossProfit": 957700000,
    "grossProfitRatio": 0.0384314418,
    "researchAndDevelopmentExpenses": 0,
    "generalAndAdministrativeExpenses": 0,
    "sellingAndMarketingExpenses": 605200000,
    "sellingGeneralAndAdministrativeExpenses": 605200000,
    "otherExpenses": -39700000,
    "operatingExpenses": 590900000,
    "costAndExpenses": 24552900000,
    "interestIncome": 0,
    "interestExpense": 27400000,
    "depreciationAndAmortization": 59500000,
    "ebitda": 451900000,
    "ebitdaratio": 0.0181342472,
    "operatingIncome": 366800000,
    "operatingIncomeRatio": 0.0147192783,
    "totalOtherIncomeExpensesNet": -1800000,
    "incomeBeforeTax": 365000000,
    "incomeBeforeTaxRatio": 0.0146470463,
    "incomeTaxExpense": 134800000,
    "netIncome": 234500000,
    "netIncomeRatio": 0.0094102256,
    "eps": 0.65,
    "epsdiluted": 0.65,
    "weightedAverageShsOut": 359000000,
    "weightedAverageShsOutDil": 361000000,
    "link": "https://www.sec.gov/Archives/edgar/data/721371/000119312510023332/0001193125-10-023332-index.htm",
    "finalLink": "https://www.sec.gov/Archives/edgar/data/721371/000119312510023332/d10q.htm"
  },
  {
    "date": "2009-09-30",
    "symbol": "CAH",
    "reportedCurrency": "USD",
    "cik": "0000721371",
    "fillingDate": "2009-11-09",
    "acceptedDate": "2009-11-09 15:58:50",
    "calendarYear": "2010",
    "period": "Q1",
    "revenue": 24780700000,
    "costOfRevenue": 23871900000,
    "grossProfit": 908800000,
    "grossProfitRatio": 0.0366737017,
    "researchAndDevelopmentExpenses": 0,
    "generalAndAdministrativeExpenses": 0,
    "sellingAndMarketingExpenses": 586100000,
    "sellingGeneralAndAdministrativeExpenses": 586100000,
    "otherExpenses": 82800000,
    "operatingExpenses": 668900000,
    "costAndExpenses": 24540800000,
    "interestIncome": 0,
    "interestExpense": 33900000,
    "depreciationAndAmortization": 66300000,
    "ebitda": 275200000,
    "ebitdaratio": 0.0111054167,
    "operatingIncome": 239900000,
    "operatingIncomeRatio": 0.009680921,
    "totalOtherIncomeExpensesNet": -64900000,
    "incomeBeforeTax": 175000000,
    "incomeBeforeTaxRatio": 0.0070619474,
    "incomeTaxExpense": 236800000,
    "netIncome": -38200000,
    "netIncomeRatio": -0.0015415222,
    "eps": -0.11,
    "epsdiluted": -0.11,
    "weightedAverageShsOut": 359100000,
    "weightedAverageShsOutDil": 359100000,
    "link": "https://www.sec.gov/Archives/edgar/data/721371/000119312509229321/0001193125-09-229321-index.htm",
    "finalLink": "https://www.sec.gov/Archives/edgar/data/721371/000119312509229321/d10q.htm"
  },
  {
    "date": "2009-06-30",
    "symbol": "CAH",
    "reportedCurrency": "USD",
    "cik": "0000721371",
    "fillingDate": "2009-08-27",
    "acceptedDate": "2009-08-27 16:44:28",
    "calendarYear": "2009",
    "period": "Q4",
    "revenue": 25127000000,
    "costOfRevenue": 23783200000,
    "grossProfit": 1343800000,
    "grossProfitRatio": 0.05348032,
    "researchAndDevelopmentExpenses": 0,
    "generalAndAdministrativeExpenses": 854100000,
    "sellingAndMarketingExpenses": 0,
    "sellingGeneralAndAdministrativeExpenses": 854100000,
    "otherExpenses": 64500000,
    "operatingExpenses": 918600000,
    "costAndExpenses": 24701800000,
    "interestIncome": 0,
    "interestExpense": 33400000,
    "depreciationAndAmortization": 106000000,
    "ebitda": 531200000,
    "ebitdaratio": 0.0211406057,
    "operatingIncome": 425200000,
    "operatingIncomeRatio": 0.0169220361,
    "totalOtherIncomeExpensesNet": -33400000,
    "incomeBeforeTax": 391800000,
    "incomeBeforeTaxRatio": 0.0155927886,
    "incomeTaxExpense": 131100000,
    "netIncome": 273200000,
    "netIncomeRatio": 0.0108727663,
    "eps": 0.76,
    "epsdiluted": 0.76,
    "weightedAverageShsOut": 358500000,
    "weightedAverageShsOutDil": 359100000,
    "link": "https://www.sec.gov/Archives/edgar/data/721371/000119312509182992/0001193125-09-182992-index.htm",
    "finalLink": "https://www.sec.gov/Archives/edgar/data/721371/000119312509182992/d10k.htm"
  },
  {
    "date": "2009-03-31",
    "symbol": "CAH",
    "reportedCurrency": "USD",
    "cik": "0000721371",
    "fillingDate": "2009-05-07",
    "acceptedDate": "2009-05-07 16:05:24",
    "calendarYear": "2009",
    "period": "Q3",
    "revenue": 24089300000,
    "costOfRevenue": 23102400000,
    "grossProfit": 1401700000,
    "grossProfitRatio": 0.0581876601,
    "researchAndDevelopmentExpenses": 0,
    "generalAndAdministrativeExpenses": 882200000,
    "sellingAndMarketingExpenses": -32000000,
    "sellingGeneralAndAdministrativeExpenses": 850200000,
    "otherExpenses": 32400000,
    "operatingExpenses": 606000000,
    "costAndExpenses": 23708400000,
    "interestIncome": 0,
    "interestExpense": 30300000,
    "depreciationAndAmortization": 52700000,
    "ebitda": 427100000,
    "ebitdaratio": 0.0177298635,
    "operatingIncome": 380900000,
    "operatingIncomeRatio": 0.0158119995,
    "totalOtherIncomeExpensesNet": -36800000,
    "incomeBeforeTax": 435900000,
    "incomeBeforeTaxRatio": 0.0180951709,
    "incomeTaxExpense": 129000000,
    "netIncome": 312900000,
    "netIncomeRatio": 0.0129891695,
    "eps": 0.88,
    "epsdiluted": 0.87,
    "weightedAverageShsOut": 358100000,
    "weightedAverageShsOutDil": 360900000,
    "link": "https://www.sec.gov/Archives/edgar/data/721371/000119312509103334/0001193125-09-103334-index.htm",
    "finalLink": "https://www.sec.gov/Archives/edgar/data/721371/000119312509103334/d10q.htm"
  },
  {
    "date": "2008-12-31",
    "symbol": "CAH",
    "reportedCurrency": "USD",
    "cik": "0000721371",
    "fillingDate": "2009-02-09",
    "acceptedDate": "2009-02-09 10:12:36",
    "calendarYear": "2009",
    "period": "Q2",
    "revenue": 24117800000,
    "costOfRevenue": 23202700000,
    "grossProfit": 1416400000,
    "grossProfitRatio": 0.0587284081,
    "researchAndDevelopmentExpenses": 0,
    "generalAndAdministrativeExpenses": 851900000,
    "sellingAndMarketingExpenses": 0,
    "sellingGeneralAndAdministrativeExpenses": 851900000,
    "otherExpenses": 23800000,
    "operatingExpenses": 602000000,
    "costAndExpenses": 23804700000,
    "interestIncome": 0,
    "interestExpense": 22200000,
    "depreciationAndAmortization": 68700000,
    "ebitda": 362100000,
    "ebitdaratio": 0.0150138072,
    "operatingIncome": 313100000,
    "operatingIncomeRatio": 0.0129821128,
    "totalOtherIncomeExpensesNet": -41900000,
    "incomeBeforeTax": 475500000,
    "incomeBeforeTaxRatio": 0.0197157286,
    "incomeTaxExpense": 102200000,
    "netIncome": 318900000,
    "netIncomeRatio": 0.0132225991,
    "eps": 0.89,
    "epsdiluted": 0.88,
    "weightedAverageShsOut": 357300000,
    "weightedAverageShsOutDil": 360300000,
    "link": "https://www.sec.gov/Archives/edgar/data/721371/000119312509022052/0001193125-09-022052-index.htm",
    "finalLink": "https://www.sec.gov/Archives/edgar/data/721371/000119312509022052/d10q.htm"
  },
  {
    "date": "2008-09-30",
    "symbol": "CAH",
    "reportedCurrency": "USD",
    "cik": "0000721371",
    "fillingDate": "2008-11-07",
    "acceptedDate": "2008-11-07 16:11:16",
    "calendarYear": "2009",
    "period": "Q1",
    "revenue": 23437100000,
    "costOfRevenue": 22535900000,
    "grossProfit": 1364500000,
    "grossProfitRatio": 0.0582196603,
    "researchAndDevelopmentExpenses": 0,
    "generalAndAdministrativeExpenses": 850200000,
    "sellingAndMarketingExpenses": 32000000,
    "sellingGeneralAndAdministrativeExpenses": 882200000,
    "otherExpenses": 24300000,
    "operatingExpenses": 614600000,
    "costAndExpenses": 23150500000,
    "interestIncome": 0,
    "interestExpense": 29300000,
    "depreciationAndAmortization": 47400000,
    "ebitda": 331500000,
    "ebitdaratio": 0.0141442414,
    "operatingIncome": 286600000,
    "operatingIncomeRatio": 0.0122284754,
    "totalOtherIncomeExpensesNet": -31800000,
    "incomeBeforeTax": 363900000,
    "incomeBeforeTaxRatio": 0.015526665,
    "incomeTaxExpense": 82600000,
    "netIncome": 249100000,
    "netIncomeRatio": 0.0106284481,
    "eps": 0.7,
    "epsdiluted": 0.69,
    "weightedAverageShsOut": 356700000,
    "weightedAverageShsOutDil": 361100000,
    "link": "https://www.sec.gov/Archives/edgar/data/721371/000119312508230011/0001193125-08-230011-index.htm",
    "finalLink": "https://www.sec.gov/Archives/edgar/data/721371/000119312508230011/d10q.htm"
  },
  {
    "date": "2008-06-30",
    "symbol": "CAH",
    "reportedCurrency": "USD",
    "cik": "0000721371",
    "fillingDate": "2008-08-27",
    "acceptedDate": "2008-08-26 18:44:08",
    "calendarYear": "2008",
    "period": "Q4",
    "revenue": 22925600000,
    "costOfRevenue": 21456200000,
    "grossProfit": 1469400000,
    "grossProfitRatio": 0.0640942876,
    "researchAndDevelopmentExpenses": 0,
    "generalAndAdministrativeExpenses": 901300000,
    "sellingAndMarketingExpenses": 0,
    "sellingGeneralAndAdministrativeExpenses": 901300000,
    "otherExpenses": 32400000,
    "operatingExpenses": 933700000,
    "costAndExpenses": 22389900000,
    "interestIncome": 0,
    "interestExpense": 0,
    "depreciationAndAmortization": 96400000,
    "ebitda": 623200000,
    "ebitdaratio": 0.0271835852,
    "operatingIncome": 535700000,
    "operatingIncomeRatio": 0.0233668912,
    "totalOtherIncomeExpensesNet": -47400000,
    "incomeBeforeTax": 488300000,
    "incomeBeforeTaxRatio": 0.0212993335,
    "incomeTaxExpense": 166700000,
    "netIncome": 318000000,
    "netIncomeRatio": 0.0138709565,
    "eps": 0.89,
    "epsdiluted": 0.89,
    "weightedAverageShsOut": 355500000,
    "weightedAverageShsOutDil": 356700000,
    "link": "https://www.sec.gov/Archives/edgar/data/721371/000119312508184519/0001193125-08-184519-index.htm",
    "finalLink": "https://www.sec.gov/Archives/edgar/data/721371/000119312508184519/d10k.htm"
  },
  {
    "date": "2008-03-31",
    "symbol": "CAH",
    "reportedCurrency": "USD",
    "cik": "0000721371",
    "fillingDate": "2008-05-08",
    "acceptedDate": "2008-05-08 16:18:42",
    "calendarYear": "2008",
    "period": "Q3",
    "revenue": 22909600000,
    "costOfRevenue": 21441800000,
    "grossProfit": 1467800000,
    "grossProfitRatio": 0.0640692112,
    "researchAndDevelopmentExpenses": 0,
    "generalAndAdministrativeExpenses": 830100000,
    "sellingAndMarketingExpenses": 24400000,
    "sellingGeneralAndAdministrativeExpenses": 854500000,
    "otherExpenses": 36800000,
    "operatingExpenses": 891300000,
    "costAndExpenses": 22333100000,
    "interestIncome": 0,
    "interestExpense": 31100000,
    "depreciationAndAmortization": 93000000,
    "ebitda": 669500000,
    "ebitdaratio": 0.0292235569,
    "operatingIncome": 576500000,
    "operatingIncomeRatio": 0.0251641233,
    "totalOtherIncomeExpensesNet": -31100000,
    "incomeBeforeTax": 545400000,
    "incomeBeforeTaxRatio": 0.0238066138,
    "incomeTaxExpense": 179500000,
    "netIncome": 356000000,
    "netIncomeRatio": 0.0155393372,
    "eps": 1,
    "epsdiluted": 0.99,
    "weightedAverageShsOut": 355500000,
    "weightedAverageShsOutDil": 360200000,
    "link": "https://www.sec.gov/Archives/edgar/data/721371/000119312508107828/0001193125-08-107828-index.htm",
    "finalLink": "https://www.sec.gov/Archives/edgar/data/721371/000119312508107828/d10q.htm"
  },
  {
    "date": "2007-12-31",
    "symbol": "CAH",
    "reportedCurrency": "USD",
    "cik": "0000721371",
    "fillingDate": "2008-02-06",
    "acceptedDate": "2008-02-05 18:36:57",
    "calendarYear": "2008",
    "period": "Q2",
    "revenue": 23282700000,
    "costOfRevenue": 21928100000,
    "grossProfit": 1354600000,
    "grossProfitRatio": 0.0581805375,
    "researchAndDevelopmentExpenses": 0,
    "generalAndAdministrativeExpenses": 828900000,
    "sellingAndMarketingExpenses": 0,
    "sellingGeneralAndAdministrativeExpenses": 828900000,
    "otherExpenses": 6500000,
    "operatingExpenses": 835400000,
    "costAndExpenses": 22763500000,
    "interestIncome": 0,
    "interestExpense": 0,
    "depreciationAndAmortization": 97000000,
    "ebitda": 657700000,
    "ebitdaratio": 0.028248442,
    "operatingIncome": 519200000,
    "operatingIncomeRatio": 0.0222998192,
    "totalOtherIncomeExpensesNet": -50000000,
    "incomeBeforeTax": 469200000,
    "incomeBeforeTaxRatio": 0.0201523019,
    "incomeTaxExpense": 144100000,
    "netIncome": 324700000,
    "netIncomeRatio": 0.0139459771,
    "eps": 0.91,
    "epsdiluted": 0.89,
    "weightedAverageShsOut": 358700000,
    "weightedAverageShsOutDil": 364600000,
    "link": "https://www.sec.gov/Archives/edgar/data/721371/000119312508020700/0001193125-08-020700-index.htm",
    "finalLink": "https://www.sec.gov/Archives/edgar/data/721371/000119312508020700/d10q.htm"
  },
  {
    "date": "2007-09-30",
    "symbol": "CAH",
    "reportedCurrency": "USD",
    "cik": "0000721371",
    "fillingDate": "2007-11-07",
    "acceptedDate": "2007-11-07 16:19:34",
    "calendarYear": "2008",
    "period": "Q1",
    "revenue": 21973400000,
    "costOfRevenue": 20631200000,
    "grossProfit": 1342200000,
    "grossProfitRatio": 0.0610829457,
    "researchAndDevelopmentExpenses": 0,
    "generalAndAdministrativeExpenses": 854500000,
    "sellingAndMarketingExpenses": -24400000,
    "sellingGeneralAndAdministrativeExpenses": 830100000,
    "otherExpenses": 22300000,
    "operatingExpenses": 852400000,
    "costAndExpenses": 21483600000,
    "interestIncome": 0,
    "interestExpense": 0,
    "depreciationAndAmortization": 94900000,
    "ebitda": 604900000,
    "ebitdaratio": 0.0275287393,
    "operatingIncome": 489800000,
    "operatingIncomeRatio": 0.0222905877,
    "totalOtherIncomeExpensesNet": -42900000,
    "incomeBeforeTax": 446900000,
    "incomeBeforeTaxRatio": 0.0203382271,
    "incomeTaxExpense": 143700000,
    "netIncome": 301800000,
    "netIncomeRatio": 0.0137347884,
    "eps": 0.83,
    "epsdiluted": 0.82,
    "weightedAverageShsOut": 363000000,
    "weightedAverageShsOutDil": 370200000,
    "link": "https://www.sec.gov/Archives/edgar/data/721371/000119312507238474/0001193125-07-238474-index.htm",
    "finalLink": "https://www.sec.gov/Archives/edgar/data/721371/000119312507238474/d10q.htm"
  },
  {
    "date": "2007-06-30",
    "symbol": "CAH",
    "reportedCurrency": "USD",
    "cik": "0000721371",
    "fillingDate": "2007-08-24",
    "acceptedDate": "2007-08-24 17:26:17",
    "calendarYear": "2007",
    "period": "Q4",
    "revenue": 22262900000,
    "costOfRevenue": 20905400000,
    "grossProfit": 1357500000,
    "grossProfitRatio": 0.0609758836,
    "researchAndDevelopmentExpenses": 0,
    "generalAndAdministrativeExpenses": 819300000,
    "sellingAndMarketingExpenses": 0,
    "sellingGeneralAndAdministrativeExpenses": 819300000,
    "otherExpenses": 117600000,
    "operatingExpenses": 936900000,
    "costAndExpenses": 21842300000,
    "interestIncome": 0,
    "interestExpense": 0,
    "depreciationAndAmortization": 85000000,
    "ebitda": 604800000,
    "ebitdaratio": 0.0271662721,
    "operatingIncome": 420600000,
    "operatingIncomeRatio": 0.0188924174,
    "totalOtherIncomeExpensesNet": -19200000,
    "incomeBeforeTax": 401400000,
    "incomeBeforeTaxRatio": 0.0180299961,
    "incomeTaxExpense": 163700000,
    "netIncome": 902200000,
    "netIncomeRatio": 0.0405248193,
    "eps": 0.65,
    "epsdiluted": 0.65,
    "weightedAverageShsOut": 363000000,
    "weightedAverageShsOutDil": 363000000,
    "link": "https://www.sec.gov/Archives/edgar/data/721371/000095015207007107/0000950152-07-007107-index.htm",
    "finalLink": "https://www.sec.gov/Archives/edgar/data/721371/000095015207007107/l27624ae10vk.htm"
  },
  {
    "date": "2007-03-31",
    "symbol": "CAH",
    "reportedCurrency": "USD",
    "cik": "0000721371",
    "fillingDate": "2007-05-08",
    "acceptedDate": "2007-05-08 16:19:46",
    "calendarYear": "2007",
    "period": "Q3",
    "revenue": 21867100000,
    "costOfRevenue": 20479600000,
    "grossProfit": 1387500000,
    "grossProfitRatio": 0.0634514865,
    "researchAndDevelopmentExpenses": 0,
    "generalAndAdministrativeExpenses": 807300000,
    "sellingAndMarketingExpenses": -25600000,
    "sellingGeneralAndAdministrativeExpenses": 781700000,
    "otherExpenses": 615600000,
    "operatingExpenses": 1397300000,
    "costAndExpenses": 21876900000,
    "interestIncome": 0,
    "interestExpense": 0,
    "depreciationAndAmortization": 81700000,
    "ebitda": 81400000,
    "ebitdaratio": 0.0037224872,
    "operatingIncome": -9800000,
    "operatingIncomeRatio": -0.0004481619,
    "totalOtherIncomeExpensesNet": -32200000,
    "incomeBeforeTax": -42000000,
    "incomeBeforeTaxRatio": -0.0019206936,
    "incomeTaxExpense": -37100000,
    "netIncome": 19000000,
    "netIncomeRatio": 0.0008688852,
    "eps": 0.05,
    "epsdiluted": 0.05,
    "weightedAverageShsOut": 394600000,
    "weightedAverageShsOutDil": 394600000,
    "link": "https://www.sec.gov/Archives/edgar/data/721371/000119312507106054/0001193125-07-106054-index.htm",
    "finalLink": "https://www.sec.gov/Archives/edgar/data/721371/000119312507106054/d10q.htm"
  },
  {
    "date": "2006-12-31",
    "symbol": "CAH",
    "reportedCurrency": "USD",
    "cik": "0000721371",
    "fillingDate": "2007-02-08",
    "acceptedDate": "2007-02-08 17:06:26",
    "calendarYear": "2007",
    "period": "Q2",
    "revenue": 21784600000,
    "costOfRevenue": 20484700000,
    "grossProfit": 1299900000,
    "grossProfitRatio": 0.059670593,
    "researchAndDevelopmentExpenses": 0,
    "generalAndAdministrativeExpenses": 755600000,
    "sellingAndMarketingExpenses": 0,
    "sellingGeneralAndAdministrativeExpenses": 755600000,
    "otherExpenses": 32200000,
    "operatingExpenses": 788000000,
    "costAndExpenses": 21272700000,
    "interestIncome": 0,
    "interestExpense": 0,
    "depreciationAndAmortization": 77000000,
    "ebitda": 608000000,
    "ebitdaratio": 0.0279096242,
    "operatingIncome": 511900000,
    "operatingIncomeRatio": 0.0234982511,
    "totalOtherIncomeExpensesNet": -32200000,
    "incomeBeforeTax": 479700000,
    "incomeBeforeTaxRatio": 0.0220201427,
    "incomeTaxExpense": 164000000,
    "netIncome": 739300000,
    "netIncomeRatio": 0.0339368178,
    "eps": 1.84,
    "epsdiluted": 1.8,
    "weightedAverageShsOut": 402200000,
    "weightedAverageShsOutDil": 410600000,
    "link": "https://www.sec.gov/Archives/edgar/data/721371/000119312507024294/0001193125-07-024294-index.htm",
    "finalLink": "https://www.sec.gov/Archives/edgar/data/721371/000119312507024294/d10q.htm"
  },
  {
    "date": "2006-09-30",
    "symbol": "CAH",
    "reportedCurrency": "USD",
    "cik": "0000721371",
    "fillingDate": "2006-11-07",
    "acceptedDate": "2006-11-07 15:45:46",
    "calendarYear": "2007",
    "period": "Q1",
    "revenue": 20937500000,
    "costOfRevenue": 19737000000,
    "grossProfit": 1298900000,
    "grossProfitRatio": 0.0620370149,
    "researchAndDevelopmentExpenses": 0,
    "generalAndAdministrativeExpenses": 781700000,
    "sellingAndMarketingExpenses": 25600000,
    "sellingGeneralAndAdministrativeExpenses": 807300000,
    "otherExpenses": 23800000,
    "operatingExpenses": 749300000,
    "costAndExpenses": 20486300000,
    "interestIncome": 0,
    "interestExpense": 0,
    "depreciationAndAmortization": 78400000,
    "ebitda": 543300000,
    "ebitdaratio": 0.0259486567,
    "operatingIncome": 451200000,
    "operatingIncomeRatio": 0.0215498507,
    "totalOtherIncomeExpensesNet": -37800000,
    "incomeBeforeTax": 416000000,
    "incomeBeforeTaxRatio": 0.0198686567,
    "incomeTaxExpense": 122000000,
    "netIncome": 270700000,
    "netIncomeRatio": 0.0129289552,
    "eps": 0.67,
    "epsdiluted": 0.66,
    "weightedAverageShsOut": 404500000,
    "weightedAverageShsOutDil": 413000000,
    "link": "https://www.sec.gov/Archives/edgar/data/721371/000119312506226602/0001193125-06-226602-index.htm",
    "finalLink": "https://www.sec.gov/Archives/edgar/data/721371/000119312506226602/d10q.htm"
  },
  {
    "date": "2006-06-30",
    "symbol": "CAH",
    "reportedCurrency": "USD",
    "cik": "0000721371",
    "fillingDate": "2006-09-01",
    "acceptedDate": "2006-09-01 15:56:37",
    "calendarYear": "2006",
    "period": "Q4",
    "revenue": 21708300000,
    "costOfRevenue": 20280900000,
    "grossProfit": 1427400000,
    "grossProfitRatio": 0.0657536518,
    "researchAndDevelopmentExpenses": 0,
    "generalAndAdministrativeExpenses": 853900000,
    "sellingAndMarketingExpenses": 0,
    "sellingGeneralAndAdministrativeExpenses": 853900000,
    "otherExpenses": 39200000,
    "operatingExpenses": 893100000,
    "costAndExpenses": 21174000000,
    "interestIncome": 0,
    "interestExpense": 0,
    "depreciationAndAmortization": 101600000,
    "ebitda": 647200000,
    "ebitdaratio": 0.0298134815,
    "operatingIncome": 534300000,
    "operatingIncomeRatio": 0.0246127057,
    "totalOtherIncomeExpensesNet": -33300000,
    "incomeBeforeTax": 501000000,
    "incomeBeforeTaxRatio": 0.0230787303,
    "incomeTaxExpense": 162200000,
    "netIncome": 321000000,
    "netIncomeRatio": 0.0147869709,
    "eps": 0.79,
    "epsdiluted": 0.79,
    "weightedAverageShsOut": 404500000,
    "weightedAverageShsOutDil": 404500000,
    "link": "https://www.sec.gov/Archives/edgar/data/721371/000119312506184453/0001193125-06-184453-index.htm",
    "finalLink": "https://www.sec.gov/Archives/edgar/data/721371/000119312506184453/d10k.htm"
  },
  {
    "date": "2006-03-31",
    "symbol": "CAH",
    "reportedCurrency": "USD",
    "cik": "0000721371",
    "fillingDate": "2006-05-08",
    "acceptedDate": "2006-05-08 17:13:39",
    "calendarYear": "2006",
    "period": "Q3",
    "revenue": 20213200000,
    "costOfRevenue": 18958800000,
    "grossProfit": 1369200000,
    "grossProfitRatio": 0.0677379138,
    "researchAndDevelopmentExpenses": 0,
    "generalAndAdministrativeExpenses": 815600000,
    "sellingAndMarketingExpenses": -37000000,
    "sellingGeneralAndAdministrativeExpenses": 778600000,
    "otherExpenses": 18500000,
    "operatingExpenses": 719500000,
    "costAndExpenses": 19678300000,
    "interestIncome": 0,
    "interestExpense": 0,
    "depreciationAndAmortization": 74200000,
    "ebitda": 627500000,
    "ebitdaratio": 0.0310440702,
    "operatingIncome": 534900000,
    "operatingIncomeRatio": 0.0264629054,
    "totalOtherIncomeExpensesNet": -26200000,
    "incomeBeforeTax": 525000000,
    "incomeBeforeTaxRatio": 0.0259731265,
    "incomeTaxExpense": 169200000,
    "netIncome": 146800000,
    "netIncomeRatio": 0.0072625809,
    "eps": 0.35,
    "epsdiluted": 0.34,
    "weightedAverageShsOut": 419100000,
    "weightedAverageShsOutDil": 427500000,
    "link": "https://www.sec.gov/Archives/edgar/data/721371/000095015206004073/0000950152-06-004073-index.htm",
    "finalLink": "https://www.sec.gov/Archives/edgar/data/721371/000095015206004073/l19899ae10vq.htm"
  },
  {
    "date": "2005-12-31",
    "symbol": "CAH",
    "reportedCurrency": "USD",
    "cik": "0000721371",
    "fillingDate": "2006-02-07",
    "acceptedDate": "2006-02-07 16:37:18",
    "calendarYear": "2006",
    "period": "Q2",
    "revenue": 19346900000,
    "costOfRevenue": 18181200000,
    "grossProfit": 1307200000,
    "grossProfitRatio": 0.0675663801,
    "researchAndDevelopmentExpenses": 0,
    "generalAndAdministrativeExpenses": 796700000,
    "sellingAndMarketingExpenses": 0,
    "sellingGeneralAndAdministrativeExpenses": 796700000,
    "otherExpenses": 11700000,
    "operatingExpenses": 708600000,
    "costAndExpenses": 18889800000,
    "interestIncome": 0,
    "interestExpense": 0,
    "depreciationAndAmortization": 44600000,
    "ebitda": 516900000,
    "ebitdaratio": 0.0267174586,
    "operatingIncome": 457100000,
    "operatingIncomeRatio": 0.0236265241,
    "totalOtherIncomeExpensesNet": -26600000,
    "incomeBeforeTax": 450500000,
    "incomeBeforeTaxRatio": 0.0232853842,
    "incomeTaxExpense": 144700000,
    "netIncome": 304000000,
    "netIncomeRatio": 0.0157131117,
    "eps": 0.71,
    "epsdiluted": 0.7,
    "weightedAverageShsOut": 425500000,
    "weightedAverageShsOutDil": 431900000,
    "link": "https://www.sec.gov/Archives/edgar/data/721371/000095015206000806/0000950152-06-000806-index.htm",
    "finalLink": "https://www.sec.gov/Archives/edgar/data/721371/000095015206000806/l18252ae10vq.htm"
  },
  {
    "date": "2005-09-30",
    "symbol": "CAH",
    "reportedCurrency": "USD",
    "cik": "0000721371",
    "fillingDate": "2005-11-08",
    "acceptedDate": "2005-11-08 17:23:53",
    "calendarYear": "2006",
    "period": "Q1",
    "revenue": 19237200000,
    "costOfRevenue": 18043000000,
    "grossProfit": 1213200000,
    "grossProfitRatio": 0.063065311,
    "researchAndDevelopmentExpenses": 0,
    "generalAndAdministrativeExpenses": 778600000,
    "sellingAndMarketingExpenses": 37000000,
    "sellingGeneralAndAdministrativeExpenses": 815600000,
    "otherExpenses": 23800000,
    "operatingExpenses": 817500000,
    "costAndExpenses": 18860500000,
    "interestIncome": 0,
    "interestExpense": 0,
    "depreciationAndAmortization": 101000000,
    "ebitda": 496200000,
    "ebitdaratio": 0.0257937746,
    "operatingIncome": 376700000,
    "operatingIncomeRatio": 0.0195818518,
    "totalOtherIncomeExpensesNet": -31000000,
    "incomeBeforeTax": 340700000,
    "incomeBeforeTaxRatio": 0.0177104776,
    "incomeTaxExpense": 108200000,
    "netIncome": 228300000,
    "netIncomeRatio": 0.0118676315,
    "eps": 0.54,
    "epsdiluted": 0.53,
    "weightedAverageShsOut": 426300000,
    "weightedAverageShsOutDil": 431400000,
    "link": "https://www.sec.gov/Archives/edgar/data/721371/000095015205008940/0000950152-05-008940-index.htm",
    "finalLink": "https://www.sec.gov/Archives/edgar/data/721371/000095015205008940/l16369ae10vq.htm"
  },
  {
    "date": "2005-06-30",
    "symbol": "CAH",
    "reportedCurrency": "USD",
    "cik": "0000721371",
    "fillingDate": "2005-09-12",
    "acceptedDate": "2005-09-12 17:26:43",
    "calendarYear": "2005",
    "period": "Q4",
    "revenue": 19457100000,
    "costOfRevenue": 18090400000,
    "grossProfit": 1366700000,
    "grossProfitRatio": 0.0702417113,
    "researchAndDevelopmentExpenses": 0,
    "generalAndAdministrativeExpenses": 765700000,
    "sellingAndMarketingExpenses": 0,
    "sellingGeneralAndAdministrativeExpenses": 765700000,
    "otherExpenses": 100900000,
    "operatingExpenses": 866600000,
    "costAndExpenses": 18957000000,
    "interestIncome": 0,
    "interestExpense": 0,
    "depreciationAndAmortization": 108800000,
    "ebitda": 684900000,
    "ebitdaratio": 0.0352005181,
    "operatingIncome": 500100000,
    "operatingIncomeRatio": 0.0257026998,
    "totalOtherIncomeExpensesNet": -38400000,
    "incomeBeforeTax": 461700000,
    "incomeBeforeTaxRatio": 0.0237291272,
    "incomeTaxExpense": 204200000,
    "netIncome": 257700000,
    "netIncomeRatio": 0.0132445226,
    "eps": 0.6,
    "epsdiluted": 0.6,
    "weightedAverageShsOut": 426300000,
    "weightedAverageShsOutDil": 426300000,
    "link": "https://www.sec.gov/Archives/edgar/data/721371/000095015205007585/0000950152-05-007585-index.htm",
    "finalLink": "https://www.sec.gov/Archives/edgar/data/721371/000095015205007585/l15839ae10vk.htm"
  },
  {
    "date": "2005-03-31",
    "symbol": "CAH",
    "reportedCurrency": "USD",
    "cik": "0000721371",
    "fillingDate": "2005-05-09",
    "acceptedDate": "2005-05-09 16:09:21",
    "calendarYear": "2005",
    "period": "Q3",
    "revenue": 18959600000,
    "costOfRevenue": 17630700000,
    "grossProfit": 1346800000,
    "grossProfitRatio": 0.0710352539,
    "researchAndDevelopmentExpenses": 0,
    "generalAndAdministrativeExpenses": 693100000,
    "sellingAndMarketingExpenses": 10000000,
    "sellingGeneralAndAdministrativeExpenses": 703100000,
    "otherExpenses": 58900000,
    "operatingExpenses": 737600000,
    "costAndExpenses": 18368300000,
    "interestIncome": 0,
    "interestExpense": 0,
    "depreciationAndAmortization": 88800000,
    "ebitda": 731900000,
    "ebitdaratio": 0.0386031351,
    "operatingIncome": 591300000,
    "operatingIncomeRatio": 0.0311873668,
    "totalOtherIncomeExpensesNet": -40000000,
    "incomeBeforeTax": 543400000,
    "incomeBeforeTaxRatio": 0.0286609422,
    "incomeTaxExpense": 176800000,
    "netIncome": 365800000,
    "netIncomeRatio": 0.019293656,
    "eps": 0.85,
    "epsdiluted": 0.84,
    "weightedAverageShsOut": 431800000,
    "weightedAverageShsOutDil": 437800000,
    "link": "https://www.sec.gov/Archives/edgar/data/721371/000095015205004156/0000950152-05-004156-index.htm",
    "finalLink": "https://www.sec.gov/Archives/edgar/data/721371/000095015205004156/l13699ae10vq.txt"
  },
  {
    "date": "2004-12-31",
    "symbol": "CAH",
    "reportedCurrency": "USD",
    "cik": "0000721371",
    "fillingDate": "2005-02-09",
    "acceptedDate": "2005-02-09 17:01:51",
    "calendarYear": "2005",
    "period": "Q2",
    "revenue": 18554600000,
    "costOfRevenue": 17348100000,
    "grossProfit": 1206500000,
    "grossProfitRatio": 0.0650243066,
    "researchAndDevelopmentExpenses": 0,
    "generalAndAdministrativeExpenses": 699600000,
    "sellingAndMarketingExpenses": 0,
    "sellingGeneralAndAdministrativeExpenses": 699600000,
    "otherExpenses": 186100000,
    "operatingExpenses": 885700000,
    "costAndExpenses": 18233800000,
    "interestIncome": 0,
    "interestExpense": 0,
    "depreciationAndAmortization": 108200000,
    "ebitda": 532100000,
    "ebitdaratio": 0.0286775247,
    "operatingIncome": 320800000,
    "operatingIncomeRatio": 0.0172895131,
    "totalOtherIncomeExpensesNet": -16900000,
    "incomeBeforeTax": 303900000,
    "incomeBeforeTaxRatio": 0.0163786878,
    "incomeTaxExpense": 100100000,
    "netIncome": 214000000,
    "netIncomeRatio": 0.0115335281,
    "eps": 0.49,
    "epsdiluted": 0.49,
    "weightedAverageShsOut": 432100000,
    "weightedAverageShsOutDil": 437100000,
    "link": "https://www.sec.gov/Archives/edgar/data/721371/000095015205000913/0000950152-05-000913-index.htm",
    "finalLink": "https://www.sec.gov/Archives/edgar/data/721371/000095015205000913/l11792ae10vq.txt"
  },
  {
    "date": "2004-09-30",
    "symbol": "CAH",
    "reportedCurrency": "USD",
    "cik": "0000721371",
    "fillingDate": "2004-11-09",
    "acceptedDate": "2004-11-09 16:11:30",
    "calendarYear": "2005",
    "period": "Q1",
    "revenue": 17792300000,
    "costOfRevenue": 16701800000,
    "grossProfit": 1086500000,
    "grossProfitRatio": 0.0610657419,
    "researchAndDevelopmentExpenses": 0,
    "generalAndAdministrativeExpenses": 703100000,
    "sellingAndMarketingExpenses": -10000000,
    "sellingGeneralAndAdministrativeExpenses": 693100000,
    "otherExpenses": 35700000,
    "operatingExpenses": 728200000,
    "costAndExpenses": 17430000000,
    "interestIncome": 0,
    "interestExpense": 0,
    "depreciationAndAmortization": 90000000,
    "ebitda": 476700000,
    "ebitdaratio": 0.0267924889,
    "operatingIncome": 362300000,
    "operatingIncomeRatio": 0.0203627412,
    "totalOtherIncomeExpensesNet": -37400000,
    "incomeBeforeTax": 320300000,
    "incomeBeforeTaxRatio": 0.0180021695,
    "incomeTaxExpense": 102500000,
    "netIncome": 213300000,
    "netIncomeRatio": 0.011988332,
    "eps": 0.49,
    "epsdiluted": 0.49,
    "weightedAverageShsOut": 431700000,
    "weightedAverageShsOutDil": 434700000,
    "link": "https://www.sec.gov/Archives/edgar/data/721371/000095015204008116/0000950152-04-008116-index.htm",
    "finalLink": "https://www.sec.gov/Archives/edgar/data/721371/000095015204008116/l10417ae10vq.txt"
  },
  {
    "date": "2004-06-30",
    "symbol": "CAH",
    "reportedCurrency": "USD",
    "cik": "0000721371",
    "fillingDate": "2004-10-26",
    "acceptedDate": "2004-10-26 16:45:49",
    "calendarYear": "2004",
    "period": "Q4",
    "revenue": 16922100000,
    "costOfRevenue": 15715600000,
    "grossProfit": 1206500000,
    "grossProfitRatio": 0.0712972976,
    "researchAndDevelopmentExpenses": 0,
    "generalAndAdministrativeExpenses": 604000000,
    "sellingAndMarketingExpenses": 0,
    "sellingGeneralAndAdministrativeExpenses": 604000000,
    "otherExpenses": 39400000,
    "operatingExpenses": 643400000,
    "costAndExpenses": 16359000000,
    "interestIncome": 0,
    "interestExpense": 0,
    "depreciationAndAmortization": 78800000,
    "ebitda": 663000000,
    "ebitdaratio": 0.0391795345,
    "operatingIncome": 563100000,
    "operatingIncomeRatio": 0.0332760118,
    "totalOtherIncomeExpensesNet": -23800000,
    "incomeBeforeTax": 539300000,
    "incomeBeforeTaxRatio": 0.031869567,
    "incomeTaxExpense": 154800000,
    "netIncome": 342000000,
    "netIncomeRatio": 0.0202102576,
    "eps": 0.79,
    "epsdiluted": 0.79,
    "weightedAverageShsOut": 431700000,
    "weightedAverageShsOutDil": 431700000,
    "link": "https://www.sec.gov/Archives/edgar/data/721371/000095015204007635/0000950152-04-007635-index.htm",
    "finalLink": "https://www.sec.gov/Archives/edgar/data/721371/000095015204007635/l09353be10vk.txt"
  },
  {
    "date": "2004-03-31",
    "symbol": "CAH",
    "reportedCurrency": "USD",
    "cik": "0000721371",
    "fillingDate": "2004-05-14",
    "acceptedDate": "2004-05-14 08:04:50",
    "calendarYear": "2004",
    "period": "Q3",
    "revenue": 16391800000,
    "costOfRevenue": 15108400000,
    "grossProfit": 1280800000,
    "grossProfitRatio": 0.0781366293,
    "researchAndDevelopmentExpenses": 0,
    "generalAndAdministrativeExpenses": 547600000,
    "sellingAndMarketingExpenses": 60400000,
    "sellingGeneralAndAdministrativeExpenses": 608000000,
    "otherExpenses": 7700000,
    "operatingExpenses": 616600000,
    "costAndExpenses": 15725000000,
    "interestIncome": 0,
    "interestExpense": 0,
    "depreciationAndAmortization": 77200000,
    "ebitda": 756100000,
    "ebitdaratio": 0.0461267219,
    "operatingIncome": 666800000,
    "operatingIncomeRatio": 0.040678876,
    "totalOtherIncomeExpensesNet": -30000000,
    "incomeBeforeTax": 636800000,
    "incomeBeforeTaxRatio": 0.0388486926,
    "incomeTaxExpense": 207900000,
    "netIncome": 428100000,
    "netIncomeRatio": 0.0261167169,
    "eps": 0.99,
    "epsdiluted": 0.98,
    "weightedAverageShsOut": 433400000,
    "weightedAverageShsOutDil": 439000000,
    "link": "https://www.sec.gov/Archives/edgar/data/721371/000095015204003983/0000950152-04-003983-index.htm",
    "finalLink": "https://www.sec.gov/Archives/edgar/data/721371/000095015204003983/l07455ae10vq.txt"
  },
  {
    "date": "2003-12-31",
    "symbol": "CAH",
    "reportedCurrency": "USD",
    "cik": "0000721371",
    "fillingDate": "2004-02-17",
    "acceptedDate": "2004-02-17 16:19:16",
    "calendarYear": "2004",
    "period": "Q2",
    "revenue": 16350800000,
    "costOfRevenue": 15189800000,
    "grossProfit": 1170700000,
    "grossProfitRatio": 0.0715989432,
    "researchAndDevelopmentExpenses": 0,
    "generalAndAdministrativeExpenses": 586900000,
    "sellingAndMarketingExpenses": 0,
    "sellingGeneralAndAdministrativeExpenses": 586900000,
    "otherExpenses": -11600000,
    "operatingExpenses": 576400000,
    "costAndExpenses": 15766200000,
    "interestIncome": 0,
    "interestExpense": 0,
    "depreciationAndAmortization": 74500000,
    "ebitda": 659100000,
    "ebitdaratio": 0.0403099543,
    "operatingIncome": 584600000,
    "operatingIncomeRatio": 0.0357536023,
    "totalOtherIncomeExpensesNet": -17600000,
    "incomeBeforeTax": 567900000,
    "incomeBeforeTaxRatio": 0.0347322455,
    "incomeTaxExpense": 187000000,
    "netIncome": 375800000,
    "netIncomeRatio": 0.0229835849,
    "eps": 0.85,
    "epsdiluted": 0.84,
    "weightedAverageShsOut": 433200000,
    "weightedAverageShsOutDil": 438700000,
    "link": "https://www.sec.gov/Archives/edgar/data/721371/000095015204001209/0000950152-04-001209-index.htm",
    "finalLink": "https://www.sec.gov/Archives/edgar/data/721371/000095015204001209/l05659ae10vq.txt"
  },
  {
    "date": "2003-09-30",
    "symbol": "CAH",
    "reportedCurrency": "USD",
    "cik": "0000721371",
    "fillingDate": "2003-11-14",
    "acceptedDate": "2003-11-14 16:07:25",
    "calendarYear": "2004",
    "period": "Q1",
    "revenue": 15388700000,
    "costOfRevenue": 14305500000,
    "grossProfit": 1083200000,
    "grossProfitRatio": 0.0703893116,
    "researchAndDevelopmentExpenses": 0,
    "generalAndAdministrativeExpenses": 608000000,
    "sellingAndMarketingExpenses": -60400000,
    "sellingGeneralAndAdministrativeExpenses": 547600000,
    "otherExpenses": 13200000,
    "operatingExpenses": 560800000,
    "costAndExpenses": 14866300000,
    "interestIncome": 0,
    "interestExpense": 0,
    "depreciationAndAmortization": 68700000,
    "ebitda": 591100000,
    "ebitdaratio": 0.0384113018,
    "operatingIncome": 522400000,
    "operatingIncomeRatio": 0.0339469871,
    "totalOtherIncomeExpensesNet": -28000000,
    "incomeBeforeTax": 494400000,
    "incomeBeforeTaxRatio": 0.0321274702,
    "incomeTaxExpense": 164000000,
    "netIncome": 328600000,
    "netIncomeRatio": 0.0213533307,
    "eps": 0.75,
    "epsdiluted": 0.74,
    "weightedAverageShsOut": 440500000,
    "weightedAverageShsOutDil": 446700000,
    "link": "https://www.sec.gov/Archives/edgar/data/721371/000095015203009793/0000950152-03-009793-index.htm",
    "finalLink": "https://www.sec.gov/Archives/edgar/data/721371/000095015203009793/l03801ae10vq.txt"
  },
  {
    "date": "2003-06-30",
    "symbol": "CAH",
    "reportedCurrency": "USD",
    "cik": "0000721371",
    "fillingDate": "2003-09-29",
    "acceptedDate": "2003-09-29 16:03:22",
    "calendarYear": "2003",
    "period": "Q4",
    "revenue": 15188600000,
    "costOfRevenue": 13959100000,
    "grossProfit": 1229500000,
    "grossProfitRatio": 0.0809488695,
    "researchAndDevelopmentExpenses": 0,
    "generalAndAdministrativeExpenses": 605200000,
    "sellingAndMarketingExpenses": 0,
    "sellingGeneralAndAdministrativeExpenses": 605200000,
    "otherExpenses": 49000000,
    "operatingExpenses": 654200000,
    "costAndExpenses": 14613300000,
    "interestIncome": 0,
    "interestExpense": 0,
    "depreciationAndAmortization": 70600000,
    "ebitda": 671000000,
    "ebitdaratio": 0.0441778702,
    "operatingIncome": 575300000,
    "operatingIncomeRatio": 0.037877092,
    "totalOtherIncomeExpensesNet": -22600000,
    "incomeBeforeTax": 552700000,
    "incomeBeforeTaxRatio": 0.036389134,
    "incomeTaxExpense": 181500000,
    "netIncome": 366900000,
    "netIncomeRatio": 0.0241562751,
    "eps": 0.83,
    "epsdiluted": 0.83,
    "weightedAverageShsOut": 440500000,
    "weightedAverageShsOutDil": 440500000,
    "link": "https://www.sec.gov/Archives/edgar/data/721371/000095015203008493/0000950152-03-008493-index.htm",
    "finalLink": "https://www.sec.gov/Archives/edgar/data/721371/000095015203008493/l03213ae10vk.txt"
  },
  {
    "date": "2003-03-31",
    "symbol": "CAH",
    "reportedCurrency": "USD",
    "cik": "0000721371",
    "fillingDate": "2003-05-15",
    "acceptedDate": "2003-05-15 17:40:59",
    "calendarYear": "2003",
    "period": "Q3",
    "revenue": 14371300000,
    "costOfRevenue": 13177200000,
    "grossProfit": 1194100000,
    "grossProfitRatio": 0.0830892125,
    "researchAndDevelopmentExpenses": 0,
    "generalAndAdministrativeExpenses": 520700000,
    "sellingAndMarketingExpenses": 55400000,
    "sellingGeneralAndAdministrativeExpenses": 576100000,
    "otherExpenses": 9800000,
    "operatingExpenses": 585900000,
    "costAndExpenses": 13763100000,
    "interestIncome": 0,
    "interestExpense": 0,
    "depreciationAndAmortization": 68700000,
    "ebitda": 676900000,
    "ebitdaratio": 0.047100819,
    "operatingIncome": 608200000,
    "operatingIncomeRatio": 0.0423204581,
    "totalOtherIncomeExpensesNet": -30600000,
    "incomeBeforeTax": 577600000,
    "incomeBeforeTaxRatio": 0.0401912144,
    "incomeTaxExpense": 192700000,
    "netIncome": 383100000,
    "netIncomeRatio": 0.0266572961,
    "eps": 0.85,
    "epsdiluted": 0.84,
    "weightedAverageShsOut": 449100000,
    "weightedAverageShsOutDil": 456300000,
    "link": "https://www.sec.gov/Archives/edgar/data/721371/000095015203005601/0000950152-03-005601-index.htm",
    "finalLink": "https://www.sec.gov/Archives/edgar/data/721371/000095015203005601/l00848ae10vq.txt"
  },
  {
    "date": "2002-12-31",
    "symbol": "CAH",
    "reportedCurrency": "USD",
    "cik": "0000721371",
    "fillingDate": "2003-02-14",
    "acceptedDate": "2003-02-14 18:02:17",
    "calendarYear": "2003",
    "period": "Q2",
    "revenue": 14091000000,
    "costOfRevenue": 13011500000,
    "grossProfit": 1079500000,
    "grossProfitRatio": 0.0766091832,
    "researchAndDevelopmentExpenses": 0,
    "generalAndAdministrativeExpenses": 526200000,
    "sellingAndMarketingExpenses": 0,
    "sellingGeneralAndAdministrativeExpenses": 526200000,
    "otherExpenses": -37600000,
    "operatingExpenses": 488600000,
    "costAndExpenses": 13500100000,
    "interestIncome": 0,
    "interestExpense": 0,
    "depreciationAndAmortization": 64300000,
    "ebitda": 655200000,
    "ebitdaratio": 0.0464977645,
    "operatingIncome": 590900000,
    "operatingIncomeRatio": 0.0419345682,
    "totalOtherIncomeExpensesNet": -31500000,
    "incomeBeforeTax": 559400000,
    "incomeBeforeTaxRatio": 0.0396990987,
    "incomeTaxExpense": 191900000,
    "netIncome": 367500000,
    "netIncomeRatio": 0.0260804769,
    "eps": 0.83,
    "epsdiluted": 0.82,
    "weightedAverageShsOut": 442000000,
    "weightedAverageShsOutDil": 450000000,
    "link": "https://www.sec.gov/Archives/edgar/data/721371/000095015203001919/0000950152-03-001919-index.htm",
    "finalLink": "https://www.sec.gov/Archives/edgar/data/721371/000095015203001919/l98799ae10vq.txt"
  },
  {
    "date": "2002-09-30",
    "symbol": "CAH",
    "reportedCurrency": "USD",
    "cik": "0000721371",
    "fillingDate": "2002-11-14",
    "acceptedDate": "2002-11-14 18:46:44",
    "calendarYear": "2003",
    "period": "Q1",
    "revenue": 13086100000,
    "costOfRevenue": 12079200000,
    "grossProfit": 1006900000,
    "grossProfitRatio": 0.0769442385,
    "researchAndDevelopmentExpenses": 0,
    "generalAndAdministrativeExpenses": 576100000,
    "sellingAndMarketingExpenses": -55400000,
    "sellingGeneralAndAdministrativeExpenses": 520700000,
    "otherExpenses": 18700000,
    "operatingExpenses": 539400000,
    "costAndExpenses": 12618600000,
    "interestIncome": 0,
    "interestExpense": 0,
    "depreciationAndAmortization": 62200000,
    "ebitda": 529700000,
    "ebitdaratio": 0.0404780645,
    "operatingIncome": 467500000,
    "operatingIncomeRatio": 0.0357249295,
    "totalOtherIncomeExpensesNet": -30600000,
    "incomeBeforeTax": 436900000,
    "incomeBeforeTaxRatio": 0.0333865705,
    "incomeTaxExpense": 148600000,
    "netIncome": 288300000,
    "netIncomeRatio": 0.02203101,
    "eps": 0.65,
    "epsdiluted": 0.64,
    "weightedAverageShsOut": 446200000,
    "weightedAverageShsOutDil": 454200000,
    "link": "https://www.sec.gov/Archives/edgar/data/721371/000095015202008522/0000950152-02-008522-index.htm",
    "finalLink": "https://www.sec.gov/Archives/edgar/data/721371/000095015202008522/l96924ae10vq.txt"
  },
  {
    "date": "2002-06-30",
    "symbol": "CAH",
    "reportedCurrency": "USD",
    "cik": "0000721371",
    "fillingDate": "2002-09-30",
    "acceptedDate": "2002-09-30 10:48:24",
    "calendarYear": "2002",
    "period": "Q4",
    "revenue": 13028200000,
    "costOfRevenue": 11965700000,
    "grossProfit": 1062500000,
    "grossProfitRatio": 0.0815538601,
    "researchAndDevelopmentExpenses": 0,
    "generalAndAdministrativeExpenses": 521400000,
    "sellingAndMarketingExpenses": 0,
    "sellingGeneralAndAdministrativeExpenses": 521400000,
    "otherExpenses": 70400000,
    "operatingExpenses": 591800000,
    "costAndExpenses": 12557500000,
    "interestIncome": 0,
    "interestExpense": 0,
    "depreciationAndAmortization": 62000000,
    "ebitda": 532700000,
    "ebitdaratio": 0.0408882271,
    "operatingIncome": 470700000,
    "operatingIncomeRatio": 0.0361293195,
    "totalOtherIncomeExpensesNet": -25500000,
    "incomeBeforeTax": 445200000,
    "incomeBeforeTaxRatio": 0.0341720268,
    "incomeTaxExpense": 148900000,
    "netIncome": 296300000,
    "netIncomeRatio": 0.0227429729,
    "eps": 0.66,
    "epsdiluted": 0.66,
    "weightedAverageShsOut": 433216034,
    "weightedAverageShsOutDil": 446200000,
    "link": "https://www.sec.gov/Archives/edgar/data/721371/000095015202007264/0000950152-02-007264-index.htm",
    "finalLink": "https://www.sec.gov/Archives/edgar/data/721371/000095015202007264/l95974ae10vk.txt"
  },
  {
    "date": "2002-03-31",
    "symbol": "CAH",
    "reportedCurrency": "USD",
    "cik": "0000721371",
    "fillingDate": "2002-05-08",
    "acceptedDate": "2002-05-08 11:05:08",
    "calendarYear": "2002",
    "period": "Q3",
    "revenue": 13242000000,
    "costOfRevenue": 12173500000,
    "grossProfit": 1068500000,
    "grossProfitRatio": 0.0806902281,
    "researchAndDevelopmentExpenses": 0,
    "generalAndAdministrativeExpenses": 502400000,
    "sellingAndMarketingExpenses": 33600000,
    "sellingGeneralAndAdministrativeExpenses": 536000000,
    "otherExpenses": 39100000,
    "operatingExpenses": 575100000,
    "costAndExpenses": 12748600000,
    "interestIncome": 0,
    "interestExpense": 0,
    "depreciationAndAmortization": 58400000,
    "ebitda": 551800000,
    "ebitdaratio": 0.0416704425,
    "operatingIncome": 493400000,
    "operatingIncomeRatio": 0.0372602326,
    "totalOtherIncomeExpensesNet": -39600000,
    "incomeBeforeTax": 453800000,
    "incomeBeforeTaxRatio": 0.0342697478,
    "incomeTaxExpense": 153500000,
    "netIncome": 300300000,
    "netIncomeRatio": 0.0226778432,
    "eps": 0.67,
    "epsdiluted": 0.66,
    "weightedAverageShsOut": 449900000,
    "weightedAverageShsOutDil": 459100000,
    "link": "https://www.sec.gov/Archives/edgar/data/721371/000095015202003886/0000950152-02-003886-index.htm",
    "finalLink": "https://www.sec.gov/Archives/edgar/data/721371/000095015202003886/l94376ae10-q.txt"
  },
  {
    "date": "2001-12-31",
    "symbol": "CAH",
    "reportedCurrency": "USD",
    "cik": "0000721371",
    "fillingDate": "2002-02-13",
    "acceptedDate": "2002-02-13 00:00:00",
    "calendarYear": "2002",
    "period": "Q2",
    "revenue": 13092100000,
    "costOfRevenue": 12091600000,
    "grossProfit": 1000500000,
    "grossProfitRatio": 0.0764201312,
    "researchAndDevelopmentExpenses": 0,
    "generalAndAdministrativeExpenses": 514000000,
    "sellingAndMarketingExpenses": 0,
    "sellingGeneralAndAdministrativeExpenses": 514000000,
    "otherExpenses": 16800000,
    "operatingExpenses": 530800000,
    "costAndExpenses": 12622400000,
    "interestIncome": 0,
    "interestExpense": 0,
    "depreciationAndAmortization": 61900000,
    "ebitda": 531600000,
    "ebitdaratio": 0.0406046394,
    "operatingIncome": 469700000,
    "operatingIncomeRatio": 0.0358765973,
    "totalOtherIncomeExpensesNet": -38800000,
    "incomeBeforeTax": 430900000,
    "incomeBeforeTaxRatio": 0.0329129781,
    "incomeTaxExpense": 147600000,
    "netIncome": 283300000,
    "netIncomeRatio": 0.0216390037,
    "eps": 0.63,
    "epsdiluted": 0.62,
    "weightedAverageShsOut": 449900000,
    "weightedAverageShsOutDil": 459700000,
    "link": "https://www.sec.gov/Archives/edgar/data/721371/000095015202001039/0000950152-02-001039-index.htm",
    "finalLink": "https://www.sec.gov/Archives/edgar/data/721371/000095015202001039/l92629ae10-q.txt"
  },
  {
    "date": "2001-09-30",
    "symbol": "CAH",
    "reportedCurrency": "USD",
    "cik": "0000721371",
    "fillingDate": "2001-11-14",
    "acceptedDate": "2001-11-14 00:00:00",
    "calendarYear": "2002",
    "period": "Q1",
    "revenue": 11773400000,
    "costOfRevenue": 10858700000,
    "grossProfit": 914700000,
    "grossProfitRatio": 0.0776920855,
    "researchAndDevelopmentExpenses": 0,
    "generalAndAdministrativeExpenses": 536000000,
    "sellingAndMarketingExpenses": -33600000,
    "sellingGeneralAndAdministrativeExpenses": 502400000,
    "otherExpenses": 12300000,
    "operatingExpenses": 514700000,
    "costAndExpenses": 11373400000,
    "interestIncome": 0,
    "interestExpense": 0,
    "depreciationAndAmortization": 61200000,
    "ebitda": 461200000,
    "ebitdaratio": 0.0391730511,
    "operatingIncome": 400000000,
    "operatingIncomeRatio": 0.0339748926,
    "totalOtherIncomeExpensesNet": -28600000,
    "incomeBeforeTax": 371400000,
    "incomeBeforeTaxRatio": 0.0315456877,
    "incomeTaxExpense": 125000000,
    "netIncome": 176300000,
    "netIncomeRatio": 0.0149744339,
    "eps": 0.39,
    "epsdiluted": 0.38,
    "weightedAverageShsOut": 449600000,
    "weightedAverageShsOutDil": 460600000,
    "link": "https://www.sec.gov/Archives/edgar/data/721371/000095015201505857/0000950152-01-505857-index.htm",
    "finalLink": "https://www.sec.gov/Archives/edgar/data/721371/000095015201505857/l91098ae10-q.txt"
  },
  {
    "date": "2001-06-30",
    "symbol": "CAH",
    "reportedCurrency": "USD",
    "cik": "0000721371",
    "fillingDate": "2001-08-24",
    "acceptedDate": "2001-08-24 00:00:00",
    "calendarYear": "2001",
    "period": "Q4",
    "revenue": 12401000000,
    "costOfRevenue": 11425100000,
    "grossProfit": 975900000,
    "grossProfitRatio": 0.0786952665,
    "researchAndDevelopmentExpenses": 0,
    "generalAndAdministrativeExpenses": 530600000,
    "sellingAndMarketingExpenses": 0,
    "sellingGeneralAndAdministrativeExpenses": 530600000,
    "otherExpenses": 18300000,
    "operatingExpenses": 548900000,
    "costAndExpenses": 11974000000,
    "interestIncome": 0,
    "interestExpense": 0,
    "depreciationAndAmortization": 71600000,
    "ebitda": 498600000,
    "ebitdaratio": 0.040206435,
    "operatingIncome": 427000000,
    "operatingIncomeRatio": 0.034432707,
    "totalOtherIncomeExpensesNet": -38000000,
    "incomeBeforeTax": 389000000,
    "incomeBeforeTaxRatio": 0.031368438,
    "incomeTaxExpense": 135700000,
    "netIncome": 253300000,
    "netIncomeRatio": 0.0204257721,
    "eps": 0.56,
    "epsdiluted": 0.56,
    "weightedAverageShsOut": 449600000,
    "weightedAverageShsOutDil": 449600000,
    "link": "https://www.sec.gov/Archives/edgar/data/721371/000095015201504123/0000950152-01-504123-index.htm",
    "finalLink": "https://www.sec.gov/Archives/edgar/data/721371/000095015201504123/l89994ae10-k405.txt"
  },
  {
    "date": "2001-03-31",
    "symbol": "CAH",
    "reportedCurrency": "USD",
    "cik": "0000721371",
    "fillingDate": "2001-05-10",
    "acceptedDate": "2001-05-10 00:00:00",
    "calendarYear": "2001",
    "period": "Q3",
    "revenue": 10334200000,
    "costOfRevenue": 9388100000,
    "grossProfit": 946100000,
    "grossProfitRatio": 0.0915503861,
    "researchAndDevelopmentExpenses": 0,
    "generalAndAdministrativeExpenses": 426100000,
    "sellingAndMarketingExpenses": 83800000,
    "sellingGeneralAndAdministrativeExpenses": 509900000,
    "otherExpenses": 98900000,
    "operatingExpenses": 596200000,
    "costAndExpenses": 9984300000,
    "interestIncome": 0,
    "interestExpense": 0,
    "depreciationAndAmortization": 78300000,
    "ebitda": 428200000,
    "ebitdaratio": 0.0414352345,
    "operatingIncome": 349900000,
    "operatingIncomeRatio": 0.0338584506,
    "totalOtherIncomeExpensesNet": -43700000,
    "incomeBeforeTax": 306200000,
    "incomeBeforeTaxRatio": 0.029629773,
    "incomeTaxExpense": 113300000,
    "netIncome": 192900000,
    "netIncomeRatio": 0.0186661764,
    "eps": 0.43,
    "epsdiluted": 0.42,
    "weightedAverageShsOut": 444300000,
    "weightedAverageShsOutDil": 456500000,
    "link": "https://www.sec.gov/Archives/edgar/data/721371/000095015201501688/0000950152-01-501688-index.htm",
    "finalLink": "https://www.sec.gov/Archives/edgar/data/721371/000095015201501688/l88224ae10-q.txt"
  },
  {
    "date": "2000-12-31",
    "symbol": "CAH",
    "reportedCurrency": "USD",
    "cik": "0000721371",
    "fillingDate": "2001-02-14",
    "acceptedDate": "2001-02-14 00:00:00",
    "calendarYear": "2001",
    "period": "Q2",
    "revenue": 9637900000,
    "costOfRevenue": 8828900000,
    "grossProfit": 809000000,
    "grossProfitRatio": 0.0839394474,
    "researchAndDevelopmentExpenses": 0,
    "generalAndAdministrativeExpenses": 445400000,
    "sellingAndMarketingExpenses": 0,
    "sellingGeneralAndAdministrativeExpenses": 445400000,
    "otherExpenses": 0,
    "operatingExpenses": 445400000,
    "costAndExpenses": 9274300000,
    "interestIncome": 0,
    "interestExpense": 0,
    "depreciationAndAmortization": 66700000,
    "ebitda": 430300000,
    "ebitdaratio": 0.0446466554,
    "operatingIncome": 363600000,
    "operatingIncomeRatio": 0.0377260607,
    "totalOtherIncomeExpensesNet": -37500000,
    "incomeBeforeTax": 326100000,
    "incomeBeforeTaxRatio": 0.0338351716,
    "incomeTaxExpense": 116900000,
    "netIncome": 209200000,
    "netIncomeRatio": 0.0217059733,
    "eps": 0.5,
    "epsdiluted": 0.49,
    "weightedAverageShsOut": 418950000,
    "weightedAverageShsOutDil": 429600000,
    "link": "https://www.sec.gov/Archives/edgar/data/721371/000095015201001103/0000950152-01-001103-index.htm",
    "finalLink": "https://www.sec.gov/Archives/edgar/data/721371/000095015201001103/l86087ae10-q.txt"
  },
  {
    "date": "2000-09-30",
    "symbol": "CAH",
    "reportedCurrency": "USD",
    "cik": "0000721371",
    "fillingDate": "2000-11-13",
    "acceptedDate": "2000-11-13 00:00:00",
    "calendarYear": "2001",
    "period": "Q1",
    "revenue": 11039900000,
    "costOfRevenue": 10235700000,
    "grossProfit": 736400000,
    "grossProfitRatio": 0.0667035027,
    "researchAndDevelopmentExpenses": 0,
    "generalAndAdministrativeExpenses": 509900000,
    "sellingAndMarketingExpenses": -83800000,
    "sellingGeneralAndAdministrativeExpenses": 426100000,
    "otherExpenses": 24400000,
    "operatingExpenses": 479700000,
    "costAndExpenses": 10715400000,
    "interestIncome": 0,
    "interestExpense": 0,
    "depreciationAndAmortization": 64000000,
    "ebitda": 388500000,
    "ebitdaratio": 0.0351905361,
    "operatingIncome": 324500000,
    "operatingIncomeRatio": 0.0293933822,
    "totalOtherIncomeExpensesNet": -33700000,
    "incomeBeforeTax": 266000000,
    "incomeBeforeTaxRatio": 0.0240944211,
    "incomeTaxExpense": 108900000,
    "netIncome": 173200000,
    "netIncomeRatio": 0.0156885479,
    "eps": 0.43,
    "epsdiluted": 0.42,
    "weightedAverageShsOut": 438900000,
    "weightedAverageShsOutDil": 450900000,
    "link": "https://www.sec.gov/Archives/edgar/data/721371/000095015200007865/0000950152-00-007865-index.htm",
    "finalLink": "https://www.sec.gov/Archives/edgar/data/721371/000095015200007865/l84653ae10-q.txt"
  },
  {
    "date": "2000-06-30",
    "symbol": "CAH",
    "reportedCurrency": "USD",
    "cik": "0000721371",
    "fillingDate": "2000-09-06",
    "acceptedDate": "2000-09-06 00:00:00",
    "calendarYear": "2000",
    "period": "Q4",
    "revenue": 8214300000,
    "costOfRevenue": 7389900000,
    "grossProfit": 824400000,
    "grossProfitRatio": 0.1003615646,
    "researchAndDevelopmentExpenses": 0,
    "generalAndAdministrativeExpenses": 426100000,
    "sellingAndMarketingExpenses": 0,
    "sellingGeneralAndAdministrativeExpenses": 426100000,
    "otherExpenses": 53500000,
    "operatingExpenses": 479600000,
    "costAndExpenses": 7869500000,
    "interestIncome": 0,
    "interestExpense": 0,
    "depreciationAndAmortization": 53500000,
    "ebitda": 398300000,
    "ebitdaratio": 0.0484886113,
    "operatingIncome": 344800000,
    "operatingIncomeRatio": 0.0419755792,
    "totalOtherIncomeExpensesNet": -43800000,
    "incomeBeforeTax": 301000000,
    "incomeBeforeTaxRatio": 0.0366434145,
    "incomeTaxExpense": 106300000,
    "netIncome": 194700000,
    "netIncomeRatio": 0.0237025675,
    "eps": 0.47,
    "epsdiluted": 0.47,
    "weightedAverageShsOut": 416400000,
    "weightedAverageShsOutDil": 416400000,
    "link": "https://www.sec.gov/Archives/edgar/data/721371/000095015200006483/0000950152-00-006483-index.htm",
    "finalLink": "https://www.sec.gov/Archives/edgar/data/721371/000095015200006483/l83475ae10-k.txt"
  },
  {
    "date": "2000-03-31",
    "symbol": "CAH",
    "reportedCurrency": "USD",
    "cik": "0000721371",
    "fillingDate": "2000-05-12",
    "acceptedDate": "2000-05-12 00:00:00",
    "calendarYear": "2000",
    "period": "Q3",
    "revenue": 9611500000,
    "costOfRevenue": 8820000000,
    "grossProfit": 739500000,
    "grossProfitRatio": 0.0769390834,
    "researchAndDevelopmentExpenses": 0,
    "generalAndAdministrativeExpenses": 391300000,
    "sellingAndMarketingExpenses": 3400000,
    "sellingGeneralAndAdministrativeExpenses": 394700000,
    "otherExpenses": 10700000,
    "operatingExpenses": 436600000,
    "costAndExpenses": 9256600000,
    "interestIncome": 0,
    "interestExpense": 0,
    "depreciationAndAmortization": 74200000,
    "ebitda": 429100000,
    "ebitdaratio": 0.0446444364,
    "operatingIncome": 354900000,
    "operatingIncomeRatio": 0.0369245175,
    "totalOtherIncomeExpensesNet": -38900000,
    "incomeBeforeTax": 300700000,
    "incomeBeforeTaxRatio": 0.0312854393,
    "incomeTaxExpense": 117600000,
    "netIncome": 189500000,
    "netIncomeRatio": 0.0197159652,
    "eps": 0.45,
    "epsdiluted": 0.44,
    "weightedAverageShsOut": 440500000,
    "weightedAverageShsOutDil": 449200000,
    "link": "https://www.sec.gov/Archives/edgar/data/721371/000095015200004012/0000950152-00-004012-index.html",
    "finalLink": "https://www.sec.gov/Archives/edgar/data/721371/000095015200004012/0000950152-00-004012-d1.html"
  },
  {
    "date": "1999-12-31",
    "symbol": "CAH",
    "reportedCurrency": "USD",
    "cik": "0000721371",
    "fillingDate": "2000-02-11",
    "acceptedDate": "2000-02-11 00:00:00",
    "calendarYear": "2000",
    "period": "Q2",
    "revenue": 7399500000,
    "costOfRevenue": 6614000000,
    "grossProfit": 785500000,
    "grossProfitRatio": 0.1061558213,
    "researchAndDevelopmentExpenses": 0,
    "generalAndAdministrativeExpenses": 415300000,
    "sellingAndMarketingExpenses": 0,
    "sellingGeneralAndAdministrativeExpenses": 415300000,
    "otherExpenses": 63600000,
    "operatingExpenses": 478900000,
    "costAndExpenses": 7092900000,
    "interestIncome": 0,
    "interestExpense": 0,
    "depreciationAndAmortization": 63600000,
    "ebitda": 370200000,
    "ebitdaratio": 0.0500304075,
    "operatingIncome": 306600000,
    "operatingIncomeRatio": 0.0414352321,
    "totalOtherIncomeExpensesNet": -32300000,
    "incomeBeforeTax": 274300000,
    "incomeBeforeTaxRatio": 0.0370700723,
    "incomeTaxExpense": 100800000,
    "netIncome": 173500000,
    "netIncomeRatio": 0.0234475302,
    "eps": 0.41,
    "epsdiluted": 0.41,
    "weightedAverageShsOut": 420600000,
    "weightedAverageShsOutDil": 427650000,
    "link": "https://www.sec.gov/Archives/edgar/data/721371/000095015200000968/0000950152-00-000968-index.html",
    "finalLink": "https://www.sec.gov/Archives/edgar/data/721371/000095015200000968/"
  },
  {
    "date": "1999-09-30",
    "symbol": "CAH",
    "reportedCurrency": "USD",
    "cik": "0000721371",
    "fillingDate": "1999-11-12",
    "acceptedDate": "1999-11-12 00:00:00",
    "calendarYear": "2000",
    "period": "Q1",
    "revenue": 6783700000,
    "costOfRevenue": 6067200000,
    "grossProfit": 716500000,
    "grossProfitRatio": 0.1056208264,
    "researchAndDevelopmentExpenses": 0,
    "generalAndAdministrativeExpenses": 394700000,
    "sellingAndMarketingExpenses": -3400000,
    "sellingGeneralAndAdministrativeExpenses": 391300000,
    "otherExpenses": 61700000,
    "operatingExpenses": 453000000,
    "costAndExpenses": 6520200000,
    "interestIncome": 0,
    "interestExpense": 0,
    "depreciationAndAmortization": 61700000,
    "ebitda": 325200000,
    "ebitdaratio": 0.0479384407,
    "operatingIncome": 263500000,
    "operatingIncomeRatio": 0.0388431092,
    "totalOtherIncomeExpensesNet": -61700000,
    "incomeBeforeTax": 201800000,
    "incomeBeforeTaxRatio": 0.0297477778,
    "incomeTaxExpense": 79800000,
    "netIncome": 122000000,
    "netIncomeRatio": 0.0179842859,
    "eps": 0.29,
    "epsdiluted": 0.29,
    "weightedAverageShsOut": 419790000,
    "weightedAverageShsOutDil": 429085000,
    "link": "https://www.sec.gov/Archives/edgar/data/721371/000095015299009006/0000950152-99-009006-index.html",
    "finalLink": "https://www.sec.gov/Archives/edgar/data/721371/000095015299009006/"
  },
  {
    "date": "1999-06-30",
    "symbol": "CAH",
    "reportedCurrency": "USD",
    "cik": "0000721371",
    "fillingDate": "1999-09-02",
    "acceptedDate": "1999-09-02 00:00:00",
    "calendarYear": "1999",
    "period": "Q4",
    "revenue": 6550100000,
    "costOfRevenue": 5795000000,
    "grossProfit": 755100000,
    "grossProfitRatio": 0.1152806827,
    "researchAndDevelopmentExpenses": 0,
    "generalAndAdministrativeExpenses": 405000000,
    "sellingAndMarketingExpenses": 0,
    "sellingGeneralAndAdministrativeExpenses": 405000000,
    "otherExpenses": 65100000,
    "operatingExpenses": 470100000,
    "costAndExpenses": 6265100000,
    "interestIncome": 0,
    "interestExpense": 0,
    "depreciationAndAmortization": 65100000,
    "ebitda": 350100000,
    "ebitdaratio": 0.0534495657,
    "operatingIncome": 285000000,
    "operatingIncomeRatio": 0.0435107861,
    "totalOtherIncomeExpensesNet": -52300000,
    "incomeBeforeTax": 232700000,
    "incomeBeforeTaxRatio": 0.0355261752,
    "incomeTaxExpense": 83300000,
    "netIncome": 149400000,
    "netIncomeRatio": 0.0228088121,
    "eps": 0.36,
    "epsdiluted": 0.36,
    "weightedAverageShsOut": 420689655,
    "weightedAverageShsOutDil": 420689655,
    "link": "https://www.sec.gov/Archives/edgar/data/721371/000095015299007328/0000950152-99-007328-index.html",
    "finalLink": "https://www.sec.gov/Archives/edgar/data/721371/000095015299007328/"
  },
  {
    "date": "1999-03-31",
    "symbol": "CAH",
    "reportedCurrency": "USD",
    "cik": "0000721371",
    "fillingDate": "1999-05-14",
    "acceptedDate": "1999-05-14 00:00:00",
    "calendarYear": "1999",
    "period": "Q3",
    "revenue": 6454200000,
    "costOfRevenue": 5653900000,
    "grossProfit": 789900000,
    "grossProfitRatio": 0.1223854234,
    "researchAndDevelopmentExpenses": 0,
    "generalAndAdministrativeExpenses": 178200000,
    "sellingAndMarketingExpenses": 215000000,
    "sellingGeneralAndAdministrativeExpenses": 393200000,
    "otherExpenses": 118600000,
    "operatingExpenses": 515700000,
    "costAndExpenses": 6169600000,
    "interestIncome": 0,
    "interestExpense": 0,
    "depreciationAndAmortization": 57900000,
    "ebitda": 403200000,
    "ebitdaratio": 0.0624709491,
    "operatingIncome": 284600000,
    "operatingIncomeRatio": 0.0440953178,
    "totalOtherIncomeExpensesNet": -118200000,
    "incomeBeforeTax": 158900000,
    "incomeBeforeTaxRatio": 0.0246196275,
    "incomeTaxExpense": 77000000,
    "netIncome": 81900000,
    "netIncomeRatio": 0.0126894115,
    "eps": 0.21,
    "epsdiluted": 0.21,
    "weightedAverageShsOut": 424761905,
    "weightedAverageShsOutDil": 424761905,
    "link": "https://www.sec.gov/Archives/edgar/data/721371/000095015299004378/0000950152-99-004378-index.html",
    "finalLink": "https://www.sec.gov/Archives/edgar/data/721371/"
  },
  {
    "date": "1998-12-31",
    "symbol": "CAH",
    "reportedCurrency": "USD",
    "cik": "0000721371",
    "fillingDate": "1999-02-11",
    "acceptedDate": "1999-02-11 00:00:00",
    "calendarYear": "1999",
    "period": "Q2",
    "revenue": 6289300000,
    "costOfRevenue": 5577500000,
    "grossProfit": 408700000,
    "grossProfitRatio": 0.0649833845,
    "researchAndDevelopmentExpenses": 0,
    "generalAndAdministrativeExpenses": 188100000,
    "sellingAndMarketingExpenses": 0,
    "sellingGeneralAndAdministrativeExpenses": 188100000,
    "otherExpenses": 57200000,
    "operatingExpenses": 458600000,
    "costAndExpenses": 6036100000,
    "interestIncome": 0,
    "interestExpense": 0,
    "depreciationAndAmortization": 54700000,
    "ebitda": 310400000,
    "ebitdaratio": 0.0493536642,
    "operatingIncome": 253200000,
    "operatingIncomeRatio": 0.0402588523,
    "totalOtherIncomeExpensesNet": -32000000,
    "incomeBeforeTax": 158300000,
    "incomeBeforeTaxRatio": 0.0251697327,
    "incomeTaxExpense": 79700000,
    "netIncome": 99700000,
    "netIncomeRatio": 0.0158523206,
    "eps": 0.34,
    "epsdiluted": 0.33,
    "weightedAverageShsOut": 416176471,
    "weightedAverageShsOutDil": 428787879,
    "link": "https://www.sec.gov/Archives/edgar/data/721371/000095015299000868/0000950152-99-000868-index.html",
    "finalLink": "https://www.sec.gov/Archives/edgar/data/721371/"
  },
  {
    "date": "1998-09-30",
    "symbol": "CAH",
    "reportedCurrency": "USD",
    "cik": "0000721371",
    "fillingDate": "1998-11-13",
    "acceptedDate": "1998-11-13 00:00:00",
    "calendarYear": "1999",
    "period": "Q1",
    "revenue": 5799100000,
    "costOfRevenue": 5148000000,
    "grossProfit": 323600000,
    "grossProfitRatio": 0.0558017623,
    "researchAndDevelopmentExpenses": 0,
    "generalAndAdministrativeExpenses": 393200000,
    "sellingAndMarketingExpenses": -215000000,
    "sellingGeneralAndAdministrativeExpenses": 178200000,
    "otherExpenses": 59700000,
    "operatingExpenses": 433600000,
    "costAndExpenses": 5581600000,
    "interestIncome": 0,
    "interestExpense": 0,
    "depreciationAndAmortization": 59700000,
    "ebitda": 277200000,
    "ebitdaratio": 0.0478005208,
    "operatingIncome": 217500000,
    "operatingIncomeRatio": 0.0375058199,
    "totalOtherIncomeExpensesNet": -58700000,
    "incomeBeforeTax": 102200000,
    "incomeBeforeTaxRatio": 0.0176234243,
    "incomeTaxExpense": 64100000,
    "netIncome": 57800000,
    "netIncomeRatio": 0.0099670639,
    "eps": 0.23,
    "epsdiluted": 0.22,
    "weightedAverageShsOut": 301247048,
    "weightedAverageShsOutDil": 301247048,
    "link": "https://www.sec.gov/Archives/edgar/data/721371/000095015298008936/0000950152-98-008936-index.html",
    "finalLink": "https://www.sec.gov/Archives/edgar/data/721371/"
  },
  {
    "date": "1998-06-30",
    "symbol": "CAH",
    "reportedCurrency": "USD",
    "cik": "0000721371",
    "fillingDate": "1998-09-01",
    "acceptedDate": "1998-09-01 00:00:00",
    "calendarYear": "1998",
    "period": "Q4",
    "revenue": 6536100000,
    "costOfRevenue": 6231900000,
    "grossProfit": 304200000,
    "grossProfitRatio": 0.0465415156,
    "researchAndDevelopmentExpenses": 0,
    "generalAndAdministrativeExpenses": 155400000,
    "sellingAndMarketingExpenses": 0,
    "sellingGeneralAndAdministrativeExpenses": 155400000,
    "otherExpenses": 16800000,
    "operatingExpenses": 172200000,
    "costAndExpenses": 6404100000,
    "interestIncome": 0,
    "interestExpense": 0,
    "depreciationAndAmortization": 16800000,
    "ebitda": 148800000,
    "ebitdaratio": 0.0227658696,
    "operatingIncome": 132000000,
    "operatingIncomeRatio": 0.0201955294,
    "totalOtherIncomeExpensesNet": -27200000,
    "incomeBeforeTax": 104800000,
    "incomeBeforeTaxRatio": 0.0160340264,
    "incomeTaxExpense": 34200000,
    "netIncome": 70600000,
    "netIncomeRatio": 0.0108015483,
    "eps": 0.23,
    "epsdiluted": 0.23,
    "weightedAverageShsOut": 304210526,
    "weightedAverageShsOutDil": 304210526,
    "link": "https://www.sec.gov/Archives/edgar/data/721371/000095015298007270/0000950152-98-007270-index.html",
    "finalLink": "https://www.sec.gov/Archives/edgar/data/721371/"
  },
  {
    "date": "1998-03-31",
    "symbol": "CAH",
    "reportedCurrency": "USD",
    "cik": "0000721371",
    "fillingDate": "1998-05-13",
    "acceptedDate": "1998-05-13 00:00:00",
    "calendarYear": "1998",
    "period": "Q3",
    "revenue": 5363700000,
    "costOfRevenue": 4774400000,
    "grossProfit": 296000000,
    "grossProfitRatio": 0.0551857859,
    "researchAndDevelopmentExpenses": 0,
    "generalAndAdministrativeExpenses": 133500000,
    "sellingAndMarketingExpenses": 8700000,
    "sellingGeneralAndAdministrativeExpenses": 142200000,
    "otherExpenses": 16600000,
    "operatingExpenses": 364800000,
    "costAndExpenses": 5139200000,
    "interestIncome": 0,
    "interestExpense": 0,
    "depreciationAndAmortization": 116700000,
    "ebitda": 341200000,
    "ebitdaratio": 0.0636128046,
    "operatingIncome": 224500000,
    "operatingIncomeRatio": 0.0418554356,
    "totalOtherIncomeExpensesNet": -59800000,
    "incomeBeforeTax": 100700000,
    "incomeBeforeTaxRatio": 0.0187743535,
    "incomeTaxExpense": 55500000,
    "netIncome": 56300000,
    "netIncomeRatio": 0.0104964856,
    "eps": 0.27,
    "epsdiluted": 0.26,
    "weightedAverageShsOut": 245306122,
    "weightedAverageShsOutDil": 245306122,
    "link": "https://www.sec.gov/Archives/edgar/data/721371/000095015298004411/0000950152-98-004411-index.html",
    "finalLink": "https://www.sec.gov/Archives/edgar/data/721371/"
  },
  {
    "date": "1997-12-31",
    "symbol": "CAH",
    "reportedCurrency": "USD",
    "cik": "0000721371",
    "fillingDate": "1998-02-11",
    "acceptedDate": "1998-02-11 00:00:00",
    "calendarYear": "1998",
    "period": "Q2",
    "revenue": 4028300000,
    "costOfRevenue": 3713600000,
    "grossProfit": 264600000,
    "grossProfitRatio": 0.0656852767,
    "researchAndDevelopmentExpenses": 0,
    "generalAndAdministrativeExpenses": 135200000,
    "sellingAndMarketingExpenses": 0,
    "sellingGeneralAndAdministrativeExpenses": 135200000,
    "otherExpenses": 15700000,
    "operatingExpenses": 176000000,
    "costAndExpenses": 3889600000,
    "interestIncome": 0,
    "interestExpense": 0,
    "depreciationAndAmortization": 42200000,
    "ebitda": 180900000,
    "ebitdaratio": 0.044907281,
    "operatingIncome": 138700000,
    "operatingIncomeRatio": 0.0344313979,
    "totalOtherIncomeExpensesNet": -9800000,
    "incomeBeforeTax": 108500000,
    "incomeBeforeTaxRatio": 0.0269344388,
    "incomeTaxExpense": 48500000,
    "netIncome": 66200000,
    "netIncomeRatio": 0.0164337314,
    "eps": 0.27,
    "epsdiluted": 0.27,
    "weightedAverageShsOut": 297777778,
    "weightedAverageShsOutDil": 297777778,
    "link": "https://www.sec.gov/Archives/edgar/data/721371/000095015298000952/0000950152-98-000952-index.html",
    "finalLink": "https://www.sec.gov/Archives/edgar/data/721371/"
  },
  {
    "date": "1997-09-30",
    "symbol": "CAH",
    "reportedCurrency": "USD",
    "cik": "0000721371",
    "fillingDate": "1998-01-07",
    "acceptedDate": "1998-01-07 00:00:00",
    "calendarYear": "1998",
    "period": "Q1",
    "revenue": 3703600000,
    "costOfRevenue": 3422800000,
    "grossProfit": 237700000,
    "grossProfitRatio": 0.0641807971,
    "researchAndDevelopmentExpenses": 0,
    "generalAndAdministrativeExpenses": 142200000,
    "sellingAndMarketingExpenses": -8700000,
    "sellingGeneralAndAdministrativeExpenses": 133500000,
    "otherExpenses": 3100000,
    "operatingExpenses": 163400000,
    "costAndExpenses": 3586200000,
    "interestIncome": 0,
    "interestExpense": 0,
    "depreciationAndAmortization": 3100000,
    "ebitda": 120500000,
    "ebitdaratio": 0.032535911,
    "operatingIncome": 117400000,
    "operatingIncomeRatio": 0.0316988876,
    "totalOtherIncomeExpensesNet": -7000000,
    "incomeBeforeTax": 88900000,
    "incomeBeforeTaxRatio": 0.0240036721,
    "incomeTaxExpense": 41100000,
    "netIncome": 54200000,
    "netIncomeRatio": 0.0146344098,
    "eps": 0.23,
    "epsdiluted": 0.23,
    "weightedAverageShsOut": 301304348,
    "weightedAverageShsOutDil": 301304348,
    "link": "https://www.sec.gov/Archives/edgar/data/721371/000095015298000075/0000950152-98-000075-index.html",
    "finalLink": "https://www.sec.gov/Archives/edgar/data/721371/"
  },
  {
    "date": "1997-06-30",
    "symbol": "CAH",
    "reportedCurrency": "USD",
    "cik": "0000721371",
    "fillingDate": "1998-01-07",
    "acceptedDate": "1998-01-07 00:00:00",
    "calendarYear": "1997",
    "period": "Q4",
    "revenue": 2790600000,
    "costOfRevenue": 2537700000,
    "grossProfit": 252900000,
    "grossProfitRatio": 0.0906256719,
    "researchAndDevelopmentExpenses": 0,
    "generalAndAdministrativeExpenses": 132400000,
    "sellingAndMarketingExpenses": 0,
    "sellingGeneralAndAdministrativeExpenses": 132400000,
    "otherExpenses": 12400000,
    "operatingExpenses": 144800000,
    "costAndExpenses": 2682500000,
    "interestIncome": 0,
    "interestExpense": 0,
    "depreciationAndAmortization": 12400000,
    "ebitda": 120500000,
    "ebitdaratio": 0.043180678,
    "operatingIncome": 108100000,
    "operatingIncomeRatio": 0.0387371891,
    "totalOtherIncomeExpensesNet": -4900000,
    "incomeBeforeTax": 103200000,
    "incomeBeforeTaxRatio": 0.0369812943,
    "incomeTaxExpense": 41300000,
    "netIncome": 61900000,
    "netIncomeRatio": 0.0221816097,
    "eps": 0.25,
    "epsdiluted": 0.25,
    "weightedAverageShsOut": 246363636,
    "weightedAverageShsOutDil": 246363636,
    "link": "https://www.sec.gov/Archives/edgar/data/721371/000095015298000074/0000950152-98-000074-index.html",
    "finalLink": "https://www.sec.gov/Archives/edgar/data/721371/"
  },
  {
    "date": "1997-03-31",
    "symbol": "CAH",
    "reportedCurrency": "USD",
    "cik": "0000721371",
    "fillingDate": "1997-05-09",
    "acceptedDate": "1997-05-09 00:00:00",
    "calendarYear": "1997",
    "period": "Q3",
    "revenue": 2825500000,
    "costOfRevenue": 2563500000,
    "grossProfit": 262000000,
    "grossProfitRatio": 0.092726951,
    "researchAndDevelopmentExpenses": 0,
    "generalAndAdministrativeExpenses": 111600000,
    "sellingAndMarketingExpenses": 18100000,
    "sellingGeneralAndAdministrativeExpenses": 129700000,
    "otherExpenses": 18300000,
    "operatingExpenses": 148000000,
    "costAndExpenses": 2711500000,
    "interestIncome": 0,
    "interestExpense": 0,
    "depreciationAndAmortization": 13600000,
    "ebitda": 132300000,
    "ebitdaratio": 0.046823571,
    "operatingIncome": 114000000,
    "operatingIncomeRatio": 0.0403468413,
    "totalOtherIncomeExpensesNet": -47300000,
    "incomeBeforeTax": 66700000,
    "incomeBeforeTaxRatio": 0.0236064413,
    "incomeTaxExpense": 30500000,
    "netIncome": 36200000,
    "netIncomeRatio": 0.0128118917,
    "eps": 0.17,
    "epsdiluted": 0.17,
    "weightedAverageShsOut": 212941176,
    "weightedAverageShsOutDil": 212941176,
    "link": "https://www.sec.gov/Archives/edgar/data/721371/000095015297003706/0000950152-97-003706-index.html",
    "finalLink": "https://www.sec.gov/Archives/edgar/data/721371/"
  },
  {
    "date": "1996-12-31",
    "symbol": "CAH",
    "reportedCurrency": "USD",
    "cik": "0000721371",
    "fillingDate": "1997-02-06",
    "acceptedDate": "1997-02-06 00:00:00",
    "calendarYear": "1997",
    "period": "Q2",
    "revenue": 2816400000,
    "costOfRevenue": 2580400000,
    "grossProfit": 217400000,
    "grossProfitRatio": 0.07719074,
    "researchAndDevelopmentExpenses": 0,
    "generalAndAdministrativeExpenses": 114200000,
    "sellingAndMarketingExpenses": 0,
    "sellingGeneralAndAdministrativeExpenses": 114200000,
    "otherExpenses": 12100000,
    "operatingExpenses": 139500000,
    "costAndExpenses": 2719900000,
    "interestIncome": 0,
    "interestExpense": 0,
    "depreciationAndAmortization": 16800000,
    "ebitda": 113300000,
    "ebitdaratio": 0.0402286607,
    "operatingIncome": 96500000,
    "operatingIncomeRatio": 0.0342635989,
    "totalOtherIncomeExpensesNet": -23800000,
    "incomeBeforeTax": 67900000,
    "incomeBeforeTaxRatio": 0.0241087914,
    "incomeTaxExpense": 31400000,
    "netIncome": 38500000,
    "netIncomeRatio": 0.0136699332,
    "eps": 0.17,
    "epsdiluted": 0.17,
    "weightedAverageShsOut": 242941176,
    "weightedAverageShsOutDil": 242941176,
    "link": "https://www.sec.gov/Archives/edgar/data/721371/000095015297000675/0000950152-97-000675-index.html",
    "finalLink": "https://www.sec.gov/Archives/edgar/data/721371/"
  },
  {
    "date": "1996-09-30",
    "symbol": "CAH",
    "reportedCurrency": "USD",
    "cik": "0000721371",
    "fillingDate": "1996-11-06",
    "acceptedDate": "1996-11-06 00:00:00",
    "calendarYear": "1997",
    "period": "Q1",
    "revenue": 2428200000,
    "costOfRevenue": 2237500000,
    "grossProfit": 190700000,
    "grossProfitRatio": 0.0785355407,
    "researchAndDevelopmentExpenses": 0,
    "generalAndAdministrativeExpenses": 129700000,
    "sellingAndMarketingExpenses": -18100000,
    "sellingGeneralAndAdministrativeExpenses": 111600000,
    "otherExpenses": 8500000,
    "operatingExpenses": 120100000,
    "costAndExpenses": 2357600000,
    "interestIncome": 0,
    "interestExpense": 0,
    "depreciationAndAmortization": 8500000,
    "ebitda": 79100000,
    "ebitdaratio": 0.0325755704,
    "operatingIncome": 70600000,
    "operatingIncomeRatio": 0.029075035,
    "totalOtherIncomeExpensesNet": -3900000,
    "incomeBeforeTax": 66700000,
    "incomeBeforeTaxRatio": 0.027468907,
    "incomeTaxExpense": 26900000,
    "netIncome": 39800000,
    "netIncomeRatio": 0.0163907421,
    "eps": 0.17,
    "epsdiluted": 0.17,
    "weightedAverageShsOut": 234117647,
    "weightedAverageShsOutDil": 234117647,
    "link": "https://www.sec.gov/Archives/edgar/data/721371/000095015296005709/0000950152-96-005709-index.html",
    "finalLink": "https://www.sec.gov/Archives/edgar/data/721371/"
  },
  {
    "date": "1996-06-30",
    "symbol": "CAH",
    "reportedCurrency": "USD",
    "cik": "0000721371",
    "fillingDate": "1996-08-26",
    "acceptedDate": "1996-08-26 00:00:00",
    "calendarYear": "1996",
    "period": "Q4",
    "revenue": 2480800000,
    "costOfRevenue": 2169700000,
    "grossProfit": 311100000,
    "grossProfitRatio": 0.1254030958,
    "researchAndDevelopmentExpenses": 0,
    "generalAndAdministrativeExpenses": 178800000,
    "sellingAndMarketingExpenses": 0,
    "sellingGeneralAndAdministrativeExpenses": 178800000,
    "otherExpenses": 13300000,
    "operatingExpenses": 192100000,
    "costAndExpenses": 2361800000,
    "interestIncome": 0,
    "interestExpense": 0,
    "depreciationAndAmortization": 13300000,
    "ebitda": 132300000,
    "ebitdaratio": 0.0533295711,
    "operatingIncome": 119000000,
    "operatingIncomeRatio": 0.0479683973,
    "totalOtherIncomeExpensesNet": -53800000,
    "incomeBeforeTax": 65200000,
    "incomeBeforeTaxRatio": 0.0262818446,
    "incomeTaxExpense": 32300000,
    "netIncome": 32900000,
    "netIncomeRatio": 0.013261851,
    "eps": 0.14,
    "epsdiluted": 0.14,
    "weightedAverageShsOut": 234117647,
    "weightedAverageShsOutDil": 234117647,
    "link": "https://www.sec.gov/Archives/edgar/data/721371/000095015296004334/0000950152-96-004334-index.html",
    "finalLink": "https://www.sec.gov/Archives/edgar/data/721371/"
  },
  {
    "date": "1996-03-31",
    "symbol": "CAH",
    "reportedCurrency": "USD",
    "cik": "0000721371",
    "fillingDate": "1996-05-03",
    "acceptedDate": "1996-05-03 00:00:00",
    "calendarYear": "1996",
    "period": "Q3",
    "revenue": 2202800000,
    "costOfRevenue": 2045100000,
    "grossProfit": 157700000,
    "grossProfitRatio": 0.0715907027,
    "researchAndDevelopmentExpenses": 0,
    "generalAndAdministrativeExpenses": 79800000,
    "sellingAndMarketingExpenses": 4300000,
    "sellingGeneralAndAdministrativeExpenses": 84100000,
    "otherExpenses": 6800000,
    "operatingExpenses": 90900000,
    "costAndExpenses": 2136000000,
    "interestIncome": 0,
    "interestExpense": 0,
    "depreciationAndAmortization": 6800000,
    "ebitda": 73600000,
    "ebitdaratio": 0.0334120211,
    "operatingIncome": 66800000,
    "operatingIncomeRatio": 0.0303250409,
    "totalOtherIncomeExpensesNet": -5000000,
    "incomeBeforeTax": 61800000,
    "incomeBeforeTaxRatio": 0.0280552025,
    "incomeTaxExpense": 25000000,
    "netIncome": 36800000,
    "netIncomeRatio": 0.0167060105,
    "eps": 0.22,
    "epsdiluted": 0.22,
    "weightedAverageShsOut": 167272727,
    "weightedAverageShsOutDil": 167272727,
    "link": "https://www.sec.gov/Archives/edgar/data/721371/000095015296001997/0000950152-96-001997-index.html",
    "finalLink": "https://www.sec.gov/Archives/edgar/data/721371/"
  },
  {
    "date": "1995-12-31",
    "symbol": "CAH",
    "reportedCurrency": "USD",
    "cik": "0000721371",
    "fillingDate": "1996-02-12",
    "acceptedDate": "1996-02-12 00:00:00",
    "calendarYear": "1996",
    "period": "Q2",
    "revenue": 2131600000,
    "costOfRevenue": 1988600000,
    "grossProfit": 143000000,
    "grossProfitRatio": 0.0670857572,
    "researchAndDevelopmentExpenses": 0,
    "generalAndAdministrativeExpenses": 83100000,
    "sellingAndMarketingExpenses": 0,
    "sellingGeneralAndAdministrativeExpenses": 83100000,
    "otherExpenses": 6500000,
    "operatingExpenses": 89600000,
    "costAndExpenses": 2078200000,
    "interestIncome": 0,
    "interestExpense": 0,
    "depreciationAndAmortization": 6500000,
    "ebitda": 59900000,
    "ebitdaratio": 0.028100957,
    "operatingIncome": 53400000,
    "operatingIncomeRatio": 0.0250516044,
    "totalOtherIncomeExpensesNet": -18300000,
    "incomeBeforeTax": 35100000,
    "incomeBeforeTaxRatio": 0.016466504,
    "incomeTaxExpense": 16400000,
    "netIncome": 18700000,
    "netIncomeRatio": 0.0087727529,
    "eps": 0.11,
    "epsdiluted": 0.11,
    "weightedAverageShsOut": 170000000,
    "weightedAverageShsOutDil": 170000000,
    "link": "https://www.sec.gov/Archives/edgar/data/721371/000095015296000412/0000950152-96-000412-index.html",
    "finalLink": "https://www.sec.gov/Archives/edgar/data/721371/"
  },
  {
    "date": "1995-09-30",
    "symbol": "CAH",
    "reportedCurrency": "USD",
    "cik": "0000721371",
    "fillingDate": "1995-11-06",
    "acceptedDate": "1995-11-06 00:00:00",
    "calendarYear": "1996",
    "period": "Q1",
    "revenue": 2033000000,
    "costOfRevenue": 1908900000,
    "grossProfit": 124100000,
    "grossProfitRatio": 0.0610427939,
    "researchAndDevelopmentExpenses": 0,
    "generalAndAdministrativeExpenses": 84100000,
    "sellingAndMarketingExpenses": -4300000,
    "sellingGeneralAndAdministrativeExpenses": 79800000,
    "otherExpenses": 5900000,
    "operatingExpenses": 85700000,
    "costAndExpenses": 1994600000,
    "interestIncome": 0,
    "interestExpense": 0,
    "depreciationAndAmortization": 5900000,
    "ebitda": 44300000,
    "ebitdaratio": 0.0217904575,
    "operatingIncome": 38400000,
    "operatingIncomeRatio": 0.0188883424,
    "totalOtherIncomeExpensesNet": -3000000,
    "incomeBeforeTax": 35400000,
    "incomeBeforeTaxRatio": 0.0174126906,
    "incomeTaxExpense": 14900000,
    "netIncome": 20500000,
    "netIncomeRatio": 0.0100836203,
    "eps": 0.14,
    "epsdiluted": 0.14,
    "weightedAverageShsOut": 146428571,
    "weightedAverageShsOutDil": 146428571,
    "link": "https://www.sec.gov/Archives/edgar/data/721371/000095015295002495/0000950152-95-002495-index.html",
    "finalLink": "https://www.sec.gov/Archives/edgar/data/721371/"
  }
]