[
  {
    "date": "2025-06-30",
    "symbol": "CAH",
    "reportedCurrency": "USD",
    "cik": "0000721371",
    "fillingDate": "2025-08-12",
    "acceptedDate": "2025-08-12 08:58:00",
    "calendarYear": "2025",
    "period": "FY",
    "revenue": 222578000000,
    "costOfRevenue": 214410000000,
    "grossProfit": 8168000000,
    "grossProfitRatio": 0.0366972477,
    "researchAndDevelopmentExpenses": 0,
    "generalAndAdministrativeExpenses": 0,
    "sellingAndMarketingExpenses": 5382000000,
    "sellingGeneralAndAdministrativeExpenses": 5382000000,
    "otherExpenses": 511000000,
    "operatingExpenses": 5893000000,
    "costAndExpenses": 220303000000,
    "interestIncome": 0,
    "interestExpense": 215000000,
    "depreciationAndAmortization": 790000000,
    "ebitda": 3106000000,
    "ebitdaratio": 0.0139546586,
    "operatingIncome": 2275000000,
    "operatingIncomeRatio": 0.010221136,
    "totalOtherIncomeExpensesNet": -174000000,
    "incomeBeforeTax": 2101000000,
    "incomeBeforeTaxRatio": 0.0094393875,
    "incomeTaxExpense": 532000000,
    "netIncome": 1561000000,
    "netIncomeRatio": 0.0070132718,
    "eps": 6.48,
    "epsdiluted": 6.45,
    "weightedAverageShsOut": 241000000,
    "weightedAverageShsOutDil": 242000000,
    "link": "https://www.sec.gov/Archives/edgar/data/721371/000072137125000079/0000721371-25-000079-index.htm",
    "finalLink": "https://www.sec.gov/Archives/edgar/data/721371/000072137125000079/cah-20250630.htm"
  },
  {
    "date": "2024-06-30",
    "symbol": "CAH",
    "reportedCurrency": "USD",
    "cik": "0000721371",
    "fillingDate": "2024-08-14",
    "acceptedDate": "2024-08-14 08:47:07",
    "calendarYear": "2024",
    "period": "FY",
    "revenue": 226827000000,
    "costOfRevenue": 219413000000,
    "grossProfit": 7414000000,
    "grossProfitRatio": 0.0326857032,
    "researchAndDevelopmentExpenses": 0,
    "generalAndAdministrativeExpenses": 0,
    "sellingAndMarketingExpenses": 5000000000,
    "sellingGeneralAndAdministrativeExpenses": 5000000000,
    "otherExpenses": 1171000000,
    "operatingExpenses": 6171000000,
    "costAndExpenses": 225584000000,
    "interestIncome": 0,
    "interestExpense": 51000000,
    "depreciationAndAmortization": 710000000,
    "ebitda": 1962000000,
    "ebitdaratio": 0.0086497639,
    "operatingIncome": 1243000000,
    "operatingIncomeRatio": 0.0054799473,
    "totalOtherIncomeExpensesNet": -42000000,
    "incomeBeforeTax": 1201000000,
    "incomeBeforeTaxRatio": 0.0052947841,
    "incomeTaxExpense": 348000000,
    "netIncome": 852000000,
    "netIncomeRatio": 0.0037561666,
    "eps": 3.48,
    "epsdiluted": 3.45,
    "weightedAverageShsOut": 245000000,
    "weightedAverageShsOutDil": 247000000,
    "link": "https://www.sec.gov/Archives/edgar/data/721371/000072137124000056/0000721371-24-000056-index.htm",
    "finalLink": "https://www.sec.gov/Archives/edgar/data/721371/000072137124000056/cah-20240630.htm"
  },
  {
    "date": "2023-06-30",
    "symbol": "CAH",
    "reportedCurrency": "USD",
    "cik": "0000721371",
    "fillingDate": "2023-08-15",
    "acceptedDate": "2023-08-15 08:50:31",
    "calendarYear": "2023",
    "period": "FY",
    "revenue": 204979000000,
    "costOfRevenue": 198105000000,
    "grossProfit": 6889000000,
    "grossProfitRatio": 0.0336083209,
    "researchAndDevelopmentExpenses": 0,
    "generalAndAdministrativeExpenses": 0,
    "sellingAndMarketingExpenses": 0,
    "sellingGeneralAndAdministrativeExpenses": 4800000000,
    "otherExpenses": 1322000000,
    "operatingExpenses": 6122000000,
    "costAndExpenses": 204227000000,
    "interestIncome": 0,
    "interestExpense": 84000000,
    "depreciationAndAmortization": 692000000,
    "ebitda": 1439000000,
    "ebitdaratio": 0.0070202313,
    "operatingIncome": 752000000,
    "operatingIncomeRatio": 0.0036686685,
    "totalOtherIncomeExpensesNet": -89000000,
    "incomeBeforeTax": 663000000,
    "incomeBeforeTaxRatio": 0.0032344777,
    "incomeTaxExpense": 332000000,
    "netIncome": 330000000,
    "netIncomeRatio": 0.001609921,
    "eps": 1.26,
    "epsdiluted": 1.26,
    "weightedAverageShsOut": 261000000,
    "weightedAverageShsOutDil": 262000000,
    "link": "https://www.sec.gov/Archives/edgar/data/721371/000072137123000060/0000721371-23-000060-index.htm",
    "finalLink": "https://www.sec.gov/Archives/edgar/data/721371/000072137123000060/cah-20230630.htm"
  },
  {
    "date": "2022-06-30",
    "symbol": "CAH",
    "reportedCurrency": "USD",
    "cik": "0000721371",
    "fillingDate": "2022-08-11",
    "acceptedDate": "2022-08-11 16:17:06",
    "calendarYear": "2022",
    "period": "FY",
    "revenue": 181326000000,
    "costOfRevenue": 174842000000,
    "grossProfit": 6484000000,
    "grossProfitRatio": 0.0357587991,
    "researchAndDevelopmentExpenses": 0,
    "generalAndAdministrativeExpenses": 0,
    "sellingAndMarketingExpenses": 0,
    "sellingGeneralAndAdministrativeExpenses": 4512000000,
    "otherExpenses": 2579000000,
    "operatingExpenses": 7091000000,
    "costAndExpenses": 181933000000,
    "interestIncome": 0,
    "interestExpense": 147000000,
    "depreciationAndAmortization": 692000000,
    "ebitda": 55000000,
    "ebitdaratio": 0.0003033211,
    "operatingIncome": -607000000,
    "operatingIncomeRatio": -0.0033475618,
    "totalOtherIncomeExpensesNet": -177000000,
    "incomeBeforeTax": -784000000,
    "incomeBeforeTaxRatio": -0.0043237043,
    "incomeTaxExpense": 153000000,
    "netIncome": -938000000,
    "netIncomeRatio": -0.0051730033,
    "eps": -3.34,
    "epsdiluted": -3.34,
    "weightedAverageShsOut": 279000000,
    "weightedAverageShsOutDil": 279000000,
    "link": "https://www.sec.gov/Archives/edgar/data/721371/000072137122000058/0000721371-22-000058-index.htm",
    "finalLink": "https://www.sec.gov/Archives/edgar/data/721371/000072137122000058/cah-20220630.htm"
  },
  {
    "date": "2021-06-30",
    "symbol": "CAH",
    "reportedCurrency": "USD",
    "cik": "0000721371",
    "fillingDate": "2021-08-16",
    "acceptedDate": "2021-08-16 08:50:00",
    "calendarYear": "2021",
    "period": "FY",
    "revenue": 162467000000,
    "costOfRevenue": 155689000000,
    "grossProfit": 6778000000,
    "grossProfitRatio": 0.0417192414,
    "researchAndDevelopmentExpenses": 0,
    "generalAndAdministrativeExpenses": 0,
    "sellingAndMarketingExpenses": 4533000000,
    "sellingGeneralAndAdministrativeExpenses": 4533000000,
    "otherExpenses": 1773000000,
    "operatingExpenses": 6306000000,
    "costAndExpenses": 161995000000,
    "interestIncome": 0,
    "interestExpense": 180000000,
    "depreciationAndAmortization": 783000000,
    "ebitda": 1286000000,
    "ebitdaratio": 0.0079154536,
    "operatingIncome": 472000000,
    "operatingIncomeRatio": 0.0029052054,
    "totalOtherIncomeExpensesNet": -149000000,
    "incomeBeforeTax": 323000000,
    "incomeBeforeTaxRatio": 0.001988096,
    "incomeTaxExpense": -289000000,
    "netIncome": 611000000,
    "netIncomeRatio": 0.0037607637,
    "eps": 2.09,
    "epsdiluted": 2.08,
    "weightedAverageShsOut": 292000000,
    "weightedAverageShsOutDil": 294000000,
    "link": "https://www.sec.gov/Archives/edgar/data/721371/000072137121000080/0000721371-21-000080-index.htm",
    "finalLink": "https://www.sec.gov/Archives/edgar/data/721371/000072137121000080/cah-20210630.htm"
  },
  {
    "date": "2020-06-30",
    "symbol": "CAH",
    "reportedCurrency": "USD",
    "cik": "0000721371",
    "fillingDate": "2020-08-13",
    "acceptedDate": "2020-08-13 10:04:19",
    "calendarYear": "2020",
    "period": "FY",
    "revenue": 152922000000,
    "costOfRevenue": 146054000000,
    "grossProfit": 6868000000,
    "grossProfitRatio": 0.0449117851,
    "researchAndDevelopmentExpenses": 0,
    "generalAndAdministrativeExpenses": 0,
    "sellingAndMarketingExpenses": 0,
    "sellingGeneralAndAdministrativeExpenses": 4572000000,
    "otherExpenses": 6394000000,
    "operatingExpenses": 10966000000,
    "costAndExpenses": 157020000000,
    "interestIncome": 0,
    "interestExpense": 238000000,
    "depreciationAndAmortization": 913000000,
    "ebitda": -2621000000,
    "ebitdaratio": -0.0171394567,
    "operatingIncome": -4098000000,
    "operatingIncomeRatio": -0.0267979754,
    "totalOtherIncomeExpensesNet": 326000000,
    "incomeBeforeTax": -3772000000,
    "incomeBeforeTaxRatio": -0.0246661697,
    "incomeTaxExpense": -79000000,
    "netIncome": -3693000000,
    "netIncomeRatio": -0.0241495664,
    "eps": -12.6,
    "epsdiluted": -12.6,
    "weightedAverageShsOut": 293000000,
    "weightedAverageShsOutDil": 293000000,
    "link": "https://www.sec.gov/Archives/edgar/data/721371/000072137120000089/0000721371-20-000089-index.htm",
    "finalLink": "https://www.sec.gov/Archives/edgar/data/721371/000072137120000089/a20q410k063020form10-k.htm"
  },
  {
    "date": "2019-06-30",
    "symbol": "CAH",
    "reportedCurrency": "USD",
    "cik": "0000721371",
    "fillingDate": "2019-08-20",
    "acceptedDate": "2019-08-20 16:30:26",
    "calendarYear": "2019",
    "period": "FY",
    "revenue": 145534000000,
    "costOfRevenue": 138700000000,
    "grossProfit": 6834000000,
    "grossProfitRatio": 0.0469580991,
    "researchAndDevelopmentExpenses": 0,
    "generalAndAdministrativeExpenses": 0,
    "sellingAndMarketingExpenses": 0,
    "sellingGeneralAndAdministrativeExpenses": 4480000000,
    "otherExpenses": 294000000,
    "operatingExpenses": 4774000000,
    "costAndExpenses": 143474000000,
    "interestIncome": 0,
    "interestExpense": 294000000,
    "depreciationAndAmortization": 1000000000,
    "ebitda": 3045000000,
    "ebitdaratio": 0.0209229458,
    "operatingIncome": 2060000000,
    "operatingIncomeRatio": 0.014154768,
    "totalOtherIncomeExpensesNet": -309000000,
    "incomeBeforeTax": 1751000000,
    "incomeBeforeTaxRatio": 0.0120315528,
    "incomeTaxExpense": 386000000,
    "netIncome": 1363000000,
    "netIncomeRatio": 0.0093655091,
    "eps": 4.54,
    "epsdiluted": 4.53,
    "weightedAverageShsOut": 300000000,
    "weightedAverageShsOutDil": 301000000,
    "link": "https://www.sec.gov/Archives/edgar/data/721371/000072137119000090/0000721371-19-000090-index.htm",
    "finalLink": "https://www.sec.gov/Archives/edgar/data/721371/000072137119000090/a19q4_10kx063019xform10-k.htm"
  },
  {
    "date": "2018-06-30",
    "symbol": "CAH",
    "reportedCurrency": "USD",
    "cik": "0000721371",
    "fillingDate": "2018-08-22",
    "acceptedDate": "2018-08-22 16:23:32",
    "calendarYear": "2018",
    "period": "FY",
    "revenue": 136809000000,
    "costOfRevenue": 129628000000,
    "grossProfit": 7181000000,
    "grossProfitRatio": 0.0524892368,
    "researchAndDevelopmentExpenses": 0,
    "generalAndAdministrativeExpenses": 4596000000,
    "sellingAndMarketingExpenses": 0,
    "sellingGeneralAndAdministrativeExpenses": 4596000000,
    "otherExpenses": 2459000000,
    "operatingExpenses": 7055000000,
    "costAndExpenses": 136683000000,
    "interestIncome": 0,
    "interestExpense": 329000000,
    "depreciationAndAmortization": 1032000000,
    "ebitda": 1133000000,
    "ebitdaratio": 0.0082816189,
    "operatingIncome": 126000000,
    "operatingIncomeRatio": 0.000920992,
    "totalOtherIncomeExpensesNet": -354000000,
    "incomeBeforeTax": -228000000,
    "incomeBeforeTaxRatio": -0.001666557,
    "incomeTaxExpense": -487000000,
    "netIncome": 256000000,
    "netIncomeRatio": 0.0018712219,
    "eps": 0.82,
    "epsdiluted": 0.81,
    "weightedAverageShsOut": 313000000,
    "weightedAverageShsOutDil": 315000000,
    "link": "https://www.sec.gov/Archives/edgar/data/721371/000072137118000077/0000721371-18-000077-index.htm",
    "finalLink": "https://www.sec.gov/Archives/edgar/data/721371/000072137118000077/a18q4_10kx063018xform10-k.htm"
  },
  {
    "date": "2017-06-30",
    "symbol": "CAH",
    "reportedCurrency": "USD",
    "cik": "0000721371",
    "fillingDate": "2017-08-10",
    "acceptedDate": "2017-08-10 17:26:53",
    "calendarYear": "2017",
    "period": "FY",
    "revenue": 129976000000,
    "costOfRevenue": 123432000000,
    "grossProfit": 6544000000,
    "grossProfitRatio": 0.0503477565,
    "researchAndDevelopmentExpenses": 0,
    "generalAndAdministrativeExpenses": 3775000000,
    "sellingAndMarketingExpenses": 0,
    "sellingGeneralAndAdministrativeExpenses": 3775000000,
    "otherExpenses": 649000000,
    "operatingExpenses": 4424000000,
    "costAndExpenses": 127856000000,
    "interestIncome": 0,
    "interestExpense": 201000000,
    "depreciationAndAmortization": 717000000,
    "ebitda": 2842000000,
    "ebitdaratio": 0.0218655752,
    "operatingIncome": 2120000000,
    "operatingIncomeRatio": 0.0163107035,
    "totalOtherIncomeExpensesNet": -196000000,
    "incomeBeforeTax": 1924000000,
    "incomeBeforeTaxRatio": 0.0148027328,
    "incomeTaxExpense": 630000000,
    "netIncome": 1288000000,
    "netIncomeRatio": 0.0099095218,
    "eps": 4.06,
    "epsdiluted": 4.03,
    "weightedAverageShsOut": 317000000,
    "weightedAverageShsOutDil": 320000000,
    "link": "https://www.sec.gov/Archives/edgar/data/721371/000072137117000083/0000721371-17-000083-index.htm",
    "finalLink": "https://www.sec.gov/Archives/edgar/data/721371/000072137117000083/a17q4_10kx63017xform10-k.htm"
  },
  {
    "date": "2016-06-30",
    "symbol": "CAH",
    "reportedCurrency": "USD",
    "cik": "0000721371",
    "fillingDate": "2016-08-12",
    "acceptedDate": "2016-08-12 06:51:59",
    "calendarYear": "2016",
    "period": "FY",
    "revenue": 121546000000,
    "costOfRevenue": 115003000000,
    "grossProfit": 6543000000,
    "grossProfitRatio": 0.0538314712,
    "researchAndDevelopmentExpenses": 0,
    "generalAndAdministrativeExpenses": 3648000000,
    "sellingAndMarketingExpenses": 0,
    "sellingGeneralAndAdministrativeExpenses": 3648000000,
    "otherExpenses": 436000000,
    "operatingExpenses": 4084000000,
    "costAndExpenses": 119087000000,
    "interestIncome": 0,
    "interestExpense": 178000000,
    "depreciationAndAmortization": 641000000,
    "ebitda": 3095000000,
    "ebitdaratio": 0.0254636105,
    "operatingIncome": 2459000000,
    "operatingIncomeRatio": 0.0202310236,
    "totalOtherIncomeExpensesNet": -183000000,
    "incomeBeforeTax": 2276000000,
    "incomeBeforeTaxRatio": 0.0187254208,
    "incomeTaxExpense": 845000000,
    "netIncome": 1427000000,
    "netIncomeRatio": 0.011740411,
    "eps": 4.36,
    "epsdiluted": 4.32,
    "weightedAverageShsOut": 327000000,
    "weightedAverageShsOutDil": 330000000,
    "link": "https://www.sec.gov/Archives/edgar/data/721371/000072137116000277/0000721371-16-000277-index.htm",
    "finalLink": "https://www.sec.gov/Archives/edgar/data/721371/000072137116000277/a16q4_10kx63016xform10-k.htm"
  },
  {
    "date": "2015-06-30",
    "symbol": "CAH",
    "reportedCurrency": "USD",
    "cik": "0000721371",
    "fillingDate": "2015-08-13",
    "acceptedDate": "2015-08-13 08:58:08",
    "calendarYear": "2015",
    "period": "FY",
    "revenue": 102531000000,
    "costOfRevenue": 96819000000,
    "grossProfit": 5712000000,
    "grossProfitRatio": 0.0557099804,
    "researchAndDevelopmentExpenses": 0,
    "generalAndAdministrativeExpenses": 3240000000,
    "sellingAndMarketingExpenses": 0,
    "sellingGeneralAndAdministrativeExpenses": 3240000000,
    "otherExpenses": 311000000,
    "operatingExpenses": 3551000000,
    "costAndExpenses": 100370000000,
    "interestIncome": 0,
    "interestExpense": 141000000,
    "depreciationAndAmortization": 451000000,
    "ebitda": 2559000000,
    "ebitdaratio": 0.0249583053,
    "operatingIncome": 2161000000,
    "operatingIncomeRatio": 0.0210765525,
    "totalOtherIncomeExpensesNet": -194000000,
    "incomeBeforeTax": 1967000000,
    "incomeBeforeTaxRatio": 0.0191844418,
    "incomeTaxExpense": 755000000,
    "netIncome": 1215000000,
    "netIncomeRatio": 0.0118500746,
    "eps": 3.66,
    "epsdiluted": 3.62,
    "weightedAverageShsOut": 332000000,
    "weightedAverageShsOutDil": 335000000,
    "link": "https://www.sec.gov/Archives/edgar/data/721371/000072137115000107/0000721371-15-000107-index.htm",
    "finalLink": "https://www.sec.gov/Archives/edgar/data/721371/000072137115000107/a15q4_10kx63015xform10-k.htm"
  },
  {
    "date": "2014-06-30",
    "symbol": "CAH",
    "reportedCurrency": "USD",
    "cik": "0000721371",
    "fillingDate": "2014-08-13",
    "acceptedDate": "2014-08-13 16:04:52",
    "calendarYear": "2014",
    "period": "FY",
    "revenue": 91084000000,
    "costOfRevenue": 85923000000,
    "grossProfit": 5161000000,
    "grossProfitRatio": 0.0566619823,
    "researchAndDevelopmentExpenses": 0,
    "generalAndAdministrativeExpenses": 3028000000,
    "sellingAndMarketingExpenses": 0,
    "sellingGeneralAndAdministrativeExpenses": 3028000000,
    "otherExpenses": 248000000,
    "operatingExpenses": 3276000000,
    "costAndExpenses": 89199000000,
    "interestIncome": 0,
    "interestExpense": 133000000,
    "depreciationAndAmortization": 459000000,
    "ebitda": 2390000000,
    "ebitdaratio": 0.0262395152,
    "operatingIncome": 1885000000,
    "operatingIncomeRatio": 0.0206951825,
    "totalOtherIncomeExpensesNet": -87000000,
    "incomeBeforeTax": 1798000000,
    "incomeBeforeTaxRatio": 0.0197400202,
    "incomeTaxExpense": 635000000,
    "netIncome": 1166000000,
    "netIncomeRatio": 0.0128013702,
    "eps": 3.42,
    "epsdiluted": 3.38,
    "weightedAverageShsOut": 341000000,
    "weightedAverageShsOutDil": 345000000,
    "link": "https://www.sec.gov/Archives/edgar/data/721371/000072137114000181/0000721371-14-000181-index.htm",
    "finalLink": "https://www.sec.gov/Archives/edgar/data/721371/000072137114000181/a14q4_10kx063014xform10-k.htm"
  },
  {
    "date": "2013-06-30",
    "symbol": "CAH",
    "reportedCurrency": "USD",
    "cik": "0000721371",
    "fillingDate": "2013-08-20",
    "acceptedDate": "2013-08-20 16:10:48",
    "calendarYear": "2013",
    "period": "FY",
    "revenue": 101093000000,
    "costOfRevenue": 96172000000,
    "grossProfit": 4921000000,
    "grossProfitRatio": 0.04867795,
    "researchAndDevelopmentExpenses": 0,
    "generalAndAdministrativeExpenses": 2875000000,
    "sellingAndMarketingExpenses": 0,
    "sellingGeneralAndAdministrativeExpenses": 2875000000,
    "otherExpenses": 1050000000,
    "operatingExpenses": 3925000000,
    "costAndExpenses": 100097000000,
    "interestIncome": 0,
    "interestExpense": 123000000,
    "depreciationAndAmortization": 397000000,
    "ebitda": 1408000000,
    "ebitdaratio": 0.0139277695,
    "operatingIncome": 996000000,
    "operatingIncomeRatio": 0.0098523142,
    "totalOtherIncomeExpensesNet": -108000000,
    "incomeBeforeTax": 888000000,
    "incomeBeforeTaxRatio": 0.008783991,
    "incomeTaxExpense": 553000000,
    "netIncome": 334000000,
    "netIncomeRatio": 0.0033038885,
    "eps": 0.98,
    "epsdiluted": 0.97,
    "weightedAverageShsOut": 341000000,
    "weightedAverageShsOutDil": 344000000,
    "link": "https://www.sec.gov/Archives/edgar/data/721371/000072137113000154/0000721371-13-000154-index.htm",
    "finalLink": "https://www.sec.gov/Archives/edgar/data/721371/000072137113000154/a13q4_10kx063013xform10-k.htm"
  },
  {
    "date": "2012-06-30",
    "symbol": "CAH",
    "reportedCurrency": "USD",
    "cik": "0000721371",
    "fillingDate": "2012-08-22",
    "acceptedDate": "2012-08-22 07:54:24",
    "calendarYear": "2012",
    "period": "FY",
    "revenue": 107552000000,
    "costOfRevenue": 103011000000,
    "grossProfit": 4541000000,
    "grossProfitRatio": 0.0422214371,
    "researchAndDevelopmentExpenses": 0,
    "generalAndAdministrativeExpenses": 2677000000,
    "sellingAndMarketingExpenses": 0,
    "sellingGeneralAndAdministrativeExpenses": 2677000000,
    "otherExpenses": 72000000,
    "operatingExpenses": 2749000000,
    "costAndExpenses": 105760000000,
    "interestIncome": 0,
    "interestExpense": 95000000,
    "depreciationAndAmortization": 325000000,
    "ebitda": 2118000000,
    "ebitdaratio": 0.0196927998,
    "operatingIncome": 1792000000,
    "operatingIncomeRatio": 0.0166617078,
    "totalOtherIncomeExpensesNet": -94000000,
    "incomeBeforeTax": 1698000000,
    "incomeBeforeTaxRatio": 0.015787712,
    "incomeTaxExpense": 628000000,
    "netIncome": 1069000000,
    "netIncomeRatio": 0.0099393782,
    "eps": 3.1,
    "epsdiluted": 3.06,
    "weightedAverageShsOut": 345000000,
    "weightedAverageShsOutDil": 349000000,
    "link": "https://www.sec.gov/Archives/edgar/data/721371/000072137112000069/0000721371-12-000069-index.htm",
    "finalLink": "https://www.sec.gov/Archives/edgar/data/721371/000072137112000069/cah-20120630x10k.htm"
  },
  {
    "date": "2011-06-30",
    "symbol": "CAH",
    "reportedCurrency": "USD",
    "cik": "0000721371",
    "fillingDate": "2011-08-26",
    "acceptedDate": "2011-08-26 08:14:14",
    "calendarYear": "2011",
    "period": "FY",
    "revenue": 102644000000,
    "costOfRevenue": 98482000000,
    "grossProfit": 4162000000,
    "grossProfitRatio": 0.0405479132,
    "researchAndDevelopmentExpenses": 0,
    "generalAndAdministrativeExpenses": 2594800000,
    "sellingAndMarketingExpenses": 2594800000,
    "sellingGeneralAndAdministrativeExpenses": 2594800000,
    "otherExpenses": 120000000,
    "operatingExpenses": 2648000000,
    "costAndExpenses": 101130000000,
    "interestIncome": 0,
    "interestExpense": 93000000,
    "depreciationAndAmortization": 313000000,
    "ebitda": 1924000000,
    "ebitdaratio": 0.0187443981,
    "operatingIncome": 1514000000,
    "operatingIncomeRatio": 0.0147500097,
    "totalOtherIncomeExpensesNet": 4000000,
    "incomeBeforeTax": 1518300000,
    "incomeBeforeTaxRatio": 0.0147919021,
    "incomeTaxExpense": 552100000,
    "netIncome": 959000000,
    "netIncomeRatio": 0.0093429718,
    "eps": 2.75,
    "epsdiluted": 2.72,
    "weightedAverageShsOut": 348600000,
    "weightedAverageShsOutDil": 352500000,
    "link": "https://www.sec.gov/Archives/edgar/data/721371/000119312511233322/0001193125-11-233322-index.htm",
    "finalLink": "https://www.sec.gov/Archives/edgar/data/721371/000119312511233322/d10k.htm"
  },
  {
    "date": "2010-06-30",
    "symbol": "CAH",
    "reportedCurrency": "USD",
    "cik": "0000721371",
    "fillingDate": "2010-08-26",
    "acceptedDate": "2010-08-26 16:01:59",
    "calendarYear": "2010",
    "period": "FY",
    "revenue": 98503000000,
    "costOfRevenue": 94722000000,
    "grossProfit": 3780700000,
    "grossProfitRatio": 0.0383815721,
    "researchAndDevelopmentExpenses": 0,
    "generalAndAdministrativeExpenses": 2408000000,
    "sellingAndMarketingExpenses": 2408000000,
    "sellingGeneralAndAdministrativeExpenses": 2345600000,
    "otherExpenses": 77000000,
    "operatingExpenses": 2474000000,
    "costAndExpenses": 97196000000,
    "interestIncome": 0,
    "interestExpense": 113000000,
    "depreciationAndAmortization": 254000000,
    "ebitda": 1579000000,
    "ebitdaratio": 0.0160299686,
    "operatingIncome": 1307000000,
    "operatingIncomeRatio": 0.0132686314,
    "totalOtherIncomeExpensesNet": -95000000,
    "incomeBeforeTax": 1211600000,
    "incomeBeforeTaxRatio": 0.012300133,
    "incomeTaxExpense": 624600000,
    "netIncome": 642200000,
    "netIncomeRatio": 0.0065195984,
    "eps": 1.79,
    "epsdiluted": 1.77,
    "weightedAverageShsOut": 358800000,
    "weightedAverageShsOutDil": 361400000,
    "link": "https://www.sec.gov/Archives/edgar/data/721371/000119312510198300/0001193125-10-198300-index.htm",
    "finalLink": "https://www.sec.gov/Archives/edgar/data/721371/000119312510198300/d10k.htm"
  },
  {
    "date": "2009-06-30",
    "symbol": "CAH",
    "reportedCurrency": "USD",
    "cik": "0000721371",
    "fillingDate": "2009-08-27",
    "acceptedDate": "2009-08-27 16:44:28",
    "calendarYear": "2009",
    "period": "FY",
    "revenue": 95991500000,
    "costOfRevenue": 92244000000,
    "grossProfit": 5526400000,
    "grossProfitRatio": 0.0575717642,
    "researchAndDevelopmentExpenses": 0,
    "generalAndAdministrativeExpenses": 3438300000,
    "sellingAndMarketingExpenses": 0,
    "sellingGeneralAndAdministrativeExpenses": 3438300000,
    "otherExpenses": 126600000,
    "operatingExpenses": 2460100000,
    "costAndExpenses": 94704100000,
    "interestIncome": 0,
    "interestExpense": 218700000,
    "depreciationAndAmortization": 225800000,
    "ebitda": 1639800000,
    "ebitdaratio": 0.0170827625,
    "operatingIncome": 1287400000,
    "operatingIncomeRatio": 0.0134116042,
    "totalOtherIncomeExpensesNet": -127600000,
    "incomeBeforeTax": 1667000000,
    "incomeBeforeTaxRatio": 0.017366121,
    "incomeTaxExpense": 524200000,
    "netIncome": 1151600000,
    "netIncomeRatio": 0.0119968956,
    "eps": 3.22,
    "epsdiluted": 3.18,
    "weightedAverageShsOut": 357600000,
    "weightedAverageShsOutDil": 361500000,
    "link": "https://www.sec.gov/Archives/edgar/data/721371/000119312509182992/0001193125-09-182992-index.htm",
    "finalLink": "https://www.sec.gov/Archives/edgar/data/721371/000119312509182992/d10k.htm"
  },
  {
    "date": "2008-06-30",
    "symbol": "CAH",
    "reportedCurrency": "USD",
    "cik": "0000721371",
    "fillingDate": "2008-08-27",
    "acceptedDate": "2008-08-26 18:44:08",
    "calendarYear": "2008",
    "period": "FY",
    "revenue": 87408200000,
    "costOfRevenue": 83631100000,
    "grossProfit": 5634100000,
    "grossProfitRatio": 0.0644573392,
    "researchAndDevelopmentExpenses": 0,
    "generalAndAdministrativeExpenses": 3414800000,
    "sellingAndMarketingExpenses": 0,
    "sellingGeneralAndAdministrativeExpenses": 3414800000,
    "otherExpenses": 44100000,
    "operatingExpenses": 2384700000,
    "costAndExpenses": 86015800000,
    "interestIncome": 0,
    "interestExpense": 0,
    "depreciationAndAmortization": 220000000,
    "ebitda": 1656500000,
    "ebitdaratio": 0.0189513112,
    "operatingIncome": 1392400000,
    "operatingIncomeRatio": 0.0159298556,
    "totalOtherIncomeExpensesNet": -97300000,
    "incomeBeforeTax": 1949800000,
    "incomeBeforeTaxRatio": 0.0223068316,
    "incomeTaxExpense": 633900000,
    "netIncome": 1300600000,
    "netIncomeRatio": 0.0148796108,
    "eps": 3.63,
    "epsdiluted": 3.57,
    "weightedAverageShsOut": 358200000,
    "weightedAverageShsOutDil": 364000000,
    "link": "https://www.sec.gov/Archives/edgar/data/721371/000119312508184519/0001193125-08-184519-index.htm",
    "finalLink": "https://www.sec.gov/Archives/edgar/data/721371/000119312508184519/d10k.htm"
  },
  {
    "date": "2007-06-30",
    "symbol": "CAH",
    "reportedCurrency": "USD",
    "cik": "0000721371",
    "fillingDate": "2007-08-24",
    "acceptedDate": "2007-08-24 17:26:17",
    "calendarYear": "2007",
    "period": "FY",
    "revenue": 86852000000,
    "costOfRevenue": 81606700000,
    "grossProfit": 5245300000,
    "grossProfitRatio": 0.060393543,
    "researchAndDevelopmentExpenses": 0,
    "generalAndAdministrativeExpenses": 3082300000,
    "sellingAndMarketingExpenses": 0,
    "sellingGeneralAndAdministrativeExpenses": 3082300000,
    "otherExpenses": 789300000,
    "operatingExpenses": 3871600000,
    "costAndExpenses": 85478300000,
    "interestIncome": 0,
    "interestExpense": 0,
    "depreciationAndAmortization": 322100000,
    "ebitda": 1837400000,
    "ebitdaratio": 0.0211555289,
    "operatingIncome": 1373700000,
    "operatingIncomeRatio": 0.0158165615,
    "totalOtherIncomeExpensesNet": -121400000,
    "incomeBeforeTax": 1252300000,
    "incomeBeforeTaxRatio": 0.0144187814,
    "incomeTaxExpense": 412600000,
    "netIncome": 1931100000,
    "netIncomeRatio": 0.0222343757,
    "eps": 4.89,
    "epsdiluted": 4.77,
    "weightedAverageShsOut": 394900000,
    "weightedAverageShsOutDil": 404700000,
    "link": "https://www.sec.gov/Archives/edgar/data/721371/000095015207007107/0000950152-07-007107-index.htm",
    "finalLink": "https://www.sec.gov/Archives/edgar/data/721371/000095015207007107/l27624ae10vk.htm"
  },
  {
    "date": "2006-06-30",
    "symbol": "CAH",
    "reportedCurrency": "USD",
    "cik": "0000721371",
    "fillingDate": "2006-09-01",
    "acceptedDate": "2006-09-01 15:56:37",
    "calendarYear": "2006",
    "period": "FY",
    "revenue": 79664200000,
    "costOfRevenue": 74850200000,
    "grossProfit": 5280900000,
    "grossProfitRatio": 0.0662895002,
    "researchAndDevelopmentExpenses": 0,
    "generalAndAdministrativeExpenses": 3199300000,
    "sellingAndMarketingExpenses": 0,
    "sellingGeneralAndAdministrativeExpenses": 3199300000,
    "otherExpenses": 86300000,
    "operatingExpenses": 2969100000,
    "costAndExpenses": 77819300000,
    "interestIncome": 0,
    "interestExpense": 0,
    "depreciationAndAmortization": 297600000,
    "ebitda": 2215500000,
    "ebitdaratio": 0.0278104845,
    "operatingIncome": 1844900000,
    "operatingIncomeRatio": 0.0231584576,
    "totalOtherIncomeExpensesNet": -104500000,
    "incomeBeforeTax": 1835000000,
    "incomeBeforeTaxRatio": 0.023034186,
    "incomeTaxExpense": 577100000,
    "netIncome": 1000100000,
    "netIncomeRatio": 0.0125539452,
    "eps": 2.38,
    "epsdiluted": 2.33,
    "weightedAverageShsOut": 421200000,
    "weightedAverageShsOutDil": 428500000,
    "link": "https://www.sec.gov/Archives/edgar/data/721371/000119312506184453/0001193125-06-184453-index.htm",
    "finalLink": "https://www.sec.gov/Archives/edgar/data/721371/000119312506184453/d10k.htm"
  },
  {
    "date": "2005-06-30",
    "symbol": "CAH",
    "reportedCurrency": "USD",
    "cik": "0000721371",
    "fillingDate": "2005-09-12",
    "acceptedDate": "2005-09-12 17:26:43",
    "calendarYear": "2005",
    "period": "FY",
    "revenue": 72666000000,
    "costOfRevenue": 68206300000,
    "grossProfit": 5006500000,
    "grossProfitRatio": 0.0688974211,
    "researchAndDevelopmentExpenses": 0,
    "generalAndAdministrativeExpenses": 2861500000,
    "sellingAndMarketingExpenses": 0,
    "sellingGeneralAndAdministrativeExpenses": 2861500000,
    "otherExpenses": 179800000,
    "operatingExpenses": 2677500000,
    "costAndExpenses": 70883800000,
    "interestIncome": 0,
    "interestExpense": 0,
    "depreciationAndAmortization": 295600000,
    "ebitda": 2206400000,
    "ebitdaratio": 0.0303635813,
    "operatingIncome": 1782200000,
    "operatingIncomeRatio": 0.0245259131,
    "totalOtherIncomeExpensesNet": -117800000,
    "incomeBeforeTax": 1629300000,
    "incomeBeforeTaxRatio": 0.0224217653,
    "incomeTaxExpense": 586000000,
    "netIncome": 1050700000,
    "netIncomeRatio": 0.014459307,
    "eps": 2.44,
    "epsdiluted": 2.41,
    "weightedAverageShsOut": 430614754,
    "weightedAverageShsOutDil": 435975104,
    "link": "https://www.sec.gov/Archives/edgar/data/721371/000095015205007585/0000950152-05-007585-index.htm",
    "finalLink": "https://www.sec.gov/Archives/edgar/data/721371/000095015205007585/l15839ae10vk.htm"
  },
  {
    "date": "2004-06-30",
    "symbol": "CAH",
    "reportedCurrency": "USD",
    "cik": "0000721371",
    "fillingDate": "2004-10-26",
    "acceptedDate": "2004-10-26 16:45:49",
    "calendarYear": "2004",
    "period": "FY",
    "revenue": 64522600000,
    "costOfRevenue": 59879500000,
    "grossProfit": 4741200000,
    "grossProfitRatio": 0.0734812298,
    "researchAndDevelopmentExpenses": 0,
    "generalAndAdministrativeExpenses": 2346500000,
    "sellingAndMarketingExpenses": 0,
    "sellingGeneralAndAdministrativeExpenses": 2346500000,
    "otherExpenses": 43700000,
    "operatingExpenses": 2312400000,
    "costAndExpenses": 62191900000,
    "interestIncome": 0,
    "interestExpense": 0,
    "depreciationAndAmortization": 289500000,
    "ebitda": 2699800000,
    "ebitdaratio": 0.0418427032,
    "operatingIncome": 2330700000,
    "operatingIncomeRatio": 0.0361222269,
    "totalOtherIncomeExpensesNet": -106800000,
    "incomeBeforeTax": 2238400000,
    "incomeBeforeTaxRatio": 0.0346917204,
    "incomeTaxExpense": 706700000,
    "netIncome": 1474500000,
    "netIncomeRatio": 0.0228524579,
    "eps": 3.39,
    "epsdiluted": 3.35,
    "weightedAverageShsOut": 424837758,
    "weightedAverageShsOutDil": 429910448,
    "link": "https://www.sec.gov/Archives/edgar/data/721371/000095015204007635/0000950152-04-007635-index.htm",
    "finalLink": "https://www.sec.gov/Archives/edgar/data/721371/000095015204007635/l09353be10vk.txt"
  },
  {
    "date": "2003-06-30",
    "symbol": "CAH",
    "reportedCurrency": "USD",
    "cik": "0000721371",
    "fillingDate": "2003-09-29",
    "acceptedDate": "2003-09-29 16:03:22",
    "calendarYear": "2003",
    "period": "FY",
    "revenue": 56731500000,
    "costOfRevenue": 52249300000,
    "grossProfit": 4510000000,
    "grossProfitRatio": 0.0794972811,
    "researchAndDevelopmentExpenses": 0,
    "generalAndAdministrativeExpenses": 2228200000,
    "sellingAndMarketingExpenses": 0,
    "sellingGeneralAndAdministrativeExpenses": 2228200000,
    "otherExpenses": 48900000,
    "operatingExpenses": 2295200000,
    "costAndExpenses": 54544500000,
    "interestIncome": 0,
    "interestExpense": 0,
    "depreciationAndAmortization": 265800000,
    "ebitda": 2594200000,
    "ebitdaratio": 0.0457276822,
    "operatingIncome": 2187000000,
    "operatingIncomeRatio": 0.0385500119,
    "totalOtherIncomeExpensesNet": -106300000,
    "incomeBeforeTax": 2126600000,
    "incomeBeforeTaxRatio": 0.0374853476,
    "incomeTaxExpense": 699500000,
    "netIncome": 1405800000,
    "netIncomeRatio": 0.0247798842,
    "eps": 3.08,
    "epsdiluted": 3.03,
    "weightedAverageShsOut": 446461039,
    "weightedAverageShsOutDil": 453828383,
    "link": "https://www.sec.gov/Archives/edgar/data/721371/000095015203008493/0000950152-03-008493-index.htm",
    "finalLink": "https://www.sec.gov/Archives/edgar/data/721371/000095015203008493/l03213ae10vk.txt"
  },
  {
    "date": "2002-06-30",
    "symbol": "CAH",
    "reportedCurrency": "USD",
    "cik": "0000721371",
    "fillingDate": "2002-09-30",
    "acceptedDate": "2002-09-30 10:48:24",
    "calendarYear": "2002",
    "period": "FY",
    "revenue": 51135700000,
    "costOfRevenue": 47089500000,
    "grossProfit": 4046200000,
    "grossProfitRatio": 0.0791267158,
    "researchAndDevelopmentExpenses": 0,
    "generalAndAdministrativeExpenses": 2073800000,
    "sellingAndMarketingExpenses": 0,
    "sellingGeneralAndAdministrativeExpenses": 2073800000,
    "otherExpenses": 138600000,
    "operatingExpenses": 2212400000,
    "costAndExpenses": 49301900000,
    "interestIncome": 0,
    "interestExpense": 0,
    "depreciationAndAmortization": 243500000,
    "ebitda": 2209200000,
    "ebitdaratio": 0.043202694,
    "operatingIncome": 1833800000,
    "operatingIncomeRatio": 0.0358614432,
    "totalOtherIncomeExpensesNet": -132500000,
    "incomeBeforeTax": 1701300000,
    "incomeBeforeTaxRatio": 0.0332702984,
    "incomeTaxExpense": 575000000,
    "netIncome": 1056200000,
    "netIncomeRatio": 0.0206548458,
    "eps": 2.37,
    "epsdiluted": 2.33,
    "weightedAverageShsOut": 445654008,
    "weightedAverageShsOutDil": 453304721,
    "link": "https://www.sec.gov/Archives/edgar/data/721371/000095015202007264/0000950152-02-007264-index.htm",
    "finalLink": "https://www.sec.gov/Archives/edgar/data/721371/000095015202007264/l95974ae10vk.txt"
  },
  {
    "date": "2001-06-30",
    "symbol": "CAH",
    "reportedCurrency": "USD",
    "cik": "0000721371",
    "fillingDate": "2001-08-24",
    "acceptedDate": "2001-08-24 00:00:00",
    "calendarYear": "2001",
    "period": "FY",
    "revenue": 47947600000,
    "costOfRevenue": 44336000000,
    "grossProfit": 3611600000,
    "grossProfitRatio": 0.0753238953,
    "researchAndDevelopmentExpenses": 0,
    "generalAndAdministrativeExpenses": 1999600000,
    "sellingAndMarketingExpenses": 0,
    "sellingGeneralAndAdministrativeExpenses": 1999600000,
    "otherExpenses": 173800000,
    "operatingExpenses": 2124500000,
    "costAndExpenses": 46460500000,
    "interestIncome": 0,
    "interestExpense": 0,
    "depreciationAndAmortization": 280600000,
    "ebitda": 1767700000,
    "ebitdaratio": 0.0368673302,
    "operatingIncome": 1487100000,
    "operatingIncomeRatio": 0.0310151082,
    "totalOtherIncomeExpensesNet": -154900000,
    "incomeBeforeTax": 1332200000,
    "incomeBeforeTaxRatio": 0.0277844981,
    "incomeTaxExpense": 474800000,
    "netIncome": 857400000,
    "netIncomeRatio": 0.0178820212,
    "eps": 1.9,
    "epsdiluted": 1.85,
    "weightedAverageShsOut": 451263158,
    "weightedAverageShsOutDil": 463459459,
    "link": "https://www.sec.gov/Archives/edgar/data/721371/000095015201504123/0000950152-01-504123-index.htm",
    "finalLink": "https://www.sec.gov/Archives/edgar/data/721371/000095015201504123/l89994ae10-k405.txt"
  },
  {
    "date": "2000-06-30",
    "symbol": "CAH",
    "reportedCurrency": "USD",
    "cik": "0000721371",
    "fillingDate": "2000-09-06",
    "acceptedDate": "2000-09-06 00:00:00",
    "calendarYear": "2000",
    "period": "FY",
    "revenue": 38349900000,
    "costOfRevenue": 35253700000,
    "grossProfit": 3133000000,
    "grossProfitRatio": 0.0816951283,
    "researchAndDevelopmentExpenses": 0,
    "generalAndAdministrativeExpenses": 1627400000,
    "sellingAndMarketingExpenses": 0,
    "sellingGeneralAndAdministrativeExpenses": 1627400000,
    "otherExpenses": 106200000,
    "operatingExpenses": 1815700000,
    "costAndExpenses": 37069400000,
    "interestIncome": 0,
    "interestExpense": 0,
    "depreciationAndAmortization": 257000000,
    "ebitda": 1537500000,
    "ebitdaratio": 0.0400913692,
    "operatingIncome": 1280500000,
    "operatingIncomeRatio": 0.0333899176,
    "totalOtherIncomeExpensesNet": -138700000,
    "incomeBeforeTax": 1077800000,
    "incomeBeforeTaxRatio": 0.0281043758,
    "incomeTaxExpense": 424000000,
    "netIncome": 679700000,
    "netIncomeRatio": 0.0177236447,
    "eps": 1.61,
    "epsdiluted": 1.58,
    "weightedAverageShsOut": 445838509,
    "weightedAverageShsOutDil": 454303797,
    "link": "https://www.sec.gov/Archives/edgar/data/721371/000095015200006483/0000950152-00-006483-index.htm",
    "finalLink": "https://www.sec.gov/Archives/edgar/data/721371/000095015200006483/l83475ae10-k.txt"
  },
  {
    "date": "1999-06-30",
    "symbol": "CAH",
    "reportedCurrency": "USD",
    "cik": "0000721371",
    "fillingDate": "1999-09-02",
    "acceptedDate": "1999-09-02 00:00:00",
    "calendarYear": "1999",
    "period": "FY",
    "revenue": 25111500000,
    "costOfRevenue": 22250300000,
    "grossProfit": 2821900000,
    "grossProfitRatio": 0.1123748084,
    "researchAndDevelopmentExpenses": 0,
    "generalAndAdministrativeExpenses": 1564800000,
    "sellingAndMarketingExpenses": 0,
    "sellingGeneralAndAdministrativeExpenses": 1564800000,
    "otherExpenses": 238200000,
    "operatingExpenses": 1819100000,
    "costAndExpenses": 24069400000,
    "interestIncome": 0,
    "interestExpense": 0,
    "depreciationAndAmortization": 238200000,
    "ebitda": 1280300000,
    "ebitdaratio": 0.0509846086,
    "operatingIncome": 1042100000,
    "operatingIncomeRatio": 0.0414989148,
    "totalOtherIncomeExpensesNet": -256800000,
    "incomeBeforeTax": 759200000,
    "incomeBeforeTaxRatio": 0.0302331601,
    "incomeTaxExpense": 302900000,
    "netIncome": 456300000,
    "netIncomeRatio": 0.0181709575,
    "eps": 1.15,
    "epsdiluted": 1.12,
    "weightedAverageShsOut": 416550000,
    "weightedAverageShsOutDil": 427800000,
    "link": "https://www.sec.gov/Archives/edgar/data/721371/000095015299007328/0000950152-99-007328-index.html",
    "finalLink": "https://www.sec.gov/Archives/edgar/data/721371/000095015299007328/"
  },
  {
    "date": "1998-06-30",
    "symbol": "CAH",
    "reportedCurrency": "USD",
    "cik": "0000721371",
    "fillingDate": "1998-09-01",
    "acceptedDate": "1998-09-01 00:00:00",
    "calendarYear": "1998",
    "period": "FY",
    "revenue": 21076000000,
    "costOfRevenue": 18596500000,
    "grossProfit": 1105800000,
    "grossProfitRatio": 0.0524672613,
    "researchAndDevelopmentExpenses": 0,
    "generalAndAdministrativeExpenses": 567800000,
    "sellingAndMarketingExpenses": 0,
    "sellingGeneralAndAdministrativeExpenses": 567800000,
    "otherExpenses": 218400000,
    "operatingExpenses": 1621400000,
    "costAndExpenses": 20217900000,
    "interestIncome": 0,
    "interestExpense": 0,
    "depreciationAndAmortization": 218400000,
    "ebitda": 1076500000,
    "ebitdaratio": 0.0510770545,
    "operatingIncome": 858100000,
    "operatingIncomeRatio": 0.0407145568,
    "totalOtherIncomeExpensesNet": -166700000,
    "incomeBeforeTax": 402500000,
    "incomeBeforeTaxRatio": 0.0190975517,
    "incomeTaxExpense": 242900000,
    "netIncome": 247100000,
    "netIncomeRatio": 0.0117242361,
    "eps": 1.05,
    "epsdiluted": 1.02,
    "weightedAverageShsOut": 406800000,
    "weightedAverageShsOutDil": 416850000,
    "link": "https://www.sec.gov/Archives/edgar/data/721371/000095015298007270/0000950152-98-007270-index.html",
    "finalLink": "https://www.sec.gov/Archives/edgar/data/721371/"
  },
  {
    "date": "1997-06-30",
    "symbol": "CAH",
    "reportedCurrency": "USD",
    "cik": "0000721371",
    "fillingDate": "1998-01-07",
    "acceptedDate": "1998-01-07 00:00:00",
    "calendarYear": "1997",
    "period": "FY",
    "revenue": 18393900000,
    "costOfRevenue": 16164800000,
    "grossProfit": 956200000,
    "grossProfitRatio": 0.0519846253,
    "researchAndDevelopmentExpenses": 0,
    "generalAndAdministrativeExpenses": 513600000,
    "sellingAndMarketingExpenses": 0,
    "sellingGeneralAndAdministrativeExpenses": 513600000,
    "otherExpenses": 209100000,
    "operatingExpenses": 1513400000,
    "costAndExpenses": 17678200000,
    "interestIncome": 0,
    "interestExpense": 0,
    "depreciationAndAmortization": 209100000,
    "ebitda": 924800000,
    "ebitdaratio": 0.0502775377,
    "operatingIncome": 715700000,
    "operatingIncomeRatio": 0.0389096385,
    "totalOtherIncomeExpensesNet": -176000000,
    "incomeBeforeTax": 312300000,
    "incomeBeforeTaxRatio": 0.0169784548,
    "incomeTaxExpense": 204900000,
    "netIncome": 181100000,
    "netIncomeRatio": 0.0098456554,
    "eps": 0.84,
    "epsdiluted": 0.82,
    "weightedAverageShsOut": 233725490,
    "weightedAverageShsOutDil": 238400000,
    "link": "https://www.sec.gov/Archives/edgar/data/721371/000095015298000074/0000950152-98-000074-index.html",
    "finalLink": "https://www.sec.gov/Archives/edgar/data/721371/"
  },
  {
    "date": "1996-06-30",
    "symbol": "CAH",
    "reportedCurrency": "USD",
    "cik": "0000721371",
    "fillingDate": "1996-08-26",
    "acceptedDate": "1996-08-26 00:00:00",
    "calendarYear": "1996",
    "period": "FY",
    "revenue": 9246400000,
    "costOfRevenue": 8433700000,
    "grossProfit": 747800000,
    "grossProfitRatio": 0.0808747188,
    "researchAndDevelopmentExpenses": 0,
    "generalAndAdministrativeExpenses": 433300000,
    "sellingAndMarketingExpenses": 0,
    "sellingGeneralAndAdministrativeExpenses": 433300000,
    "otherExpenses": 39500000,
    "operatingExpenses": 518900000,
    "costAndExpenses": 8952600000,
    "interestIncome": 0,
    "interestExpense": 0,
    "depreciationAndAmortization": 39500000,
    "ebitda": 333300000,
    "ebitdaratio": 0.0360464613,
    "operatingIncome": 293800000,
    "operatingIncomeRatio": 0.0317745285,
    "totalOtherIncomeExpensesNet": -81800000,
    "incomeBeforeTax": 202100000,
    "incomeBeforeTaxRatio": 0.0218571552,
    "incomeTaxExpense": 94400000,
    "netIncome": 111900000,
    "netIncomeRatio": 0.0121020073,
    "eps": 0.51,
    "epsdiluted": 0.51,
    "weightedAverageShsOut": 230588235,
    "weightedAverageShsOutDil": 230588235,
    "link": "https://www.sec.gov/Archives/edgar/data/721371/000095015296004334/0000950152-96-004334-index.html",
    "finalLink": "https://www.sec.gov/Archives/edgar/data/721371/"
  },
  {
    "date": "1995-06-30",
    "symbol": "CAH",
    "reportedCurrency": "USD",
    "cik": "0000721371",
    "fillingDate": "1995-09-21",
    "acceptedDate": "1995-09-21 00:00:00",
    "calendarYear": "1995",
    "period": "FY",
    "revenue": 8342500000,
    "costOfRevenue": 7643600000,
    "grossProfit": 485700000,
    "grossProfitRatio": 0.058219958,
    "researchAndDevelopmentExpenses": 0,
    "generalAndAdministrativeExpenses": 300800000,
    "sellingAndMarketingExpenses": 0,
    "sellingGeneralAndAdministrativeExpenses": 300800000,
    "otherExpenses": 29500000,
    "operatingExpenses": 443100000,
    "costAndExpenses": 8086700000,
    "interestIncome": 0,
    "interestExpense": 0,
    "depreciationAndAmortization": 29500000,
    "ebitda": 285300000,
    "ebitdaratio": 0.0341983818,
    "operatingIncome": 255800000,
    "operatingIncomeRatio": 0.0306622715,
    "totalOtherIncomeExpensesNet": -13700000,
    "incomeBeforeTax": 146500000,
    "incomeBeforeTaxRatio": 0.0175606832,
    "incomeTaxExpense": 99600000,
    "netIncome": 85000000,
    "netIncomeRatio": 0.0101887923,
    "eps": 0.63,
    "epsdiluted": 0.62,
    "weightedAverageShsOut": 139555556,
    "weightedAverageShsOutDil": 142727273,
    "link": "https://www.sec.gov/Archives/edgar/data/721371/000095015295002183/0000950152-95-002183-index.html",
    "finalLink": "https://www.sec.gov/Archives/edgar/data/721371/"
  },
  {
    "date": "1994-06-30",
    "symbol": "CAH",
    "reportedCurrency": "USD",
    "cik": "0000721371",
    "fillingDate": "1994-09-02",
    "acceptedDate": "1994-09-02 00:00:00",
    "calendarYear": "1994",
    "period": "FY",
    "revenue": 5790400000,
    "costOfRevenue": 5418200000,
    "grossProfit": 372200000,
    "grossProfitRatio": 0.0642788063,
    "researchAndDevelopmentExpenses": 0,
    "generalAndAdministrativeExpenses": 0,
    "sellingAndMarketingExpenses": 0,
    "sellingGeneralAndAdministrativeExpenses": 269200000,
    "otherExpenses": 17000000,
    "operatingExpenses": 286200000,
    "costAndExpenses": 5704400000,
    "interestIncome": 0,
    "interestExpense": 0,
    "depreciationAndAmortization": 17000000,
    "ebitda": 103000000,
    "ebitdaratio": 0.017788063,
    "operatingIncome": 86000000,
    "operatingIncomeRatio": 0.0148521691,
    "totalOtherIncomeExpensesNet": -15300000,
    "incomeBeforeTax": 70700000,
    "incomeBeforeTaxRatio": 0.0122098646,
    "incomeTaxExpense": 35600000,
    "netIncome": 35100000,
    "netIncomeRatio": 0.0060617574,
    "eps": 0.2,
    "epsdiluted": 0.2,
    "weightedAverageShsOut": 166185000,
    "weightedAverageShsOutDil": 166543593,
    "link": "https://www.sec.gov/Archives/edgar/data/721371/000095015294000897/0000950152-94-000897-index.html",
    "finalLink": "https://www.sec.gov/Archives/edgar/data/721371/"
  },
  {
    "date": "1993-03-31",
    "symbol": "CAH",
    "reportedCurrency": "USD",
    "cik": "0000721371",
    "fillingDate": "1993-03-31",
    "acceptedDate": "1993-03-31 00:00:00",
    "calendarYear": "1993",
    "period": "FY",
    "revenue": 1966500000,
    "costOfRevenue": 1832500000,
    "grossProfit": 134000000,
    "grossProfitRatio": 0.0681413679,
    "researchAndDevelopmentExpenses": 0,
    "generalAndAdministrativeExpenses": 67800000,
    "sellingAndMarketingExpenses": 0,
    "sellingGeneralAndAdministrativeExpenses": 67800000,
    "otherExpenses": 7200000,
    "operatingExpenses": 75000000,
    "costAndExpenses": 1907500000,
    "interestIncome": 0,
    "interestExpense": 0,
    "depreciationAndAmortization": 7200000,
    "ebitda": 66200000,
    "ebitdaratio": 0.0336638698,
    "operatingIncome": 59000000,
    "operatingIncomeRatio": 0.0300025426,
    "totalOtherIncomeExpensesNet": -5000000,
    "incomeBeforeTax": 54000000,
    "incomeBeforeTaxRatio": 0.0274599542,
    "incomeTaxExpense": 20400000,
    "netIncome": 33600000,
    "netIncomeRatio": 0.0170861937,
    "eps": 0.42,
    "epsdiluted": 0.39,
    "weightedAverageShsOut": 80000000,
    "weightedAverageShsOutDil": 86153846,
    "link": null,
    "finalLink": null
  },
  {
    "date": "1992-03-31",
    "symbol": "CAH",
    "reportedCurrency": "USD",
    "cik": "0000721371",
    "fillingDate": "1992-03-31",
    "acceptedDate": "1992-03-31 00:00:00",
    "calendarYear": "1992",
    "period": "FY",
    "revenue": 1647600000,
    "costOfRevenue": 1532100000,
    "grossProfit": 115500000,
    "grossProfitRatio": 0.0701019665,
    "researchAndDevelopmentExpenses": 0,
    "generalAndAdministrativeExpenses": 62500000,
    "sellingAndMarketingExpenses": 0,
    "sellingGeneralAndAdministrativeExpenses": 62500000,
    "otherExpenses": 5600000,
    "operatingExpenses": 68100000,
    "costAndExpenses": 1600200000,
    "interestIncome": 0,
    "interestExpense": 0,
    "depreciationAndAmortization": 5600000,
    "ebitda": 53000000,
    "ebitdaratio": 0.0321680019,
    "operatingIncome": 47400000,
    "operatingIncomeRatio": 0.0287691187,
    "totalOtherIncomeExpensesNet": -6400000,
    "incomeBeforeTax": 41000000,
    "incomeBeforeTaxRatio": 0.0248846807,
    "incomeTaxExpense": 15800000,
    "netIncome": 25200000,
    "netIncomeRatio": 0.0152949745,
    "eps": 0.31,
    "epsdiluted": 0.3,
    "weightedAverageShsOut": 81290323,
    "weightedAverageShsOutDil": 84000000,
    "link": null,
    "finalLink": null
  },
  {
    "date": "1991-03-31",
    "symbol": "CAH",
    "reportedCurrency": "USD",
    "cik": "0000721371",
    "fillingDate": "1991-03-31",
    "acceptedDate": "1991-03-31 00:00:00",
    "calendarYear": "1991",
    "period": "FY",
    "revenue": 1184300000,
    "costOfRevenue": 1097200000,
    "grossProfit": 87100000,
    "grossProfitRatio": 0.0735455543,
    "researchAndDevelopmentExpenses": 0,
    "generalAndAdministrativeExpenses": 47800000,
    "sellingAndMarketingExpenses": 0,
    "sellingGeneralAndAdministrativeExpenses": 47800000,
    "otherExpenses": 4600000,
    "operatingExpenses": 52400000,
    "costAndExpenses": 1149600000,
    "interestIncome": 0,
    "interestExpense": 0,
    "depreciationAndAmortization": 4600000,
    "ebitda": 39300000,
    "ebitdaratio": 0.0331841594,
    "operatingIncome": 34700000,
    "operatingIncomeRatio": 0.0293000084,
    "totalOtherIncomeExpensesNet": -6200000,
    "incomeBeforeTax": 28500000,
    "incomeBeforeTaxRatio": 0.0240648484,
    "incomeTaxExpense": 11100000,
    "netIncome": 17400000,
    "netIncomeRatio": 0.0146922233,
    "eps": 0.25,
    "epsdiluted": 0.24,
    "weightedAverageShsOut": 69600000,
    "weightedAverageShsOutDil": 72500000,
    "link": null,
    "finalLink": null
  },
  {
    "date": "1990-03-31",
    "symbol": "CAH",
    "reportedCurrency": "USD",
    "cik": "0000721371",
    "fillingDate": "1990-03-31",
    "acceptedDate": "1990-03-31 00:00:00",
    "calendarYear": "1990",
    "period": "FY",
    "revenue": 873900000,
    "costOfRevenue": 810600000,
    "grossProfit": 63300000,
    "grossProfitRatio": 0.0724339169,
    "researchAndDevelopmentExpenses": 0,
    "generalAndAdministrativeExpenses": 35400000,
    "sellingAndMarketingExpenses": 0,
    "sellingGeneralAndAdministrativeExpenses": 35400000,
    "otherExpenses": 3100000,
    "operatingExpenses": 38500000,
    "costAndExpenses": 849100000,
    "interestIncome": 0,
    "interestExpense": 0,
    "depreciationAndAmortization": 3100000,
    "ebitda": 27900000,
    "ebitdaratio": 0.0319258496,
    "operatingIncome": 24800000,
    "operatingIncomeRatio": 0.028378533,
    "totalOtherIncomeExpensesNet": -3800000,
    "incomeBeforeTax": 21000000,
    "incomeBeforeTaxRatio": 0.0240302094,
    "incomeTaxExpense": 8200000,
    "netIncome": 12800000,
    "netIncomeRatio": 0.0146469848,
    "eps": 0.19,
    "epsdiluted": 0.19,
    "weightedAverageShsOut": 67368421,
    "weightedAverageShsOutDil": 67368421,
    "link": null,
    "finalLink": null
  },
  {
    "date": "1989-03-31",
    "symbol": "CAH",
    "reportedCurrency": "USD",
    "cik": "0000721371",
    "fillingDate": "1989-03-31",
    "acceptedDate": "1989-03-31 00:00:00",
    "calendarYear": "1989",
    "period": "FY",
    "revenue": 700400000,
    "costOfRevenue": 650100000,
    "grossProfit": 50300000,
    "grossProfitRatio": 0.0718161051,
    "researchAndDevelopmentExpenses": 0,
    "generalAndAdministrativeExpenses": 29300000,
    "sellingAndMarketingExpenses": 0,
    "sellingGeneralAndAdministrativeExpenses": 29300000,
    "otherExpenses": 2800000,
    "operatingExpenses": 32100000,
    "costAndExpenses": 682200000,
    "interestIncome": 0,
    "interestExpense": 0,
    "depreciationAndAmortization": 2800000,
    "ebitda": 21000000,
    "ebitdaratio": 0.0299828669,
    "operatingIncome": 18200000,
    "operatingIncomeRatio": 0.0259851513,
    "totalOtherIncomeExpensesNet": -4600000,
    "incomeBeforeTax": 13600000,
    "incomeBeforeTaxRatio": 0.0194174757,
    "incomeTaxExpense": 5100000,
    "netIncome": 8800000,
    "netIncomeRatio": 0.012564249,
    "eps": 0.19,
    "epsdiluted": 0.16,
    "weightedAverageShsOut": 46315789,
    "weightedAverageShsOutDil": 55000000,
    "link": null,
    "finalLink": null
  },
  {
    "date": "1988-03-31",
    "symbol": "CAH",
    "reportedCurrency": "USD",
    "cik": "0000721371",
    "fillingDate": "1988-03-31",
    "acceptedDate": "1988-03-31 00:00:00",
    "calendarYear": "1988",
    "period": "FY",
    "revenue": 524600000,
    "costOfRevenue": 487400000,
    "grossProfit": 37200000,
    "grossProfitRatio": 0.0709111704,
    "researchAndDevelopmentExpenses": 0,
    "generalAndAdministrativeExpenses": 22200000,
    "sellingAndMarketingExpenses": 0,
    "sellingGeneralAndAdministrativeExpenses": 22200000,
    "otherExpenses": 2000000,
    "operatingExpenses": 24200000,
    "costAndExpenses": 511600000,
    "interestIncome": 0,
    "interestExpense": 0,
    "depreciationAndAmortization": 2000000,
    "ebitda": 15000000,
    "ebitdaratio": 0.0285932139,
    "operatingIncome": 13000000,
    "operatingIncomeRatio": 0.0247807854,
    "totalOtherIncomeExpensesNet": -4800000,
    "incomeBeforeTax": 8200000,
    "incomeBeforeTaxRatio": 0.0156309569,
    "incomeTaxExpense": 3400000,
    "netIncome": 6600000,
    "netIncomeRatio": 0.0125810141,
    "eps": 0.15,
    "epsdiluted": 0.13,
    "weightedAverageShsOut": 44000000,
    "weightedAverageShsOutDil": 50769231,
    "link": null,
    "finalLink": null
  },
  {
    "date": "1987-03-31",
    "symbol": "CAH",
    "reportedCurrency": "USD",
    "cik": "0000721371",
    "fillingDate": "1987-03-31",
    "acceptedDate": "1987-03-31 00:00:00",
    "calendarYear": "1987",
    "period": "FY",
    "revenue": 652300000,
    "costOfRevenue": 602100000,
    "grossProfit": 50200000,
    "grossProfitRatio": 0.0769584547,
    "researchAndDevelopmentExpenses": 0,
    "generalAndAdministrativeExpenses": 34200000,
    "sellingAndMarketingExpenses": 0,
    "sellingGeneralAndAdministrativeExpenses": 34200000,
    "otherExpenses": 3600000,
    "operatingExpenses": 37800000,
    "costAndExpenses": 639900000,
    "interestIncome": 0,
    "interestExpense": 0,
    "depreciationAndAmortization": 3600000,
    "ebitda": 16000000,
    "ebitdaratio": 0.0245285911,
    "operatingIncome": 12400000,
    "operatingIncomeRatio": 0.0190096581,
    "totalOtherIncomeExpensesNet": -1400000,
    "incomeBeforeTax": 11000000,
    "incomeBeforeTaxRatio": 0.0168634064,
    "incomeTaxExpense": 5600000,
    "netIncome": 5400000,
    "netIncomeRatio": 0.0082783995,
    "eps": 0.13,
    "epsdiluted": 0.11,
    "weightedAverageShsOut": 41538462,
    "weightedAverageShsOutDil": 49090909,
    "link": null,
    "finalLink": null
  },
  {
    "date": "1986-03-31",
    "symbol": "CAH",
    "reportedCurrency": "USD",
    "cik": "0000721371",
    "fillingDate": "1986-03-31",
    "acceptedDate": "1986-03-31 00:00:00",
    "calendarYear": "1986",
    "period": "FY",
    "revenue": 429000000,
    "costOfRevenue": 396400000,
    "grossProfit": 32600000,
    "grossProfitRatio": 0.075990676,
    "researchAndDevelopmentExpenses": 0,
    "generalAndAdministrativeExpenses": 22200000,
    "sellingAndMarketingExpenses": 0,
    "sellingGeneralAndAdministrativeExpenses": 22200000,
    "otherExpenses": 2000000,
    "operatingExpenses": 24200000,
    "costAndExpenses": 420600000,
    "interestIncome": 0,
    "interestExpense": 0,
    "depreciationAndAmortization": 2000000,
    "ebitda": 10400000,
    "ebitdaratio": 0.0242424242,
    "operatingIncome": 8400000,
    "operatingIncomeRatio": 0.0195804196,
    "totalOtherIncomeExpensesNet": 1600000,
    "incomeBeforeTax": 10000000,
    "incomeBeforeTaxRatio": 0.0233100233,
    "incomeTaxExpense": 4000000,
    "netIncome": 6000000,
    "netIncomeRatio": 0.013986014,
    "eps": 0.14,
    "epsdiluted": 0.12,
    "weightedAverageShsOut": 42857143,
    "weightedAverageShsOutDil": 50000000,
    "link": null,
    "finalLink": null
  }
]