[
  {
    "date": "2024-12-31",
    "symbol": "CARR",
    "reportedCurrency": "USD",
    "cik": "0001783180",
    "fillingDate": "2025-02-11",
    "acceptedDate": "2025-02-11 11:14:53",
    "calendarYear": "2024",
    "period": "FY",
    "revenue": 22486000000,
    "costOfRevenue": 16463000000,
    "grossProfit": 6023000000,
    "grossProfitRatio": 0.2678555546,
    "researchAndDevelopmentExpenses": 686000000,
    "generalAndAdministrativeExpenses": 0,
    "sellingAndMarketingExpenses": 0,
    "sellingGeneralAndAdministrativeExpenses": 3092000000,
    "otherExpenses": -401000000,
    "operatingExpenses": 3377000000,
    "costAndExpenses": 19840000000,
    "interestIncome": 209000000,
    "interestExpense": 580000000,
    "depreciationAndAmortization": 1232000000,
    "ebitda": 3562000000,
    "ebitdaratio": 0.1584096771,
    "operatingIncome": 2646000000,
    "operatingIncomeRatio": 0.1176732189,
    "totalOtherIncomeExpensesNet": -372000000,
    "incomeBeforeTax": 2274000000,
    "incomeBeforeTaxRatio": 0.1011295917,
    "incomeTaxExpense": 1062000000,
    "netIncome": 5604000000,
    "netIncomeRatio": 0.249221738,
    "eps": 1.23,
    "epsdiluted": 1.22,
    "weightedAverageShsOut": 898200000,
    "weightedAverageShsOutDil": 911700000,
    "link": "https://www.sec.gov/Archives/edgar/data/1783180/000178318025000008/0001783180-25-000008-index.htm",
    "finalLink": "https://www.sec.gov/Archives/edgar/data/1783180/000178318025000008/carr-20241231.htm"
  },
  {
    "date": "2023-12-31",
    "symbol": "CARR",
    "reportedCurrency": "USD",
    "cik": "0001783180",
    "fillingDate": "2024-02-06",
    "acceptedDate": "2024-02-06 13:07:18",
    "calendarYear": "2023",
    "period": "FY",
    "revenue": 18951000000,
    "costOfRevenue": 13776000000,
    "grossProfit": 5175000000,
    "grossProfitRatio": 0.2730726611,
    "researchAndDevelopmentExpenses": 493000000,
    "generalAndAdministrativeExpenses": 0,
    "sellingAndMarketingExpenses": 0,
    "sellingGeneralAndAdministrativeExpenses": 2466000000,
    "otherExpenses": 56000000,
    "operatingExpenses": 3015000000,
    "costAndExpenses": 16791000000,
    "interestIncome": 146000000,
    "interestExpense": 306000000,
    "depreciationAndAmortization": 491000000,
    "ebitda": 2698000000,
    "ebitdaratio": 0.1423671574,
    "operatingIncome": 2160000000,
    "operatingIncomeRatio": 0.1139781542,
    "totalOtherIncomeExpensesNet": -161000000,
    "incomeBeforeTax": 1999000000,
    "incomeBeforeTaxRatio": 0.1054825603,
    "incomeTaxExpense": 521000000,
    "netIncome": 1349000000,
    "netIncomeRatio": 0.0711835787,
    "eps": 1.66,
    "epsdiluted": 1.63,
    "weightedAverageShsOut": 837300000,
    "weightedAverageShsOutDil": 853000000,
    "link": "https://www.sec.gov/Archives/edgar/data/1783180/000178318024000009/0001783180-24-000009-index.htm",
    "finalLink": "https://www.sec.gov/Archives/edgar/data/1783180/000178318024000009/carr-20231231.htm"
  },
  {
    "date": "2022-12-31",
    "symbol": "CARR",
    "reportedCurrency": "USD",
    "cik": "0001783180",
    "fillingDate": "2023-02-07",
    "acceptedDate": "2023-02-07 10:57:13",
    "calendarYear": "2022",
    "period": "FY",
    "revenue": 17288000000,
    "costOfRevenue": 12985000000,
    "grossProfit": 4303000000,
    "grossProfitRatio": 0.2489009718,
    "researchAndDevelopmentExpenses": 416000000,
    "generalAndAdministrativeExpenses": 0,
    "sellingAndMarketingExpenses": 0,
    "sellingGeneralAndAdministrativeExpenses": 1938000000,
    "otherExpenses": -2035000000,
    "operatingExpenses": 319000000,
    "costAndExpenses": 13304000000,
    "interestIncome": 83000000,
    "interestExpense": 302000000,
    "depreciationAndAmortization": 328000000,
    "ebitda": 2285000000,
    "ebitdaratio": 0.1321726053,
    "operatingIncome": 3984000000,
    "operatingIncomeRatio": 0.2304488663,
    "totalOtherIncomeExpensesNet": -161000000,
    "incomeBeforeTax": 3823000000,
    "incomeBeforeTaxRatio": 0.2211360481,
    "incomeTaxExpense": 616000000,
    "netIncome": 3534000000,
    "netIncomeRatio": 0.2044192503,
    "eps": 4.19,
    "epsdiluted": 4.1,
    "weightedAverageShsOut": 843400000,
    "weightedAverageShsOutDil": 861200000,
    "link": "https://www.sec.gov/Archives/edgar/data/1783180/000178318023000012/0001783180-23-000012-index.htm",
    "finalLink": "https://www.sec.gov/Archives/edgar/data/1783180/000178318023000012/carr-20221231.htm"
  },
  {
    "date": "2021-12-31",
    "symbol": "CARR",
    "reportedCurrency": "USD",
    "cik": "0001783180",
    "fillingDate": "2022-02-08",
    "acceptedDate": "2022-02-08 11:58:01",
    "calendarYear": "2021",
    "period": "FY",
    "revenue": 20613000000,
    "costOfRevenue": 14605000000,
    "grossProfit": 6008000000,
    "grossProfitRatio": 0.2914665502,
    "researchAndDevelopmentExpenses": 503000000,
    "generalAndAdministrativeExpenses": 0,
    "sellingAndMarketingExpenses": 0,
    "sellingGeneralAndAdministrativeExpenses": 2979000000,
    "otherExpenses": -119000000,
    "operatingExpenses": 3363000000,
    "costAndExpenses": 17968000000,
    "interestIncome": 13000000,
    "interestExpense": 319000000,
    "depreciationAndAmortization": 338000000,
    "ebitda": 2906000000,
    "ebitdaratio": 0.1409789938,
    "operatingIncome": 2645000000,
    "operatingIncomeRatio": 0.1283170815,
    "totalOtherIncomeExpensesNet": -245000000,
    "incomeBeforeTax": 2400000000,
    "incomeBeforeTaxRatio": 0.1164313783,
    "incomeTaxExpense": 699000000,
    "netIncome": 1664000000,
    "netIncomeRatio": 0.0807257556,
    "eps": 1.92,
    "epsdiluted": 1.87,
    "weightedAverageShsOut": 867700000,
    "weightedAverageShsOutDil": 890300000,
    "link": "https://www.sec.gov/Archives/edgar/data/1783180/000178318022000010/0001783180-22-000010-index.htm",
    "finalLink": "https://www.sec.gov/Archives/edgar/data/1783180/000178318022000010/carr-20211231.htm"
  },
  {
    "date": "2020-12-31",
    "symbol": "CARR",
    "reportedCurrency": "USD",
    "cik": "0001783180",
    "fillingDate": "2021-02-09",
    "acceptedDate": "2021-02-09 10:20:48",
    "calendarYear": "2020",
    "period": "FY",
    "revenue": 17456000000,
    "costOfRevenue": 12327000000,
    "grossProfit": 5129000000,
    "grossProfitRatio": 0.293824473,
    "researchAndDevelopmentExpenses": 419000000,
    "generalAndAdministrativeExpenses": 0,
    "sellingAndMarketingExpenses": 0,
    "sellingGeneralAndAdministrativeExpenses": 2590000000,
    "otherExpenses": -963000000,
    "operatingExpenses": 2046000000,
    "costAndExpenses": 14373000000,
    "interestIncome": 10000000,
    "interestExpense": 298000000,
    "depreciationAndAmortization": 336000000,
    "ebitda": 2411000000,
    "ebitdaratio": 0.1381186984,
    "operatingIncome": 3083000000,
    "operatingIncomeRatio": 0.1766154904,
    "totalOtherIncomeExpensesNet": -228000000,
    "incomeBeforeTax": 2855000000,
    "incomeBeforeTaxRatio": 0.1635540788,
    "incomeTaxExpense": 849000000,
    "netIncome": 1982000000,
    "netIncomeRatio": 0.1135426214,
    "eps": 2.29,
    "epsdiluted": 2.25,
    "weightedAverageShsOut": 866500000,
    "weightedAverageShsOutDil": 880200000,
    "link": "https://www.sec.gov/Archives/edgar/data/1783180/000178318021000011/0001783180-21-000011-index.htm",
    "finalLink": "https://www.sec.gov/Archives/edgar/data/1783180/000178318021000011/carr-20201231.htm"
  },
  {
    "date": "2019-12-31",
    "symbol": "CARR",
    "reportedCurrency": "USD",
    "cik": "0001783180",
    "fillingDate": "2019-12-31",
    "acceptedDate": "2019-12-31 00:00:00",
    "calendarYear": "2019",
    "period": "FY",
    "revenue": 18608000000,
    "costOfRevenue": 13153000000,
    "grossProfit": 5455000000,
    "grossProfitRatio": 0.2931534824,
    "researchAndDevelopmentExpenses": 401000000,
    "generalAndAdministrativeExpenses": 0,
    "sellingAndMarketingExpenses": 0,
    "sellingGeneralAndAdministrativeExpenses": 2517000000,
    "otherExpenses": 46000000,
    "operatingExpenses": 2964000000,
    "costAndExpenses": 16117000000,
    "interestIncome": 102000000,
    "interestExpense": 75000000,
    "depreciationAndAmortization": 335000000,
    "ebitda": 2978000000,
    "ebitdaratio": 0.160038693,
    "operatingIncome": 2491000000,
    "operatingIncomeRatio": 0.1338671539,
    "totalOtherIncomeExpensesNet": 181000000,
    "incomeBeforeTax": 2672000000,
    "incomeBeforeTaxRatio": 0.1435941531,
    "incomeTaxExpense": 517000000,
    "netIncome": 2116000000,
    "netIncomeRatio": 0.1137145314,
    "eps": 2.44,
    "epsdiluted": 2.44,
    "weightedAverageShsOut": 866223435,
    "weightedAverageShsOutDil": 866223435,
    "link": null,
    "finalLink": null
  },
  {
    "date": "2018-12-31",
    "symbol": "CARR",
    "reportedCurrency": "USD",
    "cik": "0001783180",
    "fillingDate": "2018-12-31",
    "acceptedDate": "2018-12-30 19:00:00",
    "calendarYear": "2018",
    "period": "FY",
    "revenue": 18914000000,
    "costOfRevenue": 13309000000,
    "grossProfit": 5605000000,
    "grossProfitRatio": 0.2963413345,
    "researchAndDevelopmentExpenses": 400000000,
    "generalAndAdministrativeExpenses": 0,
    "sellingAndMarketingExpenses": 0,
    "sellingGeneralAndAdministrativeExpenses": 2477000000,
    "otherExpenses": -909000000,
    "operatingExpenses": 1968000000,
    "costAndExpenses": 15277000000,
    "interestIncome": 121000000,
    "interestExpense": 84000000,
    "depreciationAndAmortization": 357000000,
    "ebitda": 3223000000,
    "ebitdaratio": 0.1704028762,
    "operatingIncome": 3637000000,
    "operatingIncomeRatio": 0.1922914243,
    "totalOtherIncomeExpensesNet": 205000000,
    "incomeBeforeTax": 3842000000,
    "incomeBeforeTaxRatio": 0.2031299566,
    "incomeTaxExpense": 1073000000,
    "netIncome": 2734000000,
    "netIncomeRatio": 0.1445490113,
    "eps": 3.16,
    "epsdiluted": 3.16,
    "weightedAverageShsOut": 866200000,
    "weightedAverageShsOutDil": 872800000,
    "link": "",
    "finalLink": ""
  },
  {
    "date": "2017-12-31",
    "symbol": "CARR",
    "reportedCurrency": "USD",
    "cik": "0001783180",
    "fillingDate": "2017-12-31",
    "acceptedDate": "2017-12-31 00:00:00",
    "calendarYear": "2017",
    "period": "FY",
    "revenue": 17814000000,
    "costOfRevenue": 12581000000,
    "grossProfit": 5233000000,
    "grossProfitRatio": 0.2937577186,
    "researchAndDevelopmentExpenses": 364000000,
    "generalAndAdministrativeExpenses": 0,
    "sellingAndMarketingExpenses": 0,
    "sellingGeneralAndAdministrativeExpenses": 2382000000,
    "otherExpenses": -543000000,
    "operatingExpenses": 2203000000,
    "costAndExpenses": 14784000000,
    "interestIncome": 104000000,
    "interestExpense": 219000000,
    "depreciationAndAmortization": 372000000,
    "ebitda": 3016000000,
    "ebitdaratio": 0.169305041,
    "operatingIncome": 3030000000,
    "operatingIncomeRatio": 0.1700909397,
    "totalOtherIncomeExpensesNet": 24000000,
    "incomeBeforeTax": 3054000000,
    "incomeBeforeTaxRatio": 0.1714381947,
    "incomeTaxExpense": 1787000000,
    "netIncome": 1227000000,
    "netIncomeRatio": 0.0688784102,
    "eps": 0,
    "epsdiluted": 0,
    "weightedAverageShsOut": 866200000,
    "weightedAverageShsOutDil": 872800000,
    "link": "",
    "finalLink": ""
  }
]