[
  {
    "date": "2025-06-30",
    "symbol": "CARR",
    "reportedCurrency": "USD",
    "cik": "0001783180",
    "fillingDate": "2025-07-29",
    "acceptedDate": "2025-07-29 13:45:06",
    "calendarYear": "2025",
    "period": "Q2",
    "revenue": 6113000000,
    "costOfRevenue": 4336000000,
    "grossProfit": 1777000000,
    "grossProfitRatio": 0.2906919679,
    "researchAndDevelopmentExpenses": 161000000,
    "generalAndAdministrativeExpenses": 0,
    "sellingAndMarketingExpenses": 0,
    "sellingGeneralAndAdministrativeExpenses": 813000000,
    "otherExpenses": -78000000,
    "operatingExpenses": 896000000,
    "costAndExpenses": 5232000000,
    "interestIncome": 24000000,
    "interestExpense": 115000000,
    "depreciationAndAmortization": 317000000,
    "ebitda": 1244000000,
    "ebitdaratio": 0.2035007361,
    "operatingIncome": 881000000,
    "operatingIncomeRatio": 0.1441190905,
    "totalOtherIncomeExpensesNet": -69000000,
    "incomeBeforeTax": 812000000,
    "incomeBeforeTaxRatio": 0.1328316702,
    "incomeTaxExpense": 162000000,
    "netIncome": 608000000,
    "netIncomeRatio": 0.0994601669,
    "eps": 0.7112,
    "epsdiluted": 0.7018,
    "weightedAverageShsOut": 854900000,
    "weightedAverageShsOutDil": 866300000,
    "link": "https://www.sec.gov/Archives/edgar/data/1783180/000178318025000052/0001783180-25-000052-index.htm",
    "finalLink": "https://www.sec.gov/Archives/edgar/data/1783180/000178318025000052/carr-20250630.htm"
  },
  {
    "date": "2025-03-31",
    "symbol": "CARR",
    "reportedCurrency": "USD",
    "cik": "0001783180",
    "fillingDate": "2025-05-01",
    "acceptedDate": "2025-05-01 13:39:15",
    "calendarYear": "2025",
    "period": "Q1",
    "revenue": 5218000000,
    "costOfRevenue": 3771000000,
    "grossProfit": 1447000000,
    "grossProfitRatio": 0.2773093139,
    "researchAndDevelopmentExpenses": 153000000,
    "generalAndAdministrativeExpenses": 0,
    "sellingAndMarketingExpenses": 0,
    "sellingGeneralAndAdministrativeExpenses": 716000000,
    "otherExpenses": -51000000,
    "operatingExpenses": 818000000,
    "costAndExpenses": 4589000000,
    "interestIncome": 30000000,
    "interestExpense": 112000000,
    "depreciationAndAmortization": 303000000,
    "ebitda": 585000000,
    "ebitdaratio": 0.1121119203,
    "operatingIncome": 629000000,
    "operatingIncomeRatio": 0.1205442698,
    "totalOtherIncomeExpensesNet": -81000000,
    "incomeBeforeTax": 548000000,
    "incomeBeforeTaxRatio": 0.1050210809,
    "incomeTaxExpense": 111000000,
    "netIncome": 412000000,
    "netIncomeRatio": 0.078957455,
    "eps": 0.48,
    "epsdiluted": 0.47,
    "weightedAverageShsOut": 866900000,
    "weightedAverageShsOutDil": 878300000,
    "link": "https://www.sec.gov/Archives/edgar/data/1783180/000178318025000030/0001783180-25-000030-index.htm",
    "finalLink": "https://www.sec.gov/Archives/edgar/data/1783180/000178318025000030/carr-20250331.htm"
  },
  {
    "date": "2024-12-31",
    "symbol": "CARR",
    "reportedCurrency": "USD",
    "cik": "0001783180",
    "fillingDate": "2025-02-11",
    "acceptedDate": "2025-02-11 11:14:53",
    "calendarYear": "2024",
    "period": "Q4",
    "revenue": 5148000000,
    "costOfRevenue": 3798000000,
    "grossProfit": 1350000000,
    "grossProfitRatio": 0.2622377622,
    "researchAndDevelopmentExpenses": 162000000,
    "generalAndAdministrativeExpenses": 0,
    "sellingAndMarketingExpenses": 0,
    "sellingGeneralAndAdministrativeExpenses": 798000000,
    "otherExpenses": -384000000,
    "operatingExpenses": 576000000,
    "costAndExpenses": 4374000000,
    "interestIncome": 37000000,
    "interestExpense": 118000000,
    "depreciationAndAmortization": 318000000,
    "ebitda": 741000000,
    "ebitdaratio": 0.1439393939,
    "operatingIncome": 774000000,
    "operatingIncomeRatio": 0.1503496503,
    "totalOtherIncomeExpensesNet": -81000000,
    "incomeBeforeTax": 693000000,
    "incomeBeforeTaxRatio": 0.1346153846,
    "incomeTaxExpense": 723000000,
    "netIncome": 2551000000,
    "netIncomeRatio": 0.4955322455,
    "eps": -0.0539,
    "epsdiluted": -0.0539,
    "weightedAverageShsOut": 890100000,
    "weightedAverageShsOutDil": 903400000,
    "link": "https://www.sec.gov/Archives/edgar/data/1783180/000178318025000008/0001783180-25-000008-index.htm",
    "finalLink": "https://www.sec.gov/Archives/edgar/data/1783180/000178318025000008/carr-20241231.htm"
  },
  {
    "date": "2024-09-30",
    "symbol": "CARR",
    "reportedCurrency": "USD",
    "cik": "0001783180",
    "fillingDate": "2024-10-25",
    "acceptedDate": "2024-10-25 08:59:42",
    "calendarYear": "2024",
    "period": "Q3",
    "revenue": 5984000000,
    "costOfRevenue": 4292000000,
    "grossProfit": 1692000000,
    "grossProfitRatio": 0.2827540107,
    "researchAndDevelopmentExpenses": 172000000,
    "generalAndAdministrativeExpenses": 0,
    "sellingAndMarketingExpenses": 0,
    "sellingGeneralAndAdministrativeExpenses": 752000000,
    "otherExpenses": 5000000,
    "operatingExpenses": 929000000,
    "costAndExpenses": 5221000000,
    "interestIncome": 139000000,
    "interestExpense": 131000000,
    "depreciationAndAmortization": 289000000,
    "ebitda": 1048000000,
    "ebitdaratio": 0.1751336898,
    "operatingIncome": 763000000,
    "operatingIncomeRatio": 0.1275066845,
    "totalOtherIncomeExpensesNet": 7000000,
    "incomeBeforeTax": 770000000,
    "incomeBeforeTaxRatio": 0.1286764706,
    "incomeTaxExpense": 172000000,
    "netIncome": 447000000,
    "netIncomeRatio": 0.0746991979,
    "eps": 0.63,
    "epsdiluted": 0.62,
    "weightedAverageShsOut": 901200000,
    "weightedAverageShsOutDil": 915000000,
    "link": "https://www.sec.gov/Archives/edgar/data/1783180/000178318024000088/0001783180-24-000088-index.htm",
    "finalLink": "https://www.sec.gov/Archives/edgar/data/1783180/000178318024000088/carr-20240930.htm"
  },
  {
    "date": "2024-06-30",
    "symbol": "CARR",
    "reportedCurrency": "USD",
    "cik": "0001783180",
    "fillingDate": "2024-08-10",
    "acceptedDate": "2024-08-11 11:14:53",
    "calendarYear": "2024",
    "period": "Q2",
    "revenue": 5934000000,
    "costOfRevenue": 4457000000,
    "grossProfit": 1477000000,
    "grossProfitRatio": 0.2489046175,
    "researchAndDevelopmentExpenses": 160000000,
    "generalAndAdministrativeExpenses": 0,
    "sellingAndMarketingExpenses": 0,
    "sellingGeneralAndAdministrativeExpenses": 783000000,
    "otherExpenses": -190000000,
    "operatingExpenses": 753000000,
    "costAndExpenses": 5210000000,
    "interestIncome": 18000000,
    "interestExpense": 175000000,
    "depreciationAndAmortization": 317000000,
    "ebitda": 858000000,
    "ebitdaratio": 0.1445904954,
    "operatingIncome": 724000000,
    "operatingIncomeRatio": 0.1220087631,
    "totalOtherIncomeExpensesNet": -157000000,
    "incomeBeforeTax": 567000000,
    "incomeBeforeTaxRatio": 0.0955510617,
    "incomeTaxExpense": 120000000,
    "netIncome": 2337000000,
    "netIncomeRatio": 0.3938321537,
    "eps": 0.46,
    "epsdiluted": 0.45,
    "weightedAverageShsOut": 901200000,
    "weightedAverageShsOutDil": 915000000,
    "link": "https://www.sec.gov/Archives/edgar/data/1783180/000178318024000077/0001783180-24-000077-index.htm",
    "finalLink": "https://www.sec.gov/Archives/edgar/data/1783180/000178318024000077/carr-20240630.htm"
  },
  {
    "date": "2024-03-31",
    "symbol": "CARR",
    "reportedCurrency": "USD",
    "cik": "0001783180",
    "fillingDate": "2024-04-25",
    "acceptedDate": "2024-04-25 10:13:14",
    "calendarYear": "2024",
    "period": "Q1",
    "revenue": 5420000000,
    "costOfRevenue": 3916000000,
    "grossProfit": 1504000000,
    "grossProfitRatio": 0.2774907749,
    "researchAndDevelopmentExpenses": 192000000,
    "generalAndAdministrativeExpenses": 0,
    "sellingAndMarketingExpenses": 0,
    "sellingGeneralAndAdministrativeExpenses": 759000000,
    "otherExpenses": 168000000,
    "operatingExpenses": 1119000000,
    "costAndExpenses": 5035000000,
    "interestIncome": 15000000,
    "interestExpense": 156000000,
    "depreciationAndAmortization": 308000000,
    "ebitda": 915000000,
    "ebitdaratio": 0.1688191882,
    "operatingIncome": 385000000,
    "operatingIncomeRatio": 0.0710332103,
    "totalOtherIncomeExpensesNet": -141000000,
    "incomeBeforeTax": 244000000,
    "incomeBeforeTaxRatio": 0.0450184502,
    "incomeTaxExpense": 47000000,
    "netIncome": 269000000,
    "netIncomeRatio": 0.0496309963,
    "eps": 0.2,
    "epsdiluted": 0.19,
    "weightedAverageShsOut": 899200000,
    "weightedAverageShsOutDil": 913000000,
    "link": "https://www.sec.gov/Archives/edgar/data/1783180/000178318024000044/0001783180-24-000044-index.htm",
    "finalLink": "https://www.sec.gov/Archives/edgar/data/1783180/000178318024000044/carr-20240331.htm"
  },
  {
    "date": "2023-12-31",
    "symbol": "CARR",
    "reportedCurrency": "USD",
    "cik": "0001783180",
    "fillingDate": "2024-02-06",
    "acceptedDate": "2024-02-06 13:07:18",
    "calendarYear": "2023",
    "period": "Q4",
    "revenue": 5102000000,
    "costOfRevenue": 3668000000,
    "grossProfit": 1434000000,
    "grossProfitRatio": 0.2810662485,
    "researchAndDevelopmentExpenses": 170000000,
    "generalAndAdministrativeExpenses": 0,
    "sellingAndMarketingExpenses": 0,
    "sellingGeneralAndAdministrativeExpenses": 961000000,
    "otherExpenses": -304000000,
    "operatingExpenses": 827000000,
    "costAndExpenses": 4495000000,
    "interestIncome": 63000000,
    "interestExpense": 97000000,
    "depreciationAndAmortization": 135000000,
    "ebitda": 805000000,
    "ebitdaratio": 0.1577812623,
    "operatingIncome": 607000000,
    "operatingIncomeRatio": 0.1189729518,
    "totalOtherIncomeExpensesNet": -48000000,
    "incomeBeforeTax": 559000000,
    "incomeBeforeTaxRatio": 0.1095648765,
    "incomeTaxExpense": 120000000,
    "netIncome": 420000000,
    "netIncomeRatio": 0.0823206586,
    "eps": 0.5,
    "epsdiluted": 0.49,
    "weightedAverageShsOut": 839600000,
    "weightedAverageShsOutDil": 854200000,
    "link": "https://www.sec.gov/Archives/edgar/data/1783180/000178318024000009/0001783180-24-000009-index.htm",
    "finalLink": "https://www.sec.gov/Archives/edgar/data/1783180/000178318024000009/carr-20231231.htm"
  },
  {
    "date": "2023-09-30",
    "symbol": "CARR",
    "reportedCurrency": "USD",
    "cik": "0001783180",
    "fillingDate": "2023-10-26",
    "acceptedDate": "2023-10-26 09:39:34",
    "calendarYear": "2023",
    "period": "Q3",
    "revenue": 4935000000,
    "costOfRevenue": 3449000000,
    "grossProfit": 1490000000,
    "grossProfitRatio": 0.3019250253,
    "researchAndDevelopmentExpenses": 126000000,
    "generalAndAdministrativeExpenses": 0,
    "sellingAndMarketingExpenses": 0,
    "sellingGeneralAndAdministrativeExpenses": 664000000,
    "otherExpenses": 186000000,
    "operatingExpenses": 980000000,
    "costAndExpenses": 4425000000,
    "interestIncome": 34000000,
    "interestExpense": 73000000,
    "depreciationAndAmortization": 95000000,
    "ebitda": 835000000,
    "ebitdaratio": 0.1691995947,
    "operatingIncome": 510000000,
    "operatingIncomeRatio": 0.103343465,
    "totalOtherIncomeExpensesNet": -39000000,
    "incomeBeforeTax": 471000000,
    "incomeBeforeTaxRatio": 0.0954407295,
    "incomeTaxExpense": 177000000,
    "netIncome": 357000000,
    "netIncomeRatio": 0.0723404255,
    "eps": 0.32,
    "epsdiluted": 0.32,
    "weightedAverageShsOut": 838700000,
    "weightedAverageShsOutDil": 854700000,
    "link": "https://www.sec.gov/Archives/edgar/data/1783180/000178318023000065/0001783180-23-000065-index.htm",
    "finalLink": "https://www.sec.gov/Archives/edgar/data/1783180/000178318023000065/carr-20230930.htm"
  },
  {
    "date": "2023-06-30",
    "symbol": "CARR",
    "reportedCurrency": "USD",
    "cik": "0001783180",
    "fillingDate": "2023-07-27",
    "acceptedDate": "2023-07-27 09:32:14",
    "calendarYear": "2023",
    "period": "Q2",
    "revenue": 5992000000,
    "costOfRevenue": 4237000000,
    "grossProfit": 1755000000,
    "grossProfitRatio": 0.2928905207,
    "researchAndDevelopmentExpenses": 151000000,
    "generalAndAdministrativeExpenses": 0,
    "sellingAndMarketingExpenses": 0,
    "sellingGeneralAndAdministrativeExpenses": 784000000,
    "otherExpenses": 331000000,
    "operatingExpenses": 1266000000,
    "costAndExpenses": 5503000000,
    "interestIncome": 27000000,
    "interestExpense": 94000000,
    "depreciationAndAmortization": 137000000,
    "ebitda": 653000000,
    "ebitdaratio": 0.1089786382,
    "operatingIncome": 489000000,
    "operatingIncomeRatio": 0.0816088117,
    "totalOtherIncomeExpensesNet": -67000000,
    "incomeBeforeTax": 422000000,
    "incomeBeforeTaxRatio": 0.0704272363,
    "incomeTaxExpense": 189000000,
    "netIncome": 199000000,
    "netIncomeRatio": 0.0332109479,
    "eps": 0.39,
    "epsdiluted": 0.38,
    "weightedAverageShsOut": 836000000,
    "weightedAverageShsOutDil": 850900000,
    "link": "https://www.sec.gov/Archives/edgar/data/1783180/000178318023000056/0001783180-23-000056-index.htm",
    "finalLink": "https://www.sec.gov/Archives/edgar/data/1783180/000178318023000056/carr-20230630.htm"
  },
  {
    "date": "2023-03-31",
    "symbol": "CARR",
    "reportedCurrency": "USD",
    "cik": "0001783180",
    "fillingDate": "2023-04-26",
    "acceptedDate": "2023-04-26 09:52:22",
    "calendarYear": "2023",
    "period": "Q1",
    "revenue": 5273000000,
    "costOfRevenue": 3895000000,
    "grossProfit": 1378000000,
    "grossProfitRatio": 0.2613313104,
    "researchAndDevelopmentExpenses": 139000000,
    "generalAndAdministrativeExpenses": 0,
    "sellingAndMarketingExpenses": 0,
    "sellingGeneralAndAdministrativeExpenses": 698000000,
    "otherExpenses": -8000000,
    "operatingExpenses": 829000000,
    "costAndExpenses": 4718000000,
    "interestIncome": 25000000,
    "interestExpense": 71000000,
    "depreciationAndAmortization": 136000000,
    "ebitda": 676000000,
    "ebitdaratio": 0.1282002655,
    "operatingIncome": 555000000,
    "operatingIncomeRatio": 0.1052531766,
    "totalOtherIncomeExpensesNet": -46000000,
    "incomeBeforeTax": 509000000,
    "incomeBeforeTaxRatio": 0.0965294899,
    "incomeTaxExpense": 122000000,
    "netIncome": 373000000,
    "netIncomeRatio": 0.0707377205,
    "eps": 0.45,
    "epsdiluted": 0.44,
    "weightedAverageShsOut": 835000000,
    "weightedAverageShsOutDil": 852200000,
    "link": "https://www.sec.gov/Archives/edgar/data/1783180/000178318023000038/0001783180-23-000038-index.htm",
    "finalLink": "https://www.sec.gov/Archives/edgar/data/1783180/000178318023000038/carr-20230331.htm"
  },
  {
    "date": "2022-12-31",
    "symbol": "CARR",
    "reportedCurrency": "USD",
    "cik": "0001783180",
    "fillingDate": "2023-02-07",
    "acceptedDate": "2023-02-07 10:57:13",
    "calendarYear": "2022",
    "period": "Q4",
    "revenue": 5105000000,
    "costOfRevenue": 3857000000,
    "grossProfit": 1248000000,
    "grossProfitRatio": 0.2444662096,
    "researchAndDevelopmentExpenses": 149000000,
    "generalAndAdministrativeExpenses": 0,
    "sellingAndMarketingExpenses": 0,
    "sellingGeneralAndAdministrativeExpenses": 671000000,
    "otherExpenses": -5000000,
    "operatingExpenses": 815000000,
    "costAndExpenses": 4672000000,
    "interestIncome": 22000000,
    "interestExpense": 76000000,
    "depreciationAndAmortization": 123000000,
    "ebitda": 548000000,
    "ebitdaratio": 0.1073457395,
    "operatingIncome": 433000000,
    "operatingIncomeRatio": 0.0848188051,
    "totalOtherIncomeExpensesNet": -56000000,
    "incomeBeforeTax": 377000000,
    "incomeBeforeTaxRatio": 0.0738491675,
    "incomeTaxExpense": 99000000,
    "netIncome": 270000000,
    "netIncomeRatio": 0.0528893242,
    "eps": 0.32,
    "epsdiluted": 0.31,
    "weightedAverageShsOut": 835600000,
    "weightedAverageShsOutDil": 852200000,
    "link": "https://www.sec.gov/Archives/edgar/data/1783180/000178318023000012/0001783180-23-000012-index.htm",
    "finalLink": "https://www.sec.gov/Archives/edgar/data/1783180/000178318023000012/carr-20221231.htm"
  },
  {
    "date": "2022-09-30",
    "symbol": "CARR",
    "reportedCurrency": "USD",
    "cik": "0001783180",
    "fillingDate": "2022-10-27",
    "acceptedDate": "2022-10-27 10:11:20",
    "calendarYear": "2022",
    "period": "Q3",
    "revenue": 5451000000,
    "costOfRevenue": 3973000000,
    "grossProfit": 1478000000,
    "grossProfitRatio": 0.2711429096,
    "researchAndDevelopmentExpenses": 143000000,
    "generalAndAdministrativeExpenses": 0,
    "sellingAndMarketingExpenses": 0,
    "sellingGeneralAndAdministrativeExpenses": 619000000,
    "otherExpenses": -810000000,
    "operatingExpenses": -48000000,
    "costAndExpenses": 3925000000,
    "interestIncome": 15000000,
    "interestExpense": 71000000,
    "depreciationAndAmortization": 102000000,
    "ebitda": 832000000,
    "ebitdaratio": 0.1526325445,
    "operatingIncome": 1526000000,
    "operatingIncomeRatio": 0.2799486333,
    "totalOtherIncomeExpensesNet": -56000000,
    "incomeBeforeTax": 1470000000,
    "incomeBeforeTaxRatio": 0.2696752889,
    "incomeTaxExpense": 138000000,
    "netIncome": 1312000000,
    "netIncomeRatio": 0.2406897817,
    "eps": 1.56,
    "epsdiluted": 1.53,
    "weightedAverageShsOut": 839600000,
    "weightedAverageShsOutDil": 856500000,
    "link": "https://www.sec.gov/Archives/edgar/data/1783180/000178318022000056/0001783180-22-000056-index.htm",
    "finalLink": "https://www.sec.gov/Archives/edgar/data/1783180/000178318022000056/carr-20220930.htm"
  },
  {
    "date": "2022-06-30",
    "symbol": "CARR",
    "reportedCurrency": "USD",
    "cik": "0001783180",
    "fillingDate": "2022-07-28",
    "acceptedDate": "2022-07-28 09:55:42",
    "calendarYear": "2022",
    "period": "Q2",
    "revenue": 5211000000,
    "costOfRevenue": 3759000000,
    "grossProfit": 1452000000,
    "grossProfitRatio": 0.2786413356,
    "researchAndDevelopmentExpenses": 122000000,
    "generalAndAdministrativeExpenses": 0,
    "sellingAndMarketingExpenses": 0,
    "sellingGeneralAndAdministrativeExpenses": 600000000,
    "otherExpenses": -89000000,
    "operatingExpenses": 633000000,
    "costAndExpenses": 4392000000,
    "interestIncome": 7000000,
    "interestExpense": 68000000,
    "depreciationAndAmortization": 76000000,
    "ebitda": 828000000,
    "ebitdaratio": 0.1588946459,
    "operatingIncome": 819000000,
    "operatingIncomeRatio": 0.1571675302,
    "totalOtherIncomeExpensesNet": -62000000,
    "incomeBeforeTax": 757000000,
    "incomeBeforeTaxRatio": 0.145269622,
    "incomeTaxExpense": 170000000,
    "netIncome": 573000000,
    "netIncomeRatio": 0.1099597006,
    "eps": 0.68,
    "epsdiluted": 0.67,
    "weightedAverageShsOut": 845700000,
    "weightedAverageShsOutDil": 862700000,
    "link": "https://www.sec.gov/Archives/edgar/data/1783180/000178318022000048/0001783180-22-000048-index.htm",
    "finalLink": "https://www.sec.gov/Archives/edgar/data/1783180/000178318022000048/carr-20220630.htm"
  },
  {
    "date": "2022-03-31",
    "symbol": "CARR",
    "reportedCurrency": "USD",
    "cik": "0001783180",
    "fillingDate": "2022-04-28",
    "acceptedDate": "2022-04-28 10:16:57",
    "calendarYear": "2022",
    "period": "Q1",
    "revenue": 4654000000,
    "costOfRevenue": 3359000000,
    "grossProfit": 1295000000,
    "grossProfitRatio": 0.2782552643,
    "researchAndDevelopmentExpenses": 125000000,
    "generalAndAdministrativeExpenses": 0,
    "sellingAndMarketingExpenses": 0,
    "sellingGeneralAndAdministrativeExpenses": 588000000,
    "otherExpenses": -1155000000,
    "operatingExpenses": -442000000,
    "costAndExpenses": 2917000000,
    "interestIncome": 39000000,
    "interestExpense": 87000000,
    "depreciationAndAmortization": 79000000,
    "ebitda": 673000000,
    "ebitdaratio": 0.1446067899,
    "operatingIncome": 1737000000,
    "operatingIncomeRatio": 0.3732273313,
    "totalOtherIncomeExpensesNet": -49000000,
    "incomeBeforeTax": 1688000000,
    "incomeBeforeTaxRatio": 0.3626987538,
    "incomeTaxExpense": 301000000,
    "netIncome": 1379000000,
    "netIncomeRatio": 0.2963042544,
    "eps": 1.62,
    "epsdiluted": 1.58,
    "weightedAverageShsOut": 853300000,
    "weightedAverageShsOutDil": 874100000,
    "link": "https://www.sec.gov/Archives/edgar/data/1783180/000178318022000034/0001783180-22-000034-index.htm",
    "finalLink": "https://www.sec.gov/Archives/edgar/data/1783180/000178318022000034/carr-20220331.htm"
  },
  {
    "date": "2021-12-31",
    "symbol": "CARR",
    "reportedCurrency": "USD",
    "cik": "0001783180",
    "fillingDate": "2022-02-08",
    "acceptedDate": "2022-02-08 11:58:01",
    "calendarYear": "2021",
    "period": "Q4",
    "revenue": 5133000000,
    "costOfRevenue": 3757000000,
    "grossProfit": 1376000000,
    "grossProfitRatio": 0.2680693552,
    "researchAndDevelopmentExpenses": 134000000,
    "generalAndAdministrativeExpenses": 0,
    "sellingAndMarketingExpenses": 0,
    "sellingGeneralAndAdministrativeExpenses": 807000000,
    "otherExpenses": -28000000,
    "operatingExpenses": 913000000,
    "costAndExpenses": 4670000000,
    "interestIncome": 0,
    "interestExpense": 68000000,
    "depreciationAndAmortization": 87000000,
    "ebitda": 524000000,
    "ebitdaratio": 0.1020845509,
    "operatingIncome": 463000000,
    "operatingIncomeRatio": 0.0902006624,
    "totalOtherIncomeExpensesNet": -58000000,
    "incomeBeforeTax": 405000000,
    "incomeBeforeTaxRatio": 0.0789012274,
    "incomeTaxExpense": 73000000,
    "netIncome": 324000000,
    "netIncomeRatio": 0.0631209819,
    "eps": 0.37,
    "epsdiluted": 0.37,
    "weightedAverageShsOut": 865200000,
    "weightedAverageShsOutDil": 888500000,
    "link": "https://www.sec.gov/Archives/edgar/data/1783180/000178318022000010/0001783180-22-000010-index.htm",
    "finalLink": "https://www.sec.gov/Archives/edgar/data/1783180/000178318022000010/carr-20211231.htm"
  },
  {
    "date": "2021-09-30",
    "symbol": "CARR",
    "reportedCurrency": "USD",
    "cik": "0001783180",
    "fillingDate": "2021-10-28",
    "acceptedDate": "2021-10-28 09:56:06",
    "calendarYear": "2021",
    "period": "Q3",
    "revenue": 5341000000,
    "costOfRevenue": 3733000000,
    "grossProfit": 1608000000,
    "grossProfitRatio": 0.3010672159,
    "researchAndDevelopmentExpenses": 123000000,
    "generalAndAdministrativeExpenses": 0,
    "sellingAndMarketingExpenses": 0,
    "sellingGeneralAndAdministrativeExpenses": 713000000,
    "otherExpenses": -56000000,
    "operatingExpenses": 780000000,
    "costAndExpenses": 4513000000,
    "interestIncome": 2000000,
    "interestExpense": 76000000,
    "depreciationAndAmortization": 83000000,
    "ebitda": 877000000,
    "ebitdaratio": 0.1642014604,
    "operatingIncome": 828000000,
    "operatingIncomeRatio": 0.1550271485,
    "totalOtherIncomeExpensesNet": -60000000,
    "incomeBeforeTax": 768000000,
    "incomeBeforeTaxRatio": 0.1437932971,
    "incomeTaxExpense": 288000000,
    "netIncome": 469000000,
    "netIncomeRatio": 0.0878112713,
    "eps": 0.54,
    "epsdiluted": 0.53,
    "weightedAverageShsOut": 867600000,
    "weightedAverageShsOutDil": 892000000,
    "link": "https://www.sec.gov/Archives/edgar/data/1783180/000178318021000065/0001783180-21-000065-index.htm",
    "finalLink": "https://www.sec.gov/Archives/edgar/data/1783180/000178318021000065/carr-20210930.htm"
  },
  {
    "date": "2021-06-30",
    "symbol": "CARR",
    "reportedCurrency": "USD",
    "cik": "0001783180",
    "fillingDate": "2021-07-29",
    "acceptedDate": "2021-07-29 10:17:37",
    "calendarYear": "2021",
    "period": "Q2",
    "revenue": 5440000000,
    "costOfRevenue": 3815000000,
    "grossProfit": 1625000000,
    "grossProfitRatio": 0.2987132353,
    "researchAndDevelopmentExpenses": 125000000,
    "generalAndAdministrativeExpenses": 0,
    "sellingAndMarketingExpenses": 0,
    "sellingGeneralAndAdministrativeExpenses": 776000000,
    "otherExpenses": -59000000,
    "operatingExpenses": 842000000,
    "costAndExpenses": 4657000000,
    "interestIncome": 4000000,
    "interestExpense": 75000000,
    "depreciationAndAmortization": 85000000,
    "ebitda": 824000000,
    "ebitdaratio": 0.1514705882,
    "operatingIncome": 783000000,
    "operatingIncomeRatio": 0.1439338235,
    "totalOtherIncomeExpensesNet": -52000000,
    "incomeBeforeTax": 731000000,
    "incomeBeforeTaxRatio": 0.134375,
    "incomeTaxExpense": 234000000,
    "netIncome": 487000000,
    "netIncomeRatio": 0.0895220588,
    "eps": 0.56,
    "epsdiluted": 0.55,
    "weightedAverageShsOut": 868700000,
    "weightedAverageShsOutDil": 890900000,
    "link": "https://www.sec.gov/Archives/edgar/data/1783180/000178318021000050/0001783180-21-000050-index.htm",
    "finalLink": "https://www.sec.gov/Archives/edgar/data/1783180/000178318021000050/carr-20210630.htm"
  },
  {
    "date": "2021-03-31",
    "symbol": "CARR",
    "reportedCurrency": "USD",
    "cik": "0001783180",
    "fillingDate": "2021-04-29",
    "acceptedDate": "2021-04-29 11:19:50",
    "calendarYear": "2021",
    "period": "Q1",
    "revenue": 4699000000,
    "costOfRevenue": 3300000000,
    "grossProfit": 1399000000,
    "grossProfitRatio": 0.2977229198,
    "researchAndDevelopmentExpenses": 121000000,
    "generalAndAdministrativeExpenses": 0,
    "sellingAndMarketingExpenses": 0,
    "sellingGeneralAndAdministrativeExpenses": 696000000,
    "otherExpenses": 11000000,
    "operatingExpenses": 828000000,
    "costAndExpenses": 4128000000,
    "interestIncome": 3000000,
    "interestExpense": 96000000,
    "depreciationAndAmortization": 83000000,
    "ebitda": 668000000,
    "ebitdaratio": 0.1421579059,
    "operatingIncome": 571000000,
    "operatingIncomeRatio": 0.121515216,
    "totalOtherIncomeExpensesNet": -75000000,
    "incomeBeforeTax": 496000000,
    "incomeBeforeTaxRatio": 0.1055543733,
    "incomeTaxExpense": 104000000,
    "netIncome": 384000000,
    "netIncomeRatio": 0.0817195148,
    "eps": 0.44,
    "epsdiluted": 0.43,
    "weightedAverageShsOut": 869300000,
    "weightedAverageShsOutDil": 889800000,
    "link": "https://www.sec.gov/Archives/edgar/data/1783180/000178318021000032/0001783180-21-000032-index.htm",
    "finalLink": "https://www.sec.gov/Archives/edgar/data/1783180/000178318021000032/carr-20210331.htm"
  },
  {
    "date": "2020-12-31",
    "symbol": "CARR",
    "reportedCurrency": "USD",
    "cik": "0001783180",
    "fillingDate": "2021-02-09",
    "acceptedDate": "2021-02-09 10:20:48",
    "calendarYear": "2020",
    "period": "Q4",
    "revenue": 4594000000,
    "costOfRevenue": 3294000000,
    "grossProfit": 1300000000,
    "grossProfitRatio": 0.2829777971,
    "researchAndDevelopmentExpenses": 127000000,
    "generalAndAdministrativeExpenses": 0,
    "sellingAndMarketingExpenses": 0,
    "sellingGeneralAndAdministrativeExpenses": 733000000,
    "otherExpenses": -805000000,
    "operatingExpenses": 55000000,
    "costAndExpenses": 3349000000,
    "interestIncome": 3000000,
    "interestExpense": 85000000,
    "depreciationAndAmortization": 95000000,
    "ebitda": 491000000,
    "ebitdaratio": 0.1068785372,
    "operatingIncome": 1245000000,
    "operatingIncomeRatio": 0.2710056596,
    "totalOtherIncomeExpensesNet": -69000000,
    "incomeBeforeTax": 1176000000,
    "incomeBeforeTaxRatio": 0.2559860688,
    "incomeTaxExpense": 289000000,
    "netIncome": 884000000,
    "netIncomeRatio": 0.192424902,
    "eps": 1.02,
    "epsdiluted": 1,
    "weightedAverageShsOut": 866400000,
    "weightedAverageShsOutDil": 866400000,
    "link": "https://www.sec.gov/Archives/edgar/data/1783180/000178318021000011/0001783180-21-000011-index.htm",
    "finalLink": "https://www.sec.gov/Archives/edgar/data/1783180/000178318021000011/carr-20201231.htm"
  },
  {
    "date": "2020-09-30",
    "symbol": "CARR",
    "reportedCurrency": "USD",
    "cik": "0001783180",
    "fillingDate": "2020-10-29",
    "acceptedDate": "2020-10-29 10:07:08",
    "calendarYear": "2020",
    "period": "Q3",
    "revenue": 5002000000,
    "costOfRevenue": 3442000000,
    "grossProfit": 1560000000,
    "grossProfitRatio": 0.3118752499,
    "researchAndDevelopmentExpenses": 100000000,
    "generalAndAdministrativeExpenses": 0,
    "sellingAndMarketingExpenses": 0,
    "sellingGeneralAndAdministrativeExpenses": 637000000,
    "otherExpenses": -258000000,
    "operatingExpenses": 479000000,
    "costAndExpenses": 3921000000,
    "interestIncome": 2000000,
    "interestExpense": 90000000,
    "depreciationAndAmortization": 82000000,
    "ebitda": 903000000,
    "ebitdaratio": 0.1805277889,
    "operatingIncome": 1081000000,
    "operatingIncomeRatio": 0.2161135546,
    "totalOtherIncomeExpensesNet": -72000000,
    "incomeBeforeTax": 1009000000,
    "incomeBeforeTaxRatio": 0.2017193123,
    "incomeTaxExpense": 261000000,
    "netIncome": 741000000,
    "netIncomeRatio": 0.1481407437,
    "eps": 0.86,
    "epsdiluted": 0.84,
    "weightedAverageShsOut": 866400000,
    "weightedAverageShsOutDil": 881500000,
    "link": "https://www.sec.gov/Archives/edgar/data/1783180/000178318020000067/0001783180-20-000067-index.htm",
    "finalLink": "https://www.sec.gov/Archives/edgar/data/1783180/000178318020000067/carr-20200930.htm"
  },
  {
    "date": "2020-06-30",
    "symbol": "CARR",
    "reportedCurrency": "USD",
    "cik": "0001783180",
    "fillingDate": "2020-07-31",
    "acceptedDate": "2020-07-31 11:53:20",
    "calendarYear": "2020",
    "period": "Q2",
    "revenue": 3972000000,
    "costOfRevenue": 2826000000,
    "grossProfit": 1146000000,
    "grossProfitRatio": 0.2885196375,
    "researchAndDevelopmentExpenses": 94000000,
    "generalAndAdministrativeExpenses": 0,
    "sellingAndMarketingExpenses": 0,
    "sellingGeneralAndAdministrativeExpenses": 594000000,
    "otherExpenses": 16000000,
    "operatingExpenses": 704000000,
    "costAndExpenses": 3530000000,
    "interestIncome": 4000000,
    "interestExpense": 85000000,
    "depreciationAndAmortization": 78000000,
    "ebitda": 511000000,
    "ebitdaratio": 0.1286505539,
    "operatingIncome": 442000000,
    "operatingIncomeRatio": 0.1112789527,
    "totalOtherIncomeExpensesNet": -67000000,
    "incomeBeforeTax": 375000000,
    "incomeBeforeTaxRatio": 0.0944108761,
    "incomeTaxExpense": 106000000,
    "netIncome": 261000000,
    "netIncomeRatio": 0.0657099698,
    "eps": 0.3,
    "epsdiluted": 0.3,
    "weightedAverageShsOut": 866200000,
    "weightedAverageShsOutDil": 870900000,
    "link": "https://www.sec.gov/Archives/edgar/data/1783180/000178318020000052/0001783180-20-000052-index.htm",
    "finalLink": "https://www.sec.gov/Archives/edgar/data/1783180/000178318020000052/carr-20200630.htm"
  },
  {
    "date": "2020-03-31",
    "symbol": "CARR",
    "reportedCurrency": "USD",
    "cik": "0001783180",
    "fillingDate": "2020-05-11",
    "acceptedDate": "2020-05-11 07:31:44",
    "calendarYear": "2020",
    "period": "Q1",
    "revenue": 3888000000,
    "costOfRevenue": 2765000000,
    "grossProfit": 1123000000,
    "grossProfitRatio": 0.2888374486,
    "researchAndDevelopmentExpenses": 98000000,
    "generalAndAdministrativeExpenses": 0,
    "sellingAndMarketingExpenses": 0,
    "sellingGeneralAndAdministrativeExpenses": 671000000,
    "otherExpenses": 39000000,
    "operatingExpenses": 808000000,
    "costAndExpenses": 3573000000,
    "interestIncome": 1000000,
    "interestExpense": 38000000,
    "depreciationAndAmortization": 81000000,
    "ebitda": 460000000,
    "ebitdaratio": 0.1183127572,
    "operatingIncome": 315000000,
    "operatingIncomeRatio": 0.0810185185,
    "totalOtherIncomeExpensesNet": -20000000,
    "incomeBeforeTax": 295000000,
    "incomeBeforeTaxRatio": 0.0758744856,
    "incomeTaxExpense": 193000000,
    "netIncome": 96000000,
    "netIncomeRatio": 0.024691358,
    "eps": 0.11,
    "epsdiluted": 0.11,
    "weightedAverageShsOut": 866200000,
    "weightedAverageShsOutDil": 866200000,
    "link": "https://www.sec.gov/Archives/edgar/data/1783180/000178318020000019/0001783180-20-000019-index.htm",
    "finalLink": "https://www.sec.gov/Archives/edgar/data/1783180/000178318020000019/carr-20200331.htm"
  },
  {
    "date": "2019-12-31",
    "symbol": "CARR",
    "reportedCurrency": "USD",
    "cik": "0001783180",
    "fillingDate": "2019-12-31",
    "acceptedDate": "2019-12-30 19:00:00",
    "calendarYear": "2019",
    "period": "Q4",
    "revenue": 4501000000,
    "costOfRevenue": 3219000000,
    "grossProfit": 1282000000,
    "grossProfitRatio": 0.2848255943,
    "researchAndDevelopmentExpenses": 99000000,
    "generalAndAdministrativeExpenses": 0,
    "sellingAndMarketingExpenses": 0,
    "sellingGeneralAndAdministrativeExpenses": 605000000,
    "otherExpenses": 21000000,
    "operatingExpenses": 725000000,
    "costAndExpenses": 3944000000,
    "interestIncome": 24000000,
    "interestExpense": 20000000,
    "depreciationAndAmortization": 84000000,
    "ebitda": 736000000,
    "ebitdaratio": 0.163519218,
    "operatingIncome": 557000000,
    "operatingIncomeRatio": 0.1237502777,
    "totalOtherIncomeExpensesNet": 34000000,
    "incomeBeforeTax": 591000000,
    "incomeBeforeTaxRatio": 0.1313041546,
    "incomeTaxExpense": 137000000,
    "netIncome": 440000000,
    "netIncomeRatio": 0.0977560542,
    "eps": 0.51,
    "epsdiluted": 0.5,
    "weightedAverageShsOut": 866200000,
    "weightedAverageShsOutDil": 866200000,
    "link": "",
    "finalLink": ""
  },
  {
    "date": "2019-09-30",
    "symbol": "CARR",
    "reportedCurrency": "USD",
    "cik": "0001783180",
    "fillingDate": "2019-09-30",
    "acceptedDate": "2019-09-29 20:00:00",
    "calendarYear": "2019",
    "period": "Q3",
    "revenue": 4822000000,
    "costOfRevenue": 3362000000,
    "grossProfit": 1460000000,
    "grossProfitRatio": 0.3027789299,
    "researchAndDevelopmentExpenses": 102000000,
    "generalAndAdministrativeExpenses": 0,
    "sellingAndMarketingExpenses": 0,
    "sellingGeneralAndAdministrativeExpenses": 622000000,
    "otherExpenses": 107000000,
    "operatingExpenses": 831000000,
    "costAndExpenses": 4193000000,
    "interestIncome": 23000000,
    "interestExpense": 20000000,
    "depreciationAndAmortization": 84000000,
    "ebitda": 837000000,
    "ebitdaratio": 0.1735794276,
    "operatingIncome": 629000000,
    "operatingIncomeRatio": 0.1304437993,
    "totalOtherIncomeExpensesNet": 50000000,
    "incomeBeforeTax": 679000000,
    "incomeBeforeTaxRatio": 0.1408129407,
    "incomeTaxExpense": 175000000,
    "netIncome": 492000000,
    "netIncomeRatio": 0.1020323517,
    "eps": 0.57,
    "epsdiluted": 0.57,
    "weightedAverageShsOut": 866200000,
    "weightedAverageShsOutDil": 872800000,
    "link": "",
    "finalLink": ""
  },
  {
    "date": "2019-06-30",
    "symbol": "CARR",
    "reportedCurrency": "USD",
    "cik": "0001783180",
    "fillingDate": "2019-06-30",
    "acceptedDate": "2019-06-29 20:00:00",
    "calendarYear": "2019",
    "period": "Q2",
    "revenue": 4962000000,
    "costOfRevenue": 3480000000,
    "grossProfit": 1482000000,
    "grossProfitRatio": 0.2986698912,
    "researchAndDevelopmentExpenses": 103000000,
    "generalAndAdministrativeExpenses": 0,
    "sellingAndMarketingExpenses": 0,
    "sellingGeneralAndAdministrativeExpenses": 620000000,
    "otherExpenses": -46000000,
    "operatingExpenses": 677000000,
    "costAndExpenses": 4157000000,
    "interestIncome": 25000000,
    "interestExpense": 9000000,
    "depreciationAndAmortization": 82000000,
    "ebitda": 854000000,
    "ebitdaratio": 0.172108021,
    "operatingIncome": 805000000,
    "operatingIncomeRatio": 0.1622329706,
    "totalOtherIncomeExpensesNet": 54000000,
    "incomeBeforeTax": 859000000,
    "incomeBeforeTaxRatio": 0.1731156792,
    "incomeTaxExpense": 65000000,
    "netIncome": 784000000,
    "netIncomeRatio": 0.1580008061,
    "eps": 0.91,
    "epsdiluted": 0.91,
    "weightedAverageShsOut": 866200000,
    "weightedAverageShsOutDil": 872800000,
    "link": "",
    "finalLink": ""
  },
  {
    "date": "2019-03-31",
    "symbol": "CARR",
    "reportedCurrency": "USD",
    "cik": "0001783180",
    "fillingDate": "2019-03-31",
    "acceptedDate": "2019-03-31 00:00:00",
    "calendarYear": "2019",
    "period": "Q1",
    "revenue": 4323000000,
    "costOfRevenue": 3092000000,
    "grossProfit": 1231000000,
    "grossProfitRatio": 0.2847559565,
    "researchAndDevelopmentExpenses": 97000000,
    "generalAndAdministrativeExpenses": 0,
    "sellingAndMarketingExpenses": 0,
    "sellingGeneralAndAdministrativeExpenses": 617000000,
    "otherExpenses": 17000000,
    "operatingExpenses": 731000000,
    "costAndExpenses": 3823000000,
    "interestIncome": 30000000,
    "interestExpense": 26000000,
    "depreciationAndAmortization": 85000000,
    "ebitda": 617000000,
    "ebitdaratio": 0.1427249595,
    "operatingIncome": 500000000,
    "operatingIncomeRatio": 0.115660421,
    "totalOtherIncomeExpensesNet": 43000000,
    "incomeBeforeTax": 543000000,
    "incomeBeforeTaxRatio": 0.1256072172,
    "incomeTaxExpense": 140000000,
    "netIncome": 400000000,
    "netIncomeRatio": 0.0925283368,
    "eps": 0.46,
    "epsdiluted": 0.46,
    "weightedAverageShsOut": 866200000,
    "weightedAverageShsOutDil": 872800000,
    "link": "",
    "finalLink": ""
  }
]