[
  {
    "date": "2025-06-30",
    "symbol": "CAT",
    "reportedCurrency": "USD",
    "cik": "0000018230",
    "fillingDate": "2025-08-06",
    "acceptedDate": "2025-08-06 09:35:30",
    "calendarYear": "2025",
    "period": "Q2",
    "revenue": 16569000000,
    "costOfRevenue": 11108000000,
    "grossProfit": 5461000000,
    "grossProfitRatio": 0.3295914056,
    "researchAndDevelopmentExpenses": 551000000,
    "generalAndAdministrativeExpenses": 0,
    "sellingAndMarketingExpenses": 0,
    "sellingGeneralAndAdministrativeExpenses": 1694000000,
    "otherExpenses": 297000000,
    "operatingExpenses": 2542000000,
    "costAndExpenses": 13650000000,
    "interestIncome": 81000000,
    "interestExpense": 107000000,
    "depreciationAndAmortization": 554000000,
    "ebitda": 3479000000,
    "ebitdaratio": 0.2099704267,
    "operatingIncome": 2919000000,
    "operatingIncomeRatio": 0.1761723701,
    "totalOtherIncomeExpensesNet": -94000000,
    "incomeBeforeTax": 2825000000,
    "incomeBeforeTaxRatio": 0.1704991249,
    "incomeTaxExpense": 646000000,
    "netIncome": 2179000000,
    "netIncomeRatio": 0.1315106524,
    "eps": 4.6391,
    "epsdiluted": 4.6214,
    "weightedAverageShsOut": 469700000,
    "weightedAverageShsOutDil": 471500000,
    "link": "https://www.sec.gov/Archives/edgar/data/18230/000001823025000040/0000018230-25-000040-index.htm",
    "finalLink": "https://www.sec.gov/Archives/edgar/data/18230/000001823025000040/cat-20250630.htm"
  },
  {
    "date": "2025-03-31",
    "symbol": "CAT",
    "reportedCurrency": "USD",
    "cik": "0000018230",
    "fillingDate": "2025-04-30",
    "acceptedDate": "2025-04-30 06:31:43",
    "calendarYear": "2025",
    "period": "Q1",
    "revenue": 14249000000,
    "costOfRevenue": 9291000000,
    "grossProfit": 4958000000,
    "grossProfitRatio": 0.3479542424,
    "researchAndDevelopmentExpenses": 480000000,
    "generalAndAdministrativeExpenses": 0,
    "sellingAndMarketingExpenses": 0,
    "sellingGeneralAndAdministrativeExpenses": 1593000000,
    "otherExpenses": 306000000,
    "operatingExpenses": 2379000000,
    "costAndExpenses": 11670000000,
    "interestIncome": 99000000,
    "interestExpense": 99000000,
    "depreciationAndAmortization": 540000000,
    "ebitda": 3226000000,
    "ebitdaratio": 0.2264018528,
    "operatingIncome": 2579000000,
    "operatingIncomeRatio": 0.1809951576,
    "totalOtherIncomeExpensesNet": -2000000,
    "incomeBeforeTax": 2577000000,
    "incomeBeforeTaxRatio": 0.1808547968,
    "incomeTaxExpense": 574000000,
    "netIncome": 2003000000,
    "netIncomeRatio": 0.1405712682,
    "eps": 4.22,
    "epsdiluted": 4.2,
    "weightedAverageShsOut": 474900000,
    "weightedAverageShsOutDil": 477100000,
    "link": "https://www.sec.gov/Archives/edgar/data/18230/000001823025000016/0000018230-25-000016-index.htm",
    "finalLink": "https://www.sec.gov/Archives/edgar/data/18230/000001823025000016/cat-20250331.htm"
  },
  {
    "date": "2024-12-31",
    "symbol": "CAT",
    "reportedCurrency": "USD",
    "cik": "0000018230",
    "fillingDate": "2025-02-14",
    "acceptedDate": "2025-02-14 09:36:30",
    "calendarYear": "2024",
    "period": "Q4",
    "revenue": 16215000000,
    "costOfRevenue": 10659000000,
    "grossProfit": 5556000000,
    "grossProfitRatio": 0.3426456984,
    "researchAndDevelopmentExpenses": 519000000,
    "generalAndAdministrativeExpenses": 0,
    "sellingAndMarketingExpenses": 0,
    "sellingGeneralAndAdministrativeExpenses": 1769000000,
    "otherExpenses": 344000000,
    "operatingExpenses": 2632000000,
    "costAndExpenses": 13291000000,
    "interestIncome": 120000000,
    "interestExpense": 107000000,
    "depreciationAndAmortization": 555000000,
    "ebitda": 3905000000,
    "ebitdaratio": 0.2408263953,
    "operatingIncome": 2924000000,
    "operatingIncomeRatio": 0.1803268578,
    "totalOtherIncomeExpensesNet": 329000000,
    "incomeBeforeTax": 3253000000,
    "incomeBeforeTaxRatio": 0.2006167129,
    "incomeTaxExpense": 463000000,
    "netIncome": 2791000000,
    "netIncomeRatio": 0.172124576,
    "eps": 5.76,
    "epsdiluted": 5.73,
    "weightedAverageShsOut": 484200000,
    "weightedAverageShsOutDil": 486700000,
    "link": "https://www.sec.gov/Archives/edgar/data/18230/000001823025000008/0000018230-25-000008-index.htm",
    "finalLink": "https://www.sec.gov/Archives/edgar/data/18230/000001823025000008/cat-20241231.htm"
  },
  {
    "date": "2024-09-30",
    "symbol": "CAT",
    "reportedCurrency": "USD",
    "cik": "0000018230",
    "fillingDate": "2024-11-06",
    "acceptedDate": "2024-11-06 10:40:15",
    "calendarYear": "2024",
    "period": "Q3",
    "revenue": 16106000000,
    "costOfRevenue": 10402000000,
    "grossProfit": 5704000000,
    "grossProfitRatio": 0.3541537315,
    "researchAndDevelopmentExpenses": 533000000,
    "generalAndAdministrativeExpenses": 0,
    "sellingAndMarketingExpenses": 0,
    "sellingGeneralAndAdministrativeExpenses": 1669000000,
    "otherExpenses": 355000000,
    "operatingExpenses": 2557000000,
    "costAndExpenses": 12959000000,
    "interestIncome": 108000000,
    "interestExpense": 93000000,
    "depreciationAndAmortization": 543000000,
    "ebitda": 3766000000,
    "ebitdaratio": 0.2338259034,
    "operatingIncome": 3147000000,
    "operatingIncomeRatio": 0.1953930212,
    "totalOtherIncomeExpensesNet": -42000000,
    "incomeBeforeTax": 3105000000,
    "incomeBeforeTaxRatio": 0.1927852974,
    "incomeTaxExpense": 642000000,
    "netIncome": 2464000000,
    "netIncomeRatio": 0.1529864647,
    "eps": 5.09,
    "epsdiluted": 5.06,
    "weightedAverageShsOut": 484200000,
    "weightedAverageShsOutDil": 486700000,
    "link": "https://www.sec.gov/Archives/edgar/data/18230/000001823024000053/0000018230-24-000053-index.htm",
    "finalLink": "https://www.sec.gov/Archives/edgar/data/18230/000001823024000053/cat-20240930.htm"
  },
  {
    "date": "2024-06-30",
    "symbol": "CAT",
    "reportedCurrency": "USD",
    "cik": "0000018230",
    "fillingDate": "2024-08-07",
    "acceptedDate": "2024-08-07 10:40:25",
    "calendarYear": "2024",
    "period": "Q2",
    "revenue": 16689000000,
    "costOfRevenue": 10464000000,
    "grossProfit": 6225000000,
    "grossProfitRatio": 0.3730001798,
    "researchAndDevelopmentExpenses": 535000000,
    "generalAndAdministrativeExpenses": 0,
    "sellingAndMarketingExpenses": 0,
    "sellingGeneralAndAdministrativeExpenses": 1652000000,
    "otherExpenses": 556000000,
    "operatingExpenses": 2743000000,
    "costAndExpenses": 13207000000,
    "interestIncome": 118000000,
    "interestExpense": 113000000,
    "depreciationAndAmortization": 531000000,
    "ebitda": 4168000000,
    "ebitdaratio": 0.2497453412,
    "operatingIncome": 3482000000,
    "operatingIncomeRatio": 0.2086404218,
    "totalOtherIncomeExpensesNet": 35000000,
    "incomeBeforeTax": 3517000000,
    "incomeBeforeTaxRatio": 0.2107376116,
    "incomeTaxExpense": 836000000,
    "netIncome": 2681000000,
    "netIncomeRatio": 0.1606447361,
    "eps": 5.5,
    "epsdiluted": 5.48,
    "weightedAverageShsOut": 487200000,
    "weightedAverageShsOutDil": 489500000,
    "link": "https://www.sec.gov/Archives/edgar/data/18230/000001823024000045/0000018230-24-000045-index.htm",
    "finalLink": "https://www.sec.gov/Archives/edgar/data/18230/000001823024000045/cat-20240630.htm"
  },
  {
    "date": "2024-03-31",
    "symbol": "CAT",
    "reportedCurrency": "USD",
    "cik": "0000018230",
    "fillingDate": "2024-05-01",
    "acceptedDate": "2024-05-01 10:05:24",
    "calendarYear": "2024",
    "period": "Q1",
    "revenue": 15799000000,
    "costOfRevenue": 9960000000,
    "grossProfit": 5839000000,
    "grossProfitRatio": 0.3695803532,
    "researchAndDevelopmentExpenses": 520000000,
    "generalAndAdministrativeExpenses": 0,
    "sellingAndMarketingExpenses": 0,
    "sellingGeneralAndAdministrativeExpenses": 1577000000,
    "otherExpenses": 223000000,
    "operatingExpenses": 2320000000,
    "costAndExpenses": 12280000000,
    "interestIncome": 136000000,
    "interestExpense": 122000000,
    "depreciationAndAmortization": 524000000,
    "ebitda": 4199000000,
    "ebitdaratio": 0.265776315,
    "operatingIncome": 3519000000,
    "operatingIncomeRatio": 0.2227356162,
    "totalOtherIncomeExpensesNet": 23000000,
    "incomeBeforeTax": 3542000000,
    "incomeBeforeTaxRatio": 0.2241914045,
    "incomeTaxExpense": 688000000,
    "netIncome": 2856000000,
    "netIncomeRatio": 0.1807709349,
    "eps": 5.78,
    "epsdiluted": 5.75,
    "weightedAverageShsOut": 493900000,
    "weightedAverageShsOutDil": 496900000,
    "link": "https://www.sec.gov/Archives/edgar/data/18230/000001823024000020/0000018230-24-000020-index.htm",
    "finalLink": "https://www.sec.gov/Archives/edgar/data/18230/000001823024000020/cat-20240331.htm"
  },
  {
    "date": "2023-12-31",
    "symbol": "CAT",
    "reportedCurrency": "USD",
    "cik": "0000018230",
    "fillingDate": "2024-02-16",
    "acceptedDate": "2024-02-16 10:05:13",
    "calendarYear": "2023",
    "period": "Q4",
    "revenue": 17070000000,
    "costOfRevenue": 11304000000,
    "grossProfit": 5766000000,
    "grossProfitRatio": 0.3377855888,
    "researchAndDevelopmentExpenses": 554000000,
    "generalAndAdministrativeExpenses": 0,
    "sellingAndMarketingExpenses": 0,
    "sellingGeneralAndAdministrativeExpenses": 1756000000,
    "otherExpenses": 322000000,
    "operatingExpenses": 2632000000,
    "costAndExpenses": 13936000000,
    "interestIncome": 170000000,
    "interestExpense": 126000000,
    "depreciationAndAmortization": 545000000,
    "ebitda": 3920000000,
    "ebitdaratio": 0.2296426479,
    "operatingIncome": 3134000000,
    "operatingIncomeRatio": 0.1835969537,
    "totalOtherIncomeExpensesNet": 126000000,
    "incomeBeforeTax": 3260000000,
    "incomeBeforeTaxRatio": 0.1909783245,
    "incomeTaxExpense": 587000000,
    "netIncome": 2676000000,
    "netIncomeRatio": 0.1567662566,
    "eps": 5.31,
    "epsdiluted": 5.28,
    "weightedAverageShsOut": 504400000,
    "weightedAverageShsOutDil": 507000000,
    "link": "https://www.sec.gov/Archives/edgar/data/18230/000001823024000009/0000018230-24-000009-index.htm",
    "finalLink": "https://www.sec.gov/Archives/edgar/data/18230/000001823024000009/cat-20231231.htm"
  },
  {
    "date": "2023-09-30",
    "symbol": "CAT",
    "reportedCurrency": "USD",
    "cik": "0000018230",
    "fillingDate": "2023-11-01",
    "acceptedDate": "2023-11-01 10:03:02",
    "calendarYear": "2023",
    "period": "Q3",
    "revenue": 16810000000,
    "costOfRevenue": 10863000000,
    "grossProfit": 5947000000,
    "grossProfitRatio": 0.3537775134,
    "researchAndDevelopmentExpenses": 554000000,
    "generalAndAdministrativeExpenses": 0,
    "sellingAndMarketingExpenses": 0,
    "sellingGeneralAndAdministrativeExpenses": 1624000000,
    "otherExpenses": 320000000,
    "operatingExpenses": 2498000000,
    "costAndExpenses": 13361000000,
    "interestIncome": 135000000,
    "interestExpense": 109000000,
    "depreciationAndAmortization": 525000000,
    "ebitda": 4169000000,
    "ebitdaratio": 0.2480071386,
    "operatingIncome": 3449000000,
    "operatingIncomeRatio": 0.2051754908,
    "totalOtherIncomeExpensesNet": 78000000,
    "incomeBeforeTax": 3527000000,
    "incomeBeforeTaxRatio": 0.209815586,
    "incomeTaxExpense": 734000000,
    "netIncome": 2794000000,
    "netIncomeRatio": 0.1662105889,
    "eps": 5.48,
    "epsdiluted": 5.45,
    "weightedAverageShsOut": 509800000,
    "weightedAverageShsOutDil": 512600000,
    "link": "https://www.sec.gov/Archives/edgar/data/18230/000001823023000056/0000018230-23-000056-index.htm",
    "finalLink": "https://www.sec.gov/Archives/edgar/data/18230/000001823023000056/cat-20230930.htm"
  },
  {
    "date": "2023-06-30",
    "symbol": "CAT",
    "reportedCurrency": "USD",
    "cik": "0000018230",
    "fillingDate": "2023-08-02",
    "acceptedDate": "2023-08-02 10:16:35",
    "calendarYear": "2023",
    "period": "Q2",
    "revenue": 17318000000,
    "costOfRevenue": 11310000000,
    "grossProfit": 6008000000,
    "grossProfitRatio": 0.3469222774,
    "researchAndDevelopmentExpenses": 528000000,
    "generalAndAdministrativeExpenses": 0,
    "sellingAndMarketingExpenses": 0,
    "sellingGeneralAndAdministrativeExpenses": 1528000000,
    "otherExpenses": 300000000,
    "operatingExpenses": 2356000000,
    "costAndExpenses": 13666000000,
    "interestIncome": 96000000,
    "interestExpense": 107000000,
    "depreciationAndAmortization": 542000000,
    "ebitda": 4321000000,
    "ebitdaratio": 0.2495091812,
    "operatingIncome": 3652000000,
    "operatingIncomeRatio": 0.2108788544,
    "totalOtherIncomeExpensesNet": 24000000,
    "incomeBeforeTax": 3676000000,
    "incomeBeforeTaxRatio": 0.2122646957,
    "incomeTaxExpense": 752000000,
    "netIncome": 2922000000,
    "netIncomeRatio": 0.1687261809,
    "eps": 5.7,
    "epsdiluted": 5.67,
    "weightedAverageShsOut": 512900000,
    "weightedAverageShsOutDil": 515000000,
    "link": "https://www.sec.gov/Archives/edgar/data/18230/000001823023000047/0000018230-23-000047-index.htm",
    "finalLink": "https://www.sec.gov/Archives/edgar/data/18230/000001823023000047/cat-20230630.htm"
  },
  {
    "date": "2023-03-31",
    "symbol": "CAT",
    "reportedCurrency": "USD",
    "cik": "0000018230",
    "fillingDate": "2023-05-03",
    "acceptedDate": "2023-05-03 10:19:47",
    "calendarYear": "2023",
    "period": "Q1",
    "revenue": 15862000000,
    "costOfRevenue": 10320000000,
    "grossProfit": 5542000000,
    "grossProfitRatio": 0.3493884756,
    "researchAndDevelopmentExpenses": 472000000,
    "generalAndAdministrativeExpenses": 0,
    "sellingAndMarketingExpenses": 0,
    "sellingGeneralAndAdministrativeExpenses": 1463000000,
    "otherExpenses": 876000000,
    "operatingExpenses": 2811000000,
    "costAndExpenses": 13131000000,
    "interestIncome": 93000000,
    "interestExpense": 115000000,
    "depreciationAndAmortization": 532000000,
    "ebitda": 3295000000,
    "ebitdaratio": 0.207729164,
    "operatingIncome": 2731000000,
    "operatingIncomeRatio": 0.1721724877,
    "totalOtherIncomeExpensesNet": -81000000,
    "incomeBeforeTax": 2650000000,
    "incomeBeforeTaxRatio": 0.1670659438,
    "incomeTaxExpense": 708000000,
    "netIncome": 1943000000,
    "netIncomeRatio": 0.1224940108,
    "eps": 3.76,
    "epsdiluted": 3.74,
    "weightedAverageShsOut": 516200000,
    "weightedAverageShsOutDil": 519400000,
    "link": "https://www.sec.gov/Archives/edgar/data/18230/000001823023000022/0000018230-23-000022-index.htm",
    "finalLink": "https://www.sec.gov/Archives/edgar/data/18230/000001823023000022/cat-20230331.htm"
  },
  {
    "date": "2022-12-31",
    "symbol": "CAT",
    "reportedCurrency": "USD",
    "cik": "0000018230",
    "fillingDate": "2023-02-15",
    "acceptedDate": "2023-02-15 10:27:56",
    "calendarYear": "2022",
    "period": "Q4",
    "revenue": 16597000000,
    "costOfRevenue": 11802000000,
    "grossProfit": 4795000000,
    "grossProfitRatio": 0.2889076339,
    "researchAndDevelopmentExpenses": 401000000,
    "generalAndAdministrativeExpenses": 0,
    "sellingAndMarketingExpenses": 0,
    "sellingGeneralAndAdministrativeExpenses": 1479000000,
    "otherExpenses": 1235000000,
    "operatingExpenses": 3115000000,
    "costAndExpenses": 14917000000,
    "interestIncome": 69000000,
    "interestExpense": 117000000,
    "depreciationAndAmortization": 558000000,
    "ebitda": 2774000000,
    "ebitdaratio": 0.1671386395,
    "operatingIncome": 1680000000,
    "operatingIncomeRatio": 0.1012231126,
    "totalOtherIncomeExpensesNet": 418000000,
    "incomeBeforeTax": 2098000000,
    "incomeBeforeTaxRatio": 0.1264083871,
    "incomeTaxExpense": 644000000,
    "netIncome": 1454000000,
    "netIncomeRatio": 0.0876061939,
    "eps": 2.81,
    "epsdiluted": 2.79,
    "weightedAverageShsOut": 517400000,
    "weightedAverageShsOutDil": 520900000,
    "link": "https://www.sec.gov/Archives/edgar/data/18230/000001823023000011/0000018230-23-000011-index.htm",
    "finalLink": "https://www.sec.gov/Archives/edgar/data/18230/000001823023000011/cat-20221231.htm"
  },
  {
    "date": "2022-09-30",
    "symbol": "CAT",
    "reportedCurrency": "USD",
    "cik": "0000018230",
    "fillingDate": "2022-11-02",
    "acceptedDate": "2022-11-02 10:37:08",
    "calendarYear": "2022",
    "period": "Q3",
    "revenue": 14994000000,
    "costOfRevenue": 10353000000,
    "grossProfit": 4641000000,
    "grossProfitRatio": 0.3095238095,
    "researchAndDevelopmentExpenses": 476000000,
    "generalAndAdministrativeExpenses": 0,
    "sellingAndMarketingExpenses": 0,
    "sellingGeneralAndAdministrativeExpenses": 1401000000,
    "otherExpenses": 339000000,
    "operatingExpenses": 2216000000,
    "costAndExpenses": 12569000000,
    "interestIncome": 52000000,
    "interestExpense": 109000000,
    "depreciationAndAmortization": 551000000,
    "ebitda": 3218000000,
    "ebitdaratio": 0.214619181,
    "operatingIncome": 2425000000,
    "operatingIncomeRatio": 0.1617313592,
    "totalOtherIncomeExpensesNet": 142000000,
    "incomeBeforeTax": 2567000000,
    "incomeBeforeTaxRatio": 0.1712018141,
    "incomeTaxExpense": 527000000,
    "netIncome": 2041000000,
    "netIncomeRatio": 0.1361211151,
    "eps": 3.89,
    "epsdiluted": 3.87,
    "weightedAverageShsOut": 525000000,
    "weightedAverageShsOutDil": 527600000,
    "link": "https://www.sec.gov/Archives/edgar/data/18230/000001823022000223/0000018230-22-000223-index.htm",
    "finalLink": "https://www.sec.gov/Archives/edgar/data/18230/000001823022000223/cat-20220930.htm"
  },
  {
    "date": "2022-06-30",
    "symbol": "CAT",
    "reportedCurrency": "USD",
    "cik": "0000018230",
    "fillingDate": "2022-08-03",
    "acceptedDate": "2022-08-03 10:25:33",
    "calendarYear": "2022",
    "period": "Q2",
    "revenue": 14247000000,
    "costOfRevenue": 10095000000,
    "grossProfit": 4152000000,
    "grossProfitRatio": 0.2914297747,
    "researchAndDevelopmentExpenses": 480000000,
    "generalAndAdministrativeExpenses": 0,
    "sellingAndMarketingExpenses": 0,
    "sellingGeneralAndAdministrativeExpenses": 1425000000,
    "otherExpenses": 303000000,
    "operatingExpenses": 2208000000,
    "costAndExpenses": 12303000000,
    "interestIncome": 25000000,
    "interestExpense": 108000000,
    "depreciationAndAmortization": 553000000,
    "ebitda": 2757000000,
    "ebitdaratio": 0.1935144241,
    "operatingIncome": 1944000000,
    "operatingIncomeRatio": 0.1364497789,
    "totalOtherIncomeExpensesNet": 156000000,
    "incomeBeforeTax": 2100000000,
    "incomeBeforeTaxRatio": 0.1473994525,
    "incomeTaxExpense": 427000000,
    "netIncome": 1673000000,
    "netIncomeRatio": 0.1174282305,
    "eps": 3.15,
    "epsdiluted": 3.13,
    "weightedAverageShsOut": 531000000,
    "weightedAverageShsOutDil": 534100000,
    "link": "https://www.sec.gov/Archives/edgar/data/18230/000001823022000183/0000018230-22-000183-index.htm",
    "finalLink": "https://www.sec.gov/Archives/edgar/data/18230/000001823022000183/cat-20220630.htm"
  },
  {
    "date": "2022-03-31",
    "symbol": "CAT",
    "reportedCurrency": "USD",
    "cik": "0000018230",
    "fillingDate": "2022-05-04",
    "acceptedDate": "2022-05-04 10:47:23",
    "calendarYear": "2022",
    "period": "Q1",
    "revenue": 13589000000,
    "costOfRevenue": 9665000000,
    "grossProfit": 3924000000,
    "grossProfitRatio": 0.28876297,
    "researchAndDevelopmentExpenses": 457000000,
    "generalAndAdministrativeExpenses": 0,
    "sellingAndMarketingExpenses": 0,
    "sellingGeneralAndAdministrativeExpenses": 1346000000,
    "otherExpenses": 266000000,
    "operatingExpenses": 2069000000,
    "costAndExpenses": 11734000000,
    "interestIncome": 21000000,
    "interestExpense": 109000000,
    "depreciationAndAmortization": 557000000,
    "ebitda": 2665000000,
    "ebitdaratio": 0.1961145044,
    "operatingIncome": 1855000000,
    "operatingIncomeRatio": 0.1365074693,
    "totalOtherIncomeExpensesNet": 151000000,
    "incomeBeforeTax": 2006000000,
    "incomeBeforeTaxRatio": 0.147619398,
    "incomeTaxExpense": 469000000,
    "netIncome": 1537000000,
    "netIncomeRatio": 0.1131061888,
    "eps": 2.88,
    "epsdiluted": 2.86,
    "weightedAverageShsOut": 534500000,
    "weightedAverageShsOutDil": 538300000,
    "link": "https://www.sec.gov/Archives/edgar/data/18230/000001823022000112/0000018230-22-000112-index.htm",
    "finalLink": "https://www.sec.gov/Archives/edgar/data/18230/000001823022000112/cat-20220331.htm"
  },
  {
    "date": "2021-12-31",
    "symbol": "CAT",
    "reportedCurrency": "USD",
    "cik": "0000018230",
    "fillingDate": "2022-02-16",
    "acceptedDate": "2022-02-16 10:50:47",
    "calendarYear": "2021",
    "period": "Q4",
    "revenue": 13798000000,
    "costOfRevenue": 10106000000,
    "grossProfit": 3692000000,
    "grossProfitRatio": 0.2675750109,
    "researchAndDevelopmentExpenses": 439000000,
    "generalAndAdministrativeExpenses": 0,
    "sellingAndMarketingExpenses": 0,
    "sellingGeneralAndAdministrativeExpenses": 1422000000,
    "otherExpenses": 220000000,
    "operatingExpenses": 2081000000,
    "costAndExpenses": 12187000000,
    "interestIncome": 16000000,
    "interestExpense": 111000000,
    "depreciationAndAmortization": 586000000,
    "ebitda": 3260000000,
    "ebitdaratio": 0.2362661255,
    "operatingIncome": 1611000000,
    "operatingIncomeRatio": 0.1167560516,
    "totalOtherIncomeExpensesNet": 938000000,
    "incomeBeforeTax": 2549000000,
    "incomeBeforeTaxRatio": 0.1847369184,
    "incomeTaxExpense": 429000000,
    "netIncome": 2120000000,
    "netIncomeRatio": 0.1536454559,
    "eps": 3.94,
    "epsdiluted": 3.91,
    "weightedAverageShsOut": 538700000,
    "weightedAverageShsOutDil": 542600000,
    "link": "https://www.sec.gov/Archives/edgar/data/18230/000001823022000050/0000018230-22-000050-index.htm",
    "finalLink": "https://www.sec.gov/Archives/edgar/data/18230/000001823022000050/cat-20211231.htm"
  },
  {
    "date": "2021-09-30",
    "symbol": "CAT",
    "reportedCurrency": "USD",
    "cik": "0000018230",
    "fillingDate": "2021-11-03",
    "acceptedDate": "2021-11-03 15:55:20",
    "calendarYear": "2021",
    "period": "Q3",
    "revenue": 12397000000,
    "costOfRevenue": 8728000000,
    "grossProfit": 3669000000,
    "grossProfitRatio": 0.2959586997,
    "researchAndDevelopmentExpenses": 427000000,
    "generalAndAdministrativeExpenses": 0,
    "sellingAndMarketingExpenses": 0,
    "sellingGeneralAndAdministrativeExpenses": 1340000000,
    "otherExpenses": 238000000,
    "operatingExpenses": 2005000000,
    "costAndExpenses": 10733000000,
    "interestIncome": 20000000,
    "interestExpense": 114000000,
    "depreciationAndAmortization": 593000000,
    "ebitda": 2482000000,
    "ebitdaratio": 0.2002097282,
    "operatingIncome": 1664000000,
    "operatingIncomeRatio": 0.1342260224,
    "totalOtherIncomeExpensesNet": 132000000,
    "incomeBeforeTax": 1796000000,
    "incomeBeforeTaxRatio": 0.1448737598,
    "incomeTaxExpense": 368000000,
    "netIncome": 1426000000,
    "netIncomeRatio": 0.1150278293,
    "eps": 2.62,
    "epsdiluted": 2.6,
    "weightedAverageShsOut": 544000000,
    "weightedAverageShsOutDil": 547600000,
    "link": "https://www.sec.gov/Archives/edgar/data/18230/000001823021000260/0000018230-21-000260-index.htm",
    "finalLink": "https://www.sec.gov/Archives/edgar/data/18230/000001823021000260/cat-20210930.htm"
  },
  {
    "date": "2021-06-30",
    "symbol": "CAT",
    "reportedCurrency": "USD",
    "cik": "0000018230",
    "fillingDate": "2021-08-04",
    "acceptedDate": "2021-08-04 11:06:39",
    "calendarYear": "2021",
    "period": "Q2",
    "revenue": 12889000000,
    "costOfRevenue": 8997000000,
    "grossProfit": 3892000000,
    "grossProfitRatio": 0.3019629141,
    "researchAndDevelopmentExpenses": 446000000,
    "generalAndAdministrativeExpenses": 0,
    "sellingAndMarketingExpenses": 0,
    "sellingGeneralAndAdministrativeExpenses": 1364000000,
    "otherExpenses": 293000000,
    "operatingExpenses": 2103000000,
    "costAndExpenses": 11100000000,
    "interestIncome": 21000000,
    "interestExpense": 119000000,
    "depreciationAndAmortization": 587000000,
    "ebitda": 2577000000,
    "ebitdaratio": 0.1999379316,
    "operatingIncome": 1789000000,
    "operatingIncomeRatio": 0.1388005276,
    "totalOtherIncomeExpensesNet": 95000000,
    "incomeBeforeTax": 1884000000,
    "incomeBeforeTaxRatio": 0.1461711537,
    "incomeTaxExpense": 470000000,
    "netIncome": 1413000000,
    "netIncomeRatio": 0.1096283653,
    "eps": 2.58,
    "epsdiluted": 2.56,
    "weightedAverageShsOut": 547900000,
    "weightedAverageShsOutDil": 552100000,
    "link": "https://www.sec.gov/Archives/edgar/data/18230/000001823021000221/0000018230-21-000221-index.htm",
    "finalLink": "https://www.sec.gov/Archives/edgar/data/18230/000001823021000221/cat-20210630.htm"
  },
  {
    "date": "2021-03-31",
    "symbol": "CAT",
    "reportedCurrency": "USD",
    "cik": "0000018230",
    "fillingDate": "2021-05-05",
    "acceptedDate": "2021-05-05 10:42:43",
    "calendarYear": "2021",
    "period": "Q1",
    "revenue": 11887000000,
    "costOfRevenue": 8137000000,
    "grossProfit": 3750000000,
    "grossProfitRatio": 0.3154706823,
    "researchAndDevelopmentExpenses": 374000000,
    "generalAndAdministrativeExpenses": 0,
    "sellingAndMarketingExpenses": 0,
    "sellingGeneralAndAdministrativeExpenses": 1239000000,
    "otherExpenses": 323000000,
    "operatingExpenses": 1936000000,
    "costAndExpenses": 10073000000,
    "interestIncome": 23000000,
    "interestExpense": 141000000,
    "depreciationAndAmortization": 586000000,
    "ebitda": 2725000000,
    "ebitdaratio": 0.2292420291,
    "operatingIncome": 1814000000,
    "operatingIncomeRatio": 0.1526036847,
    "totalOtherIncomeExpensesNet": 192000000,
    "incomeBeforeTax": 2006000000,
    "incomeBeforeTaxRatio": 0.1687557836,
    "incomeTaxExpense": 475000000,
    "netIncome": 1530000000,
    "netIncomeRatio": 0.1287120384,
    "eps": 2.8,
    "epsdiluted": 2.77,
    "weightedAverageShsOut": 546400000,
    "weightedAverageShsOutDil": 551400000,
    "link": "https://www.sec.gov/Archives/edgar/data/18230/000001823021000151/0000018230-21-000151-index.htm",
    "finalLink": "https://www.sec.gov/Archives/edgar/data/18230/000001823021000151/cat-20210331.htm"
  },
  {
    "date": "2020-12-31",
    "symbol": "CAT",
    "reportedCurrency": "USD",
    "cik": "0000018230",
    "fillingDate": "2021-02-17",
    "acceptedDate": "2021-02-17 10:41:38",
    "calendarYear": "2020",
    "period": "Q4",
    "revenue": 11235000000,
    "costOfRevenue": 7912000000,
    "grossProfit": 3323000000,
    "grossProfitRatio": 0.2957721406,
    "researchAndDevelopmentExpenses": 374000000,
    "generalAndAdministrativeExpenses": 0,
    "sellingAndMarketingExpenses": 0,
    "sellingGeneralAndAdministrativeExpenses": 1216000000,
    "otherExpenses": 353000000,
    "operatingExpenses": 1943000000,
    "costAndExpenses": 9855000000,
    "interestIncome": 21000000,
    "interestExpense": 129000000,
    "depreciationAndAmortization": 617000000,
    "ebitda": 1688000000,
    "ebitdaratio": 0.1502447708,
    "operatingIncome": 1380000000,
    "operatingIncomeRatio": 0.1228304406,
    "totalOtherIncomeExpensesNet": -433000000,
    "incomeBeforeTax": 947000000,
    "incomeBeforeTaxRatio": 0.0842901647,
    "incomeTaxExpense": 167000000,
    "netIncome": 780000000,
    "netIncomeRatio": 0.0694259012,
    "eps": 1.43,
    "epsdiluted": 1.42,
    "weightedAverageShsOut": 544500000,
    "weightedAverageShsOutDil": 549500000,
    "link": "https://www.sec.gov/Archives/edgar/data/18230/000001823021000063/0000018230-21-000063-index.htm",
    "finalLink": "https://www.sec.gov/Archives/edgar/data/18230/000001823021000063/cat-20201231.htm"
  },
  {
    "date": "2020-09-30",
    "symbol": "CAT",
    "reportedCurrency": "USD",
    "cik": "0000018230",
    "fillingDate": "2020-11-04",
    "acceptedDate": "2020-11-04 10:29:05",
    "calendarYear": "2020",
    "period": "Q3",
    "revenue": 9881000000,
    "costOfRevenue": 7056000000,
    "grossProfit": 2825000000,
    "grossProfitRatio": 0.2859022366,
    "researchAndDevelopmentExpenses": 344000000,
    "generalAndAdministrativeExpenses": 0,
    "sellingAndMarketingExpenses": 0,
    "sellingGeneralAndAdministrativeExpenses": 1126000000,
    "otherExpenses": 370000000,
    "operatingExpenses": 1840000000,
    "costAndExpenses": 8896000000,
    "interestIncome": 21000000,
    "interestExpense": 135000000,
    "depreciationAndAmortization": 593000000,
    "ebitda": 1592000000,
    "ebitdaratio": 0.1611172958,
    "operatingIncome": 985000000,
    "operatingIncomeRatio": 0.0996862666,
    "totalOtherIncomeExpensesNet": -127000000,
    "incomeBeforeTax": 858000000,
    "incomeBeforeTaxRatio": 0.0868333165,
    "incomeTaxExpense": 187000000,
    "netIncome": 668000000,
    "netIncomeRatio": 0.0676044935,
    "eps": 1.23,
    "epsdiluted": 1.22,
    "weightedAverageShsOut": 542300000,
    "weightedAverageShsOutDil": 546400000,
    "link": "https://www.sec.gov/Archives/edgar/data/18230/000001823020000297/0000018230-20-000297-index.htm",
    "finalLink": "https://www.sec.gov/Archives/edgar/data/18230/000001823020000297/cat-20200930.htm"
  },
  {
    "date": "2020-06-30",
    "symbol": "CAT",
    "reportedCurrency": "USD",
    "cik": "0000018230",
    "fillingDate": "2020-08-05",
    "acceptedDate": "2020-08-05 10:50:24",
    "calendarYear": "2020",
    "period": "Q2",
    "revenue": 9997000000,
    "costOfRevenue": 7262000000,
    "grossProfit": 2735000000,
    "grossProfitRatio": 0.2735820746,
    "researchAndDevelopmentExpenses": 341000000,
    "generalAndAdministrativeExpenses": 0,
    "sellingAndMarketingExpenses": 0,
    "sellingGeneralAndAdministrativeExpenses": 1179000000,
    "otherExpenses": 431000000,
    "operatingExpenses": 1951000000,
    "costAndExpenses": 9213000000,
    "interestIncome": 27000000,
    "interestExpense": 134000000,
    "depreciationAndAmortization": 608000000,
    "ebitda": 1421000000,
    "ebitdaratio": 0.1421426428,
    "operatingIncome": 784000000,
    "operatingIncomeRatio": 0.0784235271,
    "totalOtherIncomeExpensesNet": -98000000,
    "incomeBeforeTax": 686000000,
    "incomeBeforeTaxRatio": 0.0686205862,
    "incomeTaxExpense": 227000000,
    "netIncome": 458000000,
    "netIncomeRatio": 0.0458137441,
    "eps": 0.84,
    "epsdiluted": 0.84,
    "weightedAverageShsOut": 541500000,
    "weightedAverageShsOutDil": 544500000,
    "link": "https://www.sec.gov/Archives/edgar/data/18230/000001823020000214/0000018230-20-000214-index.htm",
    "finalLink": "https://www.sec.gov/Archives/edgar/data/18230/000001823020000214/cat10q6302020.htm"
  },
  {
    "date": "2020-03-31",
    "symbol": "CAT",
    "reportedCurrency": "USD",
    "cik": "0000018230",
    "fillingDate": "2020-05-06",
    "acceptedDate": "2020-05-06 13:09:58",
    "calendarYear": "2020",
    "period": "Q1",
    "revenue": 10635000000,
    "costOfRevenue": 7441000000,
    "grossProfit": 3194000000,
    "grossProfitRatio": 0.300329102,
    "researchAndDevelopmentExpenses": 356000000,
    "generalAndAdministrativeExpenses": 0,
    "sellingAndMarketingExpenses": 0,
    "sellingGeneralAndAdministrativeExpenses": 1121000000,
    "otherExpenses": 313000000,
    "operatingExpenses": 1790000000,
    "costAndExpenses": 9231000000,
    "interestIncome": 43000000,
    "interestExpense": 112000000,
    "depreciationAndAmortization": 614000000,
    "ebitda": 2240000000,
    "ebitdaratio": 0.2106252938,
    "operatingIncome": 1404000000,
    "operatingIncomeRatio": 0.1320169252,
    "totalOtherIncomeExpensesNet": 114000000,
    "incomeBeforeTax": 1518000000,
    "incomeBeforeTaxRatio": 0.1427362482,
    "incomeTaxExpense": 425000000,
    "netIncome": 1092000000,
    "netIncomeRatio": 0.1026798307,
    "eps": 2,
    "epsdiluted": 1.98,
    "weightedAverageShsOut": 546800000,
    "weightedAverageShsOutDil": 551100000,
    "link": "https://www.sec.gov/Archives/edgar/data/18230/000001823020000155/0000018230-20-000155-index.htm",
    "finalLink": "https://www.sec.gov/Archives/edgar/data/18230/000001823020000155/cat10q3312020.htm"
  },
  {
    "date": "2019-12-31",
    "symbol": "CAT",
    "reportedCurrency": "USD",
    "cik": "0000018230",
    "fillingDate": "2020-02-19",
    "acceptedDate": "2020-02-19 14:12:34",
    "calendarYear": "2019",
    "period": "Q4",
    "revenue": 13144000000,
    "costOfRevenue": 9300000000,
    "grossProfit": 3844000000,
    "grossProfitRatio": 0.2924528302,
    "researchAndDevelopmentExpenses": 386000000,
    "generalAndAdministrativeExpenses": 0,
    "sellingAndMarketingExpenses": 0,
    "sellingGeneralAndAdministrativeExpenses": 1283000000,
    "otherExpenses": 325000000,
    "operatingExpenses": 1994000000,
    "costAndExpenses": 11294000000,
    "interestIncome": 46000000,
    "interestExpense": 111000000,
    "depreciationAndAmortization": 644000000,
    "ebitda": 2121000000,
    "ebitdaratio": 0.1613664029,
    "operatingIncome": 1850000000,
    "operatingIncomeRatio": 0.1407486306,
    "totalOtherIncomeExpensesNet": -477000000,
    "incomeBeforeTax": 1373000000,
    "incomeBeforeTaxRatio": 0.104458308,
    "incomeTaxExpense": 276000000,
    "netIncome": 1098000000,
    "netIncomeRatio": 0.0835362142,
    "eps": 2,
    "epsdiluted": 1.97,
    "weightedAverageShsOut": 550300000,
    "weightedAverageShsOutDil": 556100000,
    "link": "https://www.sec.gov/Archives/edgar/data/18230/000001823020000056/0000018230-20-000056-index.htm",
    "finalLink": "https://www.sec.gov/Archives/edgar/data/18230/000001823020000056/cat10-k12312019.htm"
  },
  {
    "date": "2019-09-30",
    "symbol": "CAT",
    "reportedCurrency": "USD",
    "cik": "0000018230",
    "fillingDate": "2019-10-31",
    "acceptedDate": "2019-10-31 10:52:48",
    "calendarYear": "2019",
    "period": "Q3",
    "revenue": 12758000000,
    "costOfRevenue": 8758000000,
    "grossProfit": 4000000000,
    "grossProfitRatio": 0.3135287663,
    "researchAndDevelopmentExpenses": 431000000,
    "generalAndAdministrativeExpenses": 0,
    "sellingAndMarketingExpenses": 0,
    "sellingGeneralAndAdministrativeExpenses": 1251000000,
    "otherExpenses": 298000000,
    "operatingExpenses": 1980000000,
    "costAndExpenses": 10738000000,
    "interestIncome": 50000000,
    "interestExpense": 101000000,
    "depreciationAndAmortization": 645000000,
    "ebitda": 2753000000,
    "ebitdaratio": 0.2157861734,
    "operatingIncome": 2020000000,
    "operatingIncomeRatio": 0.158332027,
    "totalOtherIncomeExpensesNet": -8000000,
    "incomeBeforeTax": 2012000000,
    "incomeBeforeTaxRatio": 0.1577049694,
    "incomeTaxExpense": 518000000,
    "netIncome": 1494000000,
    "netIncomeRatio": 0.1171029942,
    "eps": 2.69,
    "epsdiluted": 2.66,
    "weightedAverageShsOut": 556300000,
    "weightedAverageShsOutDil": 561200000,
    "link": "https://www.sec.gov/Archives/edgar/data/18230/000001823019000281/0000018230-19-000281-index.htm",
    "finalLink": "https://www.sec.gov/Archives/edgar/data/18230/000001823019000281/cat10q9302019.htm"
  },
  {
    "date": "2019-06-30",
    "symbol": "CAT",
    "reportedCurrency": "USD",
    "cik": "0000018230",
    "fillingDate": "2019-08-01",
    "acceptedDate": "2019-08-01 11:04:05",
    "calendarYear": "2019",
    "period": "Q2",
    "revenue": 14432000000,
    "costOfRevenue": 10133000000,
    "grossProfit": 4299000000,
    "grossProfitRatio": 0.2978797118,
    "researchAndDevelopmentExpenses": 441000000,
    "generalAndAdministrativeExpenses": 0,
    "sellingAndMarketingExpenses": 0,
    "sellingGeneralAndAdministrativeExpenses": 1309000000,
    "otherExpenses": 336000000,
    "operatingExpenses": 2086000000,
    "costAndExpenses": 12219000000,
    "interestIncome": 54000000,
    "interestExpense": 103000000,
    "depreciationAndAmortization": 647000000,
    "ebitda": 2928000000,
    "ebitdaratio": 0.2028824834,
    "operatingIncome": 2213000000,
    "operatingIncomeRatio": 0.1533398004,
    "totalOtherIncomeExpensesNet": -29000000,
    "incomeBeforeTax": 2184000000,
    "incomeBeforeTaxRatio": 0.1513303769,
    "incomeTaxExpense": 565000000,
    "netIncome": 1620000000,
    "netIncomeRatio": 0.1122505543,
    "eps": 2.85,
    "epsdiluted": 2.83,
    "weightedAverageShsOut": 567800000,
    "weightedAverageShsOutDil": 573100000,
    "link": "https://www.sec.gov/Archives/edgar/data/18230/000001823019000224/0000018230-19-000224-index.htm",
    "finalLink": "https://www.sec.gov/Archives/edgar/data/18230/000001823019000224/cat10q6302019.htm"
  },
  {
    "date": "2019-03-31",
    "symbol": "CAT",
    "reportedCurrency": "USD",
    "cik": "0000018230",
    "fillingDate": "2019-05-06",
    "acceptedDate": "2019-05-06 12:20:29",
    "calendarYear": "2019",
    "period": "Q1",
    "revenue": 13466000000,
    "costOfRevenue": 9193000000,
    "grossProfit": 4273000000,
    "grossProfitRatio": 0.317317689,
    "researchAndDevelopmentExpenses": 435000000,
    "generalAndAdministrativeExpenses": 0,
    "sellingAndMarketingExpenses": 0,
    "sellingGeneralAndAdministrativeExpenses": 1319000000,
    "otherExpenses": 312000000,
    "operatingExpenses": 2066000000,
    "costAndExpenses": 11259000000,
    "interestIncome": 52000000,
    "interestExpense": 102000000,
    "depreciationAndAmortization": 641000000,
    "ebitda": 3008000000,
    "ebitdaratio": 0.2233773949,
    "operatingIncome": 2207000000,
    "operatingIncomeRatio": 0.1638942522,
    "totalOtherIncomeExpensesNet": 64000000,
    "incomeBeforeTax": 2271000000,
    "incomeBeforeTaxRatio": 0.1686469627,
    "incomeTaxExpense": 387000000,
    "netIncome": 1881000000,
    "netIncomeRatio": 0.1396851329,
    "eps": 3.29,
    "epsdiluted": 3.25,
    "weightedAverageShsOut": 572400000,
    "weightedAverageShsOutDil": 578800000,
    "link": "https://www.sec.gov/Archives/edgar/data/18230/000001823019000153/0000018230-19-000153-index.htm",
    "finalLink": "https://www.sec.gov/Archives/edgar/data/18230/000001823019000153/cat_10qx3312019.htm"
  },
  {
    "date": "2018-12-31",
    "symbol": "CAT",
    "reportedCurrency": "USD",
    "cik": "0000018230",
    "fillingDate": "2019-02-14",
    "acceptedDate": "2019-02-14 13:25:13",
    "calendarYear": "2018",
    "period": "Q4",
    "revenue": 14342000000,
    "costOfRevenue": 10176000000,
    "grossProfit": 4166000000,
    "grossProfitRatio": 0.2904755264,
    "researchAndDevelopmentExpenses": 466000000,
    "generalAndAdministrativeExpenses": 0,
    "sellingAndMarketingExpenses": 0,
    "sellingGeneralAndAdministrativeExpenses": 1463000000,
    "otherExpenses": 354000000,
    "operatingExpenses": 2283000000,
    "costAndExpenses": 12459000000,
    "interestIncome": 56000000,
    "interestExpense": 98000000,
    "depreciationAndAmortization": 701000000,
    "ebitda": 2167000000,
    "ebitdaratio": 0.1510946869,
    "operatingIncome": 1883000000,
    "operatingIncomeRatio": 0.1312927067,
    "totalOtherIncomeExpensesNet": -513000000,
    "incomeBeforeTax": 1370000000,
    "incomeBeforeTaxRatio": 0.0955236369,
    "incomeTaxExpense": 321000000,
    "netIncome": 1048000000,
    "netIncomeRatio": 0.0730720959,
    "eps": 1.8,
    "epsdiluted": 1.78,
    "weightedAverageShsOut": 581400000,
    "weightedAverageShsOutDil": 587600000,
    "link": "https://www.sec.gov/Archives/edgar/data/18230/000001823019000034/0000018230-19-000034-index.htm",
    "finalLink": "https://www.sec.gov/Archives/edgar/data/18230/000001823019000034/cat_10-kx12312018.htm"
  },
  {
    "date": "2018-09-30",
    "symbol": "CAT",
    "reportedCurrency": "USD",
    "cik": "0000018230",
    "fillingDate": "2018-10-31",
    "acceptedDate": "2018-10-31 12:14:01",
    "calendarYear": "2018",
    "period": "Q3",
    "revenue": 13510000000,
    "costOfRevenue": 9207000000,
    "grossProfit": 4303000000,
    "grossProfitRatio": 0.3185048113,
    "researchAndDevelopmentExpenses": 479000000,
    "generalAndAdministrativeExpenses": 0,
    "sellingAndMarketingExpenses": 0,
    "sellingGeneralAndAdministrativeExpenses": 1299000000,
    "otherExpenses": 390000000,
    "operatingExpenses": 2168000000,
    "costAndExpenses": 11375000000,
    "interestIncome": 59000000,
    "interestExpense": 102000000,
    "depreciationAndAmortization": 698000000,
    "ebitda": 2935000000,
    "ebitdaratio": 0.2172464841,
    "operatingIncome": 2135000000,
    "operatingIncomeRatio": 0.1580310881,
    "totalOtherIncomeExpensesNet": 7000000,
    "incomeBeforeTax": 2142000000,
    "incomeBeforeTaxRatio": 0.1585492228,
    "incomeTaxExpense": 415000000,
    "netIncome": 1727000000,
    "netIncomeRatio": 0.1278312361,
    "eps": 2.92,
    "epsdiluted": 2.88,
    "weightedAverageShsOut": 592100000,
    "weightedAverageShsOutDil": 599400000,
    "link": "https://www.sec.gov/Archives/edgar/data/18230/000001823018000293/0000018230-18-000293-index.htm",
    "finalLink": "https://www.sec.gov/Archives/edgar/data/18230/000001823018000293/cat_10qx9302018.htm"
  },
  {
    "date": "2018-06-30",
    "symbol": "CAT",
    "reportedCurrency": "USD",
    "cik": "0000018230",
    "fillingDate": "2018-08-07",
    "acceptedDate": "2018-08-07 12:17:48",
    "calendarYear": "2018",
    "period": "Q2",
    "revenue": 14011000000,
    "costOfRevenue": 9604000000,
    "grossProfit": 4407000000,
    "grossProfitRatio": 0.3145385768,
    "researchAndDevelopmentExpenses": 462000000,
    "generalAndAdministrativeExpenses": 0,
    "sellingAndMarketingExpenses": 0,
    "sellingGeneralAndAdministrativeExpenses": 1440000000,
    "otherExpenses": 338000000,
    "operatingExpenses": 2240000000,
    "costAndExpenses": 11844000000,
    "interestIncome": 45000000,
    "interestExpense": 100000000,
    "depreciationAndAmortization": 686000000,
    "ebitda": 2974000000,
    "ebitdaratio": 0.2122617943,
    "operatingIncome": 2167000000,
    "operatingIncomeRatio": 0.1546641924,
    "totalOtherIncomeExpensesNet": 28000000,
    "incomeBeforeTax": 2195000000,
    "incomeBeforeTaxRatio": 0.1566626222,
    "incomeTaxExpense": 490000000,
    "netIncome": 1707000000,
    "netIncomeRatio": 0.1218328456,
    "eps": 2.86,
    "epsdiluted": 2.82,
    "weightedAverageShsOut": 596200000,
    "weightedAverageShsOutDil": 604200000,
    "link": "https://www.sec.gov/Archives/edgar/data/18230/000001823018000229/0000018230-18-000229-index.htm",
    "finalLink": "https://www.sec.gov/Archives/edgar/data/18230/000001823018000229/cat_10qx6302018.htm"
  },
  {
    "date": "2018-03-31",
    "symbol": "CAT",
    "reportedCurrency": "USD",
    "cik": "0000018230",
    "fillingDate": "2018-05-02",
    "acceptedDate": "2018-05-02 11:32:39",
    "calendarYear": "2018",
    "period": "Q1",
    "revenue": 12859000000,
    "costOfRevenue": 8732000000,
    "grossProfit": 4127000000,
    "grossProfitRatio": 0.3209425305,
    "researchAndDevelopmentExpenses": 443000000,
    "generalAndAdministrativeExpenses": 0,
    "sellingAndMarketingExpenses": 0,
    "sellingGeneralAndAdministrativeExpenses": 1276000000,
    "otherExpenses": 300000000,
    "operatingExpenses": 2019000000,
    "costAndExpenses": 10751000000,
    "interestIncome": 36000000,
    "interestExpense": 101000000,
    "depreciationAndAmortization": 681000000,
    "ebitda": 2916000000,
    "ebitdaratio": 0.2267672447,
    "operatingIncome": 2108000000,
    "operatingIncomeRatio": 0.1639318765,
    "totalOtherIncomeExpensesNet": 31000000,
    "incomeBeforeTax": 2139000000,
    "incomeBeforeTaxRatio": 0.1663426394,
    "incomeTaxExpense": 472000000,
    "netIncome": 1665000000,
    "netIncomeRatio": 0.1294812971,
    "eps": 2.78,
    "epsdiluted": 2.74,
    "weightedAverageShsOut": 598000000,
    "weightedAverageShsOutDil": 608000000,
    "link": "https://www.sec.gov/Archives/edgar/data/18230/000001823018000136/0000018230-18-000136-index.htm",
    "finalLink": "https://www.sec.gov/Archives/edgar/data/18230/000001823018000136/cat_10qx3312018.htm"
  },
  {
    "date": "2017-12-31",
    "symbol": "CAT",
    "reportedCurrency": "USD",
    "cik": "0000018230",
    "fillingDate": "2018-02-15",
    "acceptedDate": "2018-02-15 12:14:45",
    "calendarYear": "2017",
    "period": "Q4",
    "revenue": 12896000000,
    "costOfRevenue": 9051000000,
    "grossProfit": 3845000000,
    "grossProfitRatio": 0.2981544665,
    "researchAndDevelopmentExpenses": 579000000,
    "generalAndAdministrativeExpenses": 0,
    "sellingAndMarketingExpenses": 0,
    "sellingGeneralAndAdministrativeExpenses": 1606000000,
    "otherExpenses": 499000000,
    "operatingExpenses": 2684000000,
    "costAndExpenses": 11735000000,
    "interestIncome": 36000000,
    "interestExpense": 165000000,
    "depreciationAndAmortization": 724000000,
    "ebitda": 2004000000,
    "ebitdaratio": 0.1553970223,
    "operatingIncome": 1161000000,
    "operatingIncomeRatio": 0.0900279156,
    "totalOtherIncomeExpensesNet": -42000000,
    "incomeBeforeTax": 1119000000,
    "incomeBeforeTaxRatio": 0.0867710918,
    "incomeTaxExpense": 2418000000,
    "netIncome": -1299000000,
    "netIncomeRatio": -0.1007289082,
    "eps": -2.18,
    "epsdiluted": -2.18,
    "weightedAverageShsOut": 596400000,
    "weightedAverageShsOutDil": 596400000,
    "link": "https://www.sec.gov/Archives/edgar/data/18230/000001823018000042/0000018230-18-000042-index.htm",
    "finalLink": "https://www.sec.gov/Archives/edgar/data/18230/000001823018000042/cat_10-kx12312017.htm"
  },
  {
    "date": "2017-09-30",
    "symbol": "CAT",
    "reportedCurrency": "USD",
    "cik": "0000018230",
    "fillingDate": "2017-11-01",
    "acceptedDate": "2017-11-01 11:52:07",
    "calendarYear": "2017",
    "period": "Q3",
    "revenue": 11413000000,
    "costOfRevenue": 7841000000,
    "grossProfit": 3572000000,
    "grossProfitRatio": 0.3129764304,
    "researchAndDevelopmentExpenses": 461000000,
    "generalAndAdministrativeExpenses": 0,
    "sellingAndMarketingExpenses": 0,
    "sellingGeneralAndAdministrativeExpenses": 1254000000,
    "otherExpenses": 348000000,
    "operatingExpenses": 2063000000,
    "costAndExpenses": 9904000000,
    "interestIncome": 32000000,
    "interestExpense": 116000000,
    "depreciationAndAmortization": 723000000,
    "ebitda": 2364000000,
    "ebitdaratio": 0.2071322176,
    "operatingIncome": 1509000000,
    "operatingIncomeRatio": 0.1322176465,
    "totalOtherIncomeExpensesNet": 22000000,
    "incomeBeforeTax": 1531000000,
    "incomeBeforeTaxRatio": 0.1341452729,
    "incomeTaxExpense": 470000000,
    "netIncome": 1059000000,
    "netIncomeRatio": 0.0927889249,
    "eps": 1.79,
    "epsdiluted": 1.77,
    "weightedAverageShsOut": 592900000,
    "weightedAverageShsOutDil": 600100000,
    "link": "https://www.sec.gov/Archives/edgar/data/18230/000001823017000305/0000018230-17-000305-index.htm",
    "finalLink": "https://www.sec.gov/Archives/edgar/data/18230/000001823017000305/cat_10qx9302017.htm"
  },
  {
    "date": "2017-06-30",
    "symbol": "CAT",
    "reportedCurrency": "USD",
    "cik": "0000018230",
    "fillingDate": "2017-08-02",
    "acceptedDate": "2017-08-02 11:47:06",
    "calendarYear": "2017",
    "period": "Q2",
    "revenue": 11331000000,
    "costOfRevenue": 7978000000,
    "grossProfit": 3353000000,
    "grossProfitRatio": 0.2959138646,
    "researchAndDevelopmentExpenses": 458000000,
    "generalAndAdministrativeExpenses": 0,
    "sellingAndMarketingExpenses": 0,
    "sellingGeneralAndAdministrativeExpenses": 1304000000,
    "otherExpenses": 407000000,
    "operatingExpenses": 2169000000,
    "costAndExpenses": 10147000000,
    "interestIncome": 32000000,
    "interestExpense": 120000000,
    "depreciationAndAmortization": 720000000,
    "ebitda": 2000000000,
    "ebitdaratio": 0.1765069279,
    "operatingIncome": 1184000000,
    "operatingIncomeRatio": 0.1044921013,
    "totalOtherIncomeExpensesNet": -20000000,
    "incomeBeforeTax": 1164000000,
    "incomeBeforeTaxRatio": 0.102727032,
    "incomeTaxExpense": 361000000,
    "netIncome": 802000000,
    "netIncomeRatio": 0.0707792781,
    "eps": 1.36,
    "epsdiluted": 1.35,
    "weightedAverageShsOut": 590200000,
    "weightedAverageShsOutDil": 595400000,
    "link": "https://www.sec.gov/Archives/edgar/data/18230/000001823017000245/0000018230-17-000245-index.htm",
    "finalLink": "https://www.sec.gov/Archives/edgar/data/18230/000001823017000245/cat_10qx6302017.htm"
  },
  {
    "date": "2017-03-31",
    "symbol": "CAT",
    "reportedCurrency": "USD",
    "cik": "0000018230",
    "fillingDate": "2017-05-03",
    "acceptedDate": "2017-05-03 11:43:09",
    "calendarYear": "2017",
    "period": "Q1",
    "revenue": 9822000000,
    "costOfRevenue": 6960000000,
    "grossProfit": 2862000000,
    "grossProfitRatio": 0.291386683,
    "researchAndDevelopmentExpenses": 425000000,
    "generalAndAdministrativeExpenses": 0,
    "sellingAndMarketingExpenses": 0,
    "sellingGeneralAndAdministrativeExpenses": 1061000000,
    "otherExpenses": 996000000,
    "operatingExpenses": 2482000000,
    "costAndExpenses": 9442000000,
    "interestIncome": 0,
    "interestExpense": 121000000,
    "depreciationAndAmortization": 710000000,
    "ebitda": 1122000000,
    "ebitdaratio": 0.1142333537,
    "operatingIncome": 380000000,
    "operatingIncomeRatio": 0.0386886581,
    "totalOtherIncomeExpensesNet": -96000000,
    "incomeBeforeTax": 284000000,
    "incomeBeforeTaxRatio": 0.0289146813,
    "incomeTaxExpense": 90000000,
    "netIncome": 192000000,
    "netIncomeRatio": 0.0195479536,
    "eps": 0.33,
    "epsdiluted": 0.32,
    "weightedAverageShsOut": 587500000,
    "weightedAverageShsOutDil": 593200000,
    "link": "https://www.sec.gov/Archives/edgar/data/18230/000001823017000145/0000018230-17-000145-index.htm",
    "finalLink": "https://www.sec.gov/Archives/edgar/data/18230/000001823017000145/cat_10qx3312017.htm"
  },
  {
    "date": "2016-12-31",
    "symbol": "CAT",
    "reportedCurrency": "USD",
    "cik": "0000018230",
    "fillingDate": "2017-02-15",
    "acceptedDate": "2017-02-15 13:45:35",
    "calendarYear": "2016",
    "period": "Q4",
    "revenue": 9574000000,
    "costOfRevenue": 7690000000,
    "grossProfit": 1884000000,
    "grossProfitRatio": 0.1967829538,
    "researchAndDevelopmentExpenses": 522000000,
    "generalAndAdministrativeExpenses": 0,
    "sellingAndMarketingExpenses": 0,
    "sellingGeneralAndAdministrativeExpenses": 1483000000,
    "otherExpenses": 1141000000,
    "operatingExpenses": 3146000000,
    "costAndExpenses": 10836000000,
    "interestIncome": 0,
    "interestExpense": 119000000,
    "depreciationAndAmortization": 779000000,
    "ebitda": -449000000,
    "ebitdaratio": -0.0468978483,
    "operatingIncome": -1262000000,
    "operatingIncomeRatio": -0.1318153332,
    "totalOtherIncomeExpensesNet": -85000000,
    "incomeBeforeTax": -1347000000,
    "incomeBeforeTaxRatio": -0.140693545,
    "incomeTaxExpense": -180000000,
    "netIncome": -1171000000,
    "netIncomeRatio": -0.1223104241,
    "eps": -2,
    "epsdiluted": -2,
    "weightedAverageShsOut": 585785570,
    "weightedAverageShsOutDil": 585800000,
    "link": "https://www.sec.gov/Archives/edgar/data/18230/000001823017000041/0000018230-17-000041-index.htm",
    "finalLink": "https://www.sec.gov/Archives/edgar/data/18230/000001823017000041/cat_10-kx12312016.htm"
  },
  {
    "date": "2016-09-30",
    "symbol": "CAT",
    "reportedCurrency": "USD",
    "cik": "0000018230",
    "fillingDate": "2016-11-02",
    "acceptedDate": "2016-11-02 11:50:59",
    "calendarYear": "2016",
    "period": "Q3",
    "revenue": 9160000000,
    "costOfRevenue": 6674000000,
    "grossProfit": 2486000000,
    "grossProfitRatio": 0.2713973799,
    "researchAndDevelopmentExpenses": 453000000,
    "generalAndAdministrativeExpenses": 0,
    "sellingAndMarketingExpenses": 0,
    "sellingGeneralAndAdministrativeExpenses": 992000000,
    "otherExpenses": 560000000,
    "operatingExpenses": 2005000000,
    "costAndExpenses": 8679000000,
    "interestIncome": 0,
    "interestExpense": 124000000,
    "depreciationAndAmortization": 761000000,
    "ebitda": 1270000000,
    "ebitdaratio": 0.1386462882,
    "operatingIncome": 481000000,
    "operatingIncomeRatio": 0.052510917,
    "totalOtherIncomeExpensesNet": -102000000,
    "incomeBeforeTax": 379000000,
    "incomeBeforeTaxRatio": 0.0413755459,
    "incomeTaxExpense": 96000000,
    "netIncome": 283000000,
    "netIncomeRatio": 0.0308951965,
    "eps": 0.48,
    "epsdiluted": 0.48,
    "weightedAverageShsOut": 584700000,
    "weightedAverageShsOutDil": 589600000,
    "link": "https://www.sec.gov/Archives/edgar/data/18230/000001823016000715/0000018230-16-000715-index.htm",
    "finalLink": "https://www.sec.gov/Archives/edgar/data/18230/000001823016000715/cat_10qx9302016.htm"
  },
  {
    "date": "2016-06-30",
    "symbol": "CAT",
    "reportedCurrency": "USD",
    "cik": "0000018230",
    "fillingDate": "2016-08-03",
    "acceptedDate": "2016-08-03 11:46:53",
    "calendarYear": "2016",
    "period": "Q2",
    "revenue": 10342000000,
    "costOfRevenue": 7567000000,
    "grossProfit": 2775000000,
    "grossProfitRatio": 0.2683233417,
    "researchAndDevelopmentExpenses": 468000000,
    "generalAndAdministrativeExpenses": 0,
    "sellingAndMarketingExpenses": 0,
    "sellingGeneralAndAdministrativeExpenses": 1123000000,
    "otherExpenses": 399000000,
    "operatingExpenses": 1990000000,
    "costAndExpenses": 9557000000,
    "interestIncome": 0,
    "interestExpense": 130000000,
    "depreciationAndAmortization": 754000000,
    "ebitda": 1623000000,
    "ebitdaratio": 0.156932895,
    "operatingIncome": 785000000,
    "operatingIncomeRatio": 0.0759040804,
    "totalOtherIncomeExpensesNet": -48000000,
    "incomeBeforeTax": 737000000,
    "incomeBeforeTaxRatio": 0.0712628118,
    "incomeTaxExpense": 184000000,
    "netIncome": 550000000,
    "netIncomeRatio": 0.0531812029,
    "eps": 0.94,
    "epsdiluted": 0.93,
    "weightedAverageShsOut": 584100000,
    "weightedAverageShsOutDil": 588600000,
    "link": "https://www.sec.gov/Archives/edgar/data/18230/000001823016000630/0000018230-16-000630-index.htm",
    "finalLink": "https://www.sec.gov/Archives/edgar/data/18230/000001823016000630/cat_10qx6302016.htm"
  },
  {
    "date": "2016-03-31",
    "symbol": "CAT",
    "reportedCurrency": "USD",
    "cik": "0000018230",
    "fillingDate": "2016-05-02",
    "acceptedDate": "2016-05-02 12:06:30",
    "calendarYear": "2016",
    "period": "Q1",
    "revenue": 9461000000,
    "costOfRevenue": 6974000000,
    "grossProfit": 2487000000,
    "grossProfitRatio": 0.2628686185,
    "researchAndDevelopmentExpenses": 508000000,
    "generalAndAdministrativeExpenses": 0,
    "sellingAndMarketingExpenses": 0,
    "sellingGeneralAndAdministrativeExpenses": 1088000000,
    "otherExpenses": 397000000,
    "operatingExpenses": 1993000000,
    "costAndExpenses": 8967000000,
    "interestIncome": 0,
    "interestExpense": 129000000,
    "depreciationAndAmortization": 740000000,
    "ebitda": 1234000000,
    "ebitdaratio": 0.1304301871,
    "operatingIncome": 494000000,
    "operatingIncomeRatio": 0.0522143537,
    "totalOtherIncomeExpensesNet": -130000000,
    "incomeBeforeTax": 364000000,
    "incomeBeforeTaxRatio": 0.0384737343,
    "incomeTaxExpense": 92000000,
    "netIncome": 271000000,
    "netIncomeRatio": 0.0286439066,
    "eps": 0.46,
    "epsdiluted": 0.46,
    "weightedAverageShsOut": 582800000,
    "weightedAverageShsOutDil": 587700000,
    "link": "https://www.sec.gov/Archives/edgar/data/18230/000001823016000512/0000018230-16-000512-index.htm",
    "finalLink": "https://www.sec.gov/Archives/edgar/data/18230/000001823016000512/cat_10qx3312016.htm"
  },
  {
    "date": "2015-12-31",
    "symbol": "CAT",
    "reportedCurrency": "USD",
    "cik": "0000018230",
    "fillingDate": "2016-02-16",
    "acceptedDate": "2016-02-16 11:20:14",
    "calendarYear": "2015",
    "period": "Q4",
    "revenue": 11030000000,
    "costOfRevenue": 8330000000,
    "grossProfit": 2700000000,
    "grossProfitRatio": 0.2447869447,
    "researchAndDevelopmentExpenses": 553000000,
    "generalAndAdministrativeExpenses": 0,
    "sellingAndMarketingExpenses": 0,
    "sellingGeneralAndAdministrativeExpenses": 1267000000,
    "otherExpenses": 994000000,
    "operatingExpenses": 2814000000,
    "costAndExpenses": 11144000000,
    "interestIncome": 0,
    "interestExpense": 126000000,
    "depreciationAndAmortization": 774000000,
    "ebitda": 690000000,
    "ebitdaratio": 0.0625566636,
    "operatingIncome": -114000000,
    "operatingIncomeRatio": -0.0103354488,
    "totalOtherIncomeExpensesNet": -97000000,
    "incomeBeforeTax": -211000000,
    "incomeBeforeTaxRatio": -0.0191296464,
    "incomeTaxExpense": -128000000,
    "netIncome": -87000000,
    "netIncomeRatio": -0.0078875793,
    "eps": -0.15,
    "epsdiluted": -0.15,
    "weightedAverageShsOut": 582300000,
    "weightedAverageShsOutDil": 582300000,
    "link": "https://www.sec.gov/Archives/edgar/data/18230/000001823016000410/0000018230-16-000410-index.htm",
    "finalLink": "https://www.sec.gov/Archives/edgar/data/18230/000001823016000410/cat_10-kx12312015.htm"
  },
  {
    "date": "2015-09-30",
    "symbol": "CAT",
    "reportedCurrency": "USD",
    "cik": "0000018230",
    "fillingDate": "2015-10-30",
    "acceptedDate": "2015-10-30 11:33:45",
    "calendarYear": "2015",
    "period": "Q3",
    "revenue": 10962000000,
    "costOfRevenue": 8014000000,
    "grossProfit": 2948000000,
    "grossProfitRatio": 0.2689290275,
    "researchAndDevelopmentExpenses": 513000000,
    "generalAndAdministrativeExpenses": 0,
    "sellingAndMarketingExpenses": 0,
    "sellingGeneralAndAdministrativeExpenses": 1129000000,
    "otherExpenses": 381000000,
    "operatingExpenses": 2023000000,
    "costAndExpenses": 10037000000,
    "interestIncome": 0,
    "interestExpense": 127000000,
    "depreciationAndAmortization": 758000000,
    "ebitda": 1668000000,
    "ebitdaratio": 0.1521620142,
    "operatingIncome": 925000000,
    "operatingIncomeRatio": 0.084382412,
    "totalOtherIncomeExpensesNet": -145000000,
    "incomeBeforeTax": 780000000,
    "incomeBeforeTaxRatio": 0.0711548987,
    "incomeTaxExpense": 218000000,
    "netIncome": 559000000,
    "netIncomeRatio": 0.0509943441,
    "eps": 0.63,
    "epsdiluted": 0.62,
    "weightedAverageShsOut": 588400000,
    "weightedAverageShsOutDil": 594800000,
    "link": "https://www.sec.gov/Archives/edgar/data/18230/000001823015000324/0000018230-15-000324-index.htm",
    "finalLink": "https://www.sec.gov/Archives/edgar/data/18230/000001823015000324/cat_10qx9302015.htm"
  },
  {
    "date": "2015-06-30",
    "symbol": "CAT",
    "reportedCurrency": "USD",
    "cik": "0000018230",
    "fillingDate": "2015-07-31",
    "acceptedDate": "2015-07-31 11:44:10",
    "calendarYear": "2015",
    "period": "Q2",
    "revenue": 12317000000,
    "costOfRevenue": 8822000000,
    "grossProfit": 3495000000,
    "grossProfitRatio": 0.2837541609,
    "researchAndDevelopmentExpenses": 510000000,
    "generalAndAdministrativeExpenses": 0,
    "sellingAndMarketingExpenses": 0,
    "sellingGeneralAndAdministrativeExpenses": 1318000000,
    "otherExpenses": 334000000,
    "operatingExpenses": 2162000000,
    "costAndExpenses": 10984000000,
    "interestIncome": 0,
    "interestExpense": 125000000,
    "depreciationAndAmortization": 761000000,
    "ebitda": 2022000000,
    "ebitdaratio": 0.1641633515,
    "operatingIncome": 1333000000,
    "operatingIncomeRatio": 0.1082244053,
    "totalOtherIncomeExpensesNet": -195000000,
    "incomeBeforeTax": 1138000000,
    "incomeBeforeTaxRatio": 0.0923926281,
    "incomeTaxExpense": 335000000,
    "netIncome": 802000000,
    "netIncomeRatio": 0.0651132581,
    "eps": 1.18,
    "epsdiluted": 1.16,
    "weightedAverageShsOut": 603200000,
    "weightedAverageShsOutDil": 610700000,
    "link": "https://www.sec.gov/Archives/edgar/data/18230/000001823015000266/0000018230-15-000266-index.htm",
    "finalLink": "https://www.sec.gov/Archives/edgar/data/18230/000001823015000266/cat_10qx6302015.htm"
  },
  {
    "date": "2015-03-31",
    "symbol": "CAT",
    "reportedCurrency": "USD",
    "cik": "0000018230",
    "fillingDate": "2015-05-01",
    "acceptedDate": "2015-05-01 16:29:27",
    "calendarYear": "2015",
    "period": "Q1",
    "revenue": 12702000000,
    "costOfRevenue": 8910000000,
    "grossProfit": 3792000000,
    "grossProfitRatio": 0.2985356637,
    "researchAndDevelopmentExpenses": 524000000,
    "generalAndAdministrativeExpenses": 0,
    "sellingAndMarketingExpenses": 0,
    "sellingGeneralAndAdministrativeExpenses": 1249000000,
    "otherExpenses": 317000000,
    "operatingExpenses": 2090000000,
    "costAndExpenses": 11000000000,
    "interestIncome": 0,
    "interestExpense": 129000000,
    "depreciationAndAmortization": 753000000,
    "ebitda": 2649000000,
    "ebitdaratio": 0.2085498347,
    "operatingIncome": 1702000000,
    "operatingIncomeRatio": 0.1339946465,
    "totalOtherIncomeExpensesNet": 67000000,
    "incomeBeforeTax": 1769000000,
    "incomeBeforeTaxRatio": 0.1392694064,
    "incomeTaxExpense": 521000000,
    "netIncome": 1245000000,
    "netIncomeRatio": 0.0980160605,
    "eps": 1.84,
    "epsdiluted": 1.81,
    "weightedAverageShsOut": 604900000,
    "weightedAverageShsOutDil": 612700000,
    "link": "https://www.sec.gov/Archives/edgar/data/18230/000001823015000161/0000018230-15-000161-index.htm",
    "finalLink": "https://www.sec.gov/Archives/edgar/data/18230/000001823015000161/cat_10qx3312015.htm"
  },
  {
    "date": "2014-12-31",
    "symbol": "CAT",
    "reportedCurrency": "USD",
    "cik": "0000018230",
    "fillingDate": "2015-02-17",
    "acceptedDate": "2015-02-17 17:15:52",
    "calendarYear": "2014",
    "period": "Q4",
    "revenue": 14244000000,
    "costOfRevenue": 10653000000,
    "grossProfit": 3591000000,
    "grossProfitRatio": 0.25210615,
    "researchAndDevelopmentExpenses": 578000000,
    "generalAndAdministrativeExpenses": 0,
    "sellingAndMarketingExpenses": 0,
    "sellingGeneralAndAdministrativeExpenses": 1522000000,
    "otherExpenses": 428000000,
    "operatingExpenses": 2528000000,
    "costAndExpenses": 13181000000,
    "interestIncome": 0,
    "interestExpense": 126000000,
    "depreciationAndAmortization": 795000000,
    "ebitda": 1861000000,
    "ebitdaratio": 0.1306515024,
    "operatingIncome": 1063000000,
    "operatingIncomeRatio": 0.0746279135,
    "totalOtherIncomeExpensesNet": -121000000,
    "incomeBeforeTax": 942000000,
    "incomeBeforeTaxRatio": 0.0661331087,
    "incomeTaxExpense": 179000000,
    "netIncome": 757000000,
    "netIncomeRatio": 0.0531451839,
    "eps": 1.25,
    "epsdiluted": 1.23,
    "weightedAverageShsOut": 605800000,
    "weightedAverageShsOutDil": 616000000,
    "link": "https://www.sec.gov/Archives/edgar/data/18230/000001823015000061/0000018230-15-000061-index.htm",
    "finalLink": "https://www.sec.gov/Archives/edgar/data/18230/000001823015000061/cat_10-kx12312014.htm"
  },
  {
    "date": "2014-09-30",
    "symbol": "CAT",
    "reportedCurrency": "USD",
    "cik": "0000018230",
    "fillingDate": "2014-10-31",
    "acceptedDate": "2014-10-31 09:02:00",
    "calendarYear": "2014",
    "period": "Q3",
    "revenue": 13549000000,
    "costOfRevenue": 9791000000,
    "grossProfit": 3758000000,
    "grossProfitRatio": 0.2773636431,
    "researchAndDevelopmentExpenses": 533000000,
    "generalAndAdministrativeExpenses": 0,
    "sellingAndMarketingExpenses": 0,
    "sellingGeneralAndAdministrativeExpenses": 1446000000,
    "otherExpenses": 387000000,
    "operatingExpenses": 2366000000,
    "costAndExpenses": 12157000000,
    "interestIncome": 0,
    "interestExpense": 128000000,
    "depreciationAndAmortization": 798000000,
    "ebitda": 2307000000,
    "ebitdaratio": 0.1702708687,
    "operatingIncome": 1392000000,
    "operatingIncomeRatio": 0.1027382095,
    "totalOtherIncomeExpensesNet": -7000000,
    "incomeBeforeTax": 1385000000,
    "incomeBeforeTaxRatio": 0.1022215662,
    "incomeTaxExpense": 364000000,
    "netIncome": 1017000000,
    "netIncomeRatio": 0.0750608901,
    "eps": 1.66,
    "epsdiluted": 1.63,
    "weightedAverageShsOut": 611500000,
    "weightedAverageShsOutDil": 622800000,
    "link": "https://www.sec.gov/Archives/edgar/data/18230/000001823014000386/0000018230-14-000386-index.htm",
    "finalLink": "https://www.sec.gov/Archives/edgar/data/18230/000001823014000386/cat_10qx9302014.htm"
  },
  {
    "date": "2014-06-30",
    "symbol": "CAT",
    "reportedCurrency": "USD",
    "cik": "0000018230",
    "fillingDate": "2014-08-01",
    "acceptedDate": "2014-08-01 11:34:22",
    "calendarYear": "2014",
    "period": "Q2",
    "revenue": 14150000000,
    "costOfRevenue": 10350000000,
    "grossProfit": 3800000000,
    "grossProfitRatio": 0.2685512367,
    "researchAndDevelopmentExpenses": 516000000,
    "generalAndAdministrativeExpenses": 0,
    "sellingAndMarketingExpenses": 0,
    "sellingGeneralAndAdministrativeExpenses": 1437000000,
    "otherExpenses": 372000000,
    "operatingExpenses": 2325000000,
    "costAndExpenses": 12675000000,
    "interestIncome": 0,
    "interestExpense": 120000000,
    "depreciationAndAmortization": 789000000,
    "ebitda": 2329000000,
    "ebitdaratio": 0.1645936396,
    "operatingIncome": 1475000000,
    "operatingIncomeRatio": 0.1042402827,
    "totalOtherIncomeExpensesNet": -54000000,
    "incomeBeforeTax": 1421000000,
    "incomeBeforeTaxRatio": 0.1004240283,
    "incomeTaxExpense": 419000000,
    "netIncome": 999000000,
    "netIncomeRatio": 0.0706007067,
    "eps": 1.6,
    "epsdiluted": 1.57,
    "weightedAverageShsOut": 626300000,
    "weightedAverageShsOutDil": 638300000,
    "link": "https://www.sec.gov/Archives/edgar/data/18230/000001823014000285/0000018230-14-000285-index.htm",
    "finalLink": "https://www.sec.gov/Archives/edgar/data/18230/000001823014000285/cat_10qx6302014.htm"
  },
  {
    "date": "2014-03-31",
    "symbol": "CAT",
    "reportedCurrency": "USD",
    "cik": "0000018230",
    "fillingDate": "2014-05-02",
    "acceptedDate": "2014-05-02 16:38:13",
    "calendarYear": "2014",
    "period": "Q1",
    "revenue": 13241000000,
    "costOfRevenue": 9597000000,
    "grossProfit": 3644000000,
    "grossProfitRatio": 0.2752058002,
    "researchAndDevelopmentExpenses": 508000000,
    "generalAndAdministrativeExpenses": 0,
    "sellingAndMarketingExpenses": 0,
    "sellingGeneralAndAdministrativeExpenses": 1292000000,
    "otherExpenses": 446000000,
    "operatingExpenses": 2246000000,
    "costAndExpenses": 11843000000,
    "interestIncome": 0,
    "interestExpense": 110000000,
    "depreciationAndAmortization": 781000000,
    "ebitda": 2233000000,
    "ebitdaratio": 0.1686428517,
    "operatingIncome": 1398000000,
    "operatingIncomeRatio": 0.1055811495,
    "totalOtherIncomeExpensesNet": -55000000,
    "incomeBeforeTax": 1343000000,
    "incomeBeforeTaxRatio": 0.1014273846,
    "incomeTaxExpense": 418000000,
    "netIncome": 922000000,
    "netIncomeRatio": 0.069632203,
    "eps": 1.47,
    "epsdiluted": 1.44,
    "weightedAverageShsOut": 626700000,
    "weightedAverageShsOutDil": 639300000,
    "link": "https://www.sec.gov/Archives/edgar/data/18230/000001823014000177/0000018230-14-000177-index.htm",
    "finalLink": "https://www.sec.gov/Archives/edgar/data/18230/000001823014000177/cat_10qx3312014.htm"
  },
  {
    "date": "2013-12-31",
    "symbol": "CAT",
    "reportedCurrency": "USD",
    "cik": "0000018230",
    "fillingDate": "2014-02-18",
    "acceptedDate": "2014-02-18 14:25:26",
    "calendarYear": "2013",
    "period": "Q4",
    "revenue": 14402000000,
    "costOfRevenue": 10716000000,
    "grossProfit": 3686000000,
    "grossProfitRatio": 0.2559366755,
    "researchAndDevelopmentExpenses": 467000000,
    "generalAndAdministrativeExpenses": 0,
    "sellingAndMarketingExpenses": 0,
    "sellingGeneralAndAdministrativeExpenses": 1417000000,
    "otherExpenses": 350000000,
    "operatingExpenses": 2234000000,
    "costAndExpenses": 12950000000,
    "interestIncome": 0,
    "interestExpense": 109000000,
    "depreciationAndAmortization": 824000000,
    "ebitda": 2320000000,
    "ebitdaratio": 0.1610887377,
    "operatingIncome": 1452000000,
    "operatingIncomeRatio": 0.1008193306,
    "totalOtherIncomeExpensesNet": -70000000,
    "incomeBeforeTax": 1382000000,
    "incomeBeforeTaxRatio": 0.0959588946,
    "incomeTaxExpense": 376000000,
    "netIncome": 1003000000,
    "netIncomeRatio": 0.0696431051,
    "eps": 1.57,
    "epsdiluted": 1.54,
    "weightedAverageShsOut": 637000000,
    "weightedAverageShsOutDil": 649600000,
    "link": "https://www.sec.gov/Archives/edgar/data/18230/000001823014000058/0000018230-14-000058-index.htm",
    "finalLink": "https://www.sec.gov/Archives/edgar/data/18230/000001823014000058/cat_10-kx12312013.htm"
  },
  {
    "date": "2013-09-30",
    "symbol": "CAT",
    "reportedCurrency": "USD",
    "cik": "0000018230",
    "fillingDate": "2013-11-01",
    "acceptedDate": "2013-11-01 16:12:29",
    "calendarYear": "2013",
    "period": "Q3",
    "revenue": 13423000000,
    "costOfRevenue": 9952000000,
    "grossProfit": 3471000000,
    "grossProfitRatio": 0.2585860091,
    "researchAndDevelopmentExpenses": 469000000,
    "generalAndAdministrativeExpenses": 0,
    "sellingAndMarketingExpenses": 0,
    "sellingGeneralAndAdministrativeExpenses": 1319000000,
    "otherExpenses": 282000000,
    "operatingExpenses": 2070000000,
    "costAndExpenses": 12022000000,
    "interestIncome": 0,
    "interestExpense": 116000000,
    "depreciationAndAmortization": 779000000,
    "ebitda": 2156000000,
    "ebitdaratio": 0.1606198316,
    "operatingIncome": 1401000000,
    "operatingIncomeRatio": 0.104373091,
    "totalOtherIncomeExpensesNet": -141000000,
    "incomeBeforeTax": 1260000000,
    "incomeBeforeTaxRatio": 0.0938687328,
    "incomeTaxExpense": 310000000,
    "netIncome": 946000000,
    "netIncomeRatio": 0.0704760486,
    "eps": 1.48,
    "epsdiluted": 1.45,
    "weightedAverageShsOut": 639300000,
    "weightedAverageShsOutDil": 651900000,
    "link": "https://www.sec.gov/Archives/edgar/data/18230/000001823013000443/0000018230-13-000443-index.htm",
    "finalLink": "https://www.sec.gov/Archives/edgar/data/18230/000001823013000443/cat_10qx9302013.htm"
  },
  {
    "date": "2013-06-30",
    "symbol": "CAT",
    "reportedCurrency": "USD",
    "cik": "0000018230",
    "fillingDate": "2013-08-02",
    "acceptedDate": "2013-08-02 16:26:55",
    "calendarYear": "2013",
    "period": "Q2",
    "revenue": 14621000000,
    "costOfRevenue": 10958000000,
    "grossProfit": 3663000000,
    "grossProfitRatio": 0.2505300595,
    "researchAndDevelopmentExpenses": 548000000,
    "generalAndAdministrativeExpenses": 0,
    "sellingAndMarketingExpenses": 0,
    "sellingGeneralAndAdministrativeExpenses": 1421000000,
    "otherExpenses": 137000000,
    "operatingExpenses": 2106000000,
    "costAndExpenses": 13064000000,
    "interestIncome": 0,
    "interestExpense": 120000000,
    "depreciationAndAmortization": 761000000,
    "ebitda": 2234000000,
    "ebitdaratio": 0.1527939265,
    "operatingIncome": 1557000000,
    "operatingIncomeRatio": 0.1064906641,
    "totalOtherIncomeExpensesNet": -205000000,
    "incomeBeforeTax": 1352000000,
    "incomeBeforeTaxRatio": 0.0924697353,
    "incomeTaxExpense": 387000000,
    "netIncome": 960000000,
    "netIncomeRatio": 0.0656589837,
    "eps": 1.48,
    "epsdiluted": 1.45,
    "weightedAverageShsOut": 649900000,
    "weightedAverageShsOutDil": 662700000,
    "link": "https://www.sec.gov/Archives/edgar/data/18230/000001823013000363/0000018230-13-000363-index.htm",
    "finalLink": "https://www.sec.gov/Archives/edgar/data/18230/000001823013000363/cat_10qx6302013.htm"
  },
  {
    "date": "2013-03-31",
    "symbol": "CAT",
    "reportedCurrency": "USD",
    "cik": "0000018230",
    "fillingDate": "2013-05-02",
    "acceptedDate": "2013-05-02 13:30:00",
    "calendarYear": "2013",
    "period": "Q1",
    "revenue": 13210000000,
    "costOfRevenue": 9828000000,
    "grossProfit": 3382000000,
    "grossProfitRatio": 0.2560181681,
    "researchAndDevelopmentExpenses": 562000000,
    "generalAndAdministrativeExpenses": 0,
    "sellingAndMarketingExpenses": 0,
    "sellingGeneralAndAdministrativeExpenses": 1390000000,
    "otherExpenses": 212000000,
    "operatingExpenses": 2164000000,
    "costAndExpenses": 11992000000,
    "interestIncome": 0,
    "interestExpense": 120000000,
    "depreciationAndAmortization": 723000000,
    "ebitda": 1970000000,
    "ebitdaratio": 0.1491294474,
    "operatingIncome": 1218000000,
    "operatingIncomeRatio": 0.0922028766,
    "totalOtherIncomeExpensesNet": -90000000,
    "incomeBeforeTax": 1128000000,
    "incomeBeforeTaxRatio": 0.0853898562,
    "incomeTaxExpense": 246000000,
    "netIncome": 880000000,
    "netIncomeRatio": 0.0666161998,
    "eps": 1.34,
    "epsdiluted": 1.31,
    "weightedAverageShsOut": 656200000,
    "weightedAverageShsOutDil": 671600000,
    "link": "https://www.sec.gov/Archives/edgar/data/18230/000001823013000239/0000018230-13-000239-index.htm",
    "finalLink": "https://www.sec.gov/Archives/edgar/data/18230/000001823013000239/cat_10qx3312013.htm"
  },
  {
    "date": "2012-12-31",
    "symbol": "CAT",
    "reportedCurrency": "USD",
    "cik": "0000018230",
    "fillingDate": "2013-02-19",
    "acceptedDate": "2013-02-19 12:26:30",
    "calendarYear": "2012",
    "period": "Q4",
    "revenue": 16075000000,
    "costOfRevenue": 12696000000,
    "grossProfit": 3379000000,
    "grossProfitRatio": 0.2102021773,
    "researchAndDevelopmentExpenses": 613000000,
    "generalAndAdministrativeExpenses": 0,
    "sellingAndMarketingExpenses": 0,
    "sellingGeneralAndAdministrativeExpenses": 1591000000,
    "otherExpenses": 137000000,
    "operatingExpenses": 2341000000,
    "costAndExpenses": 15037000000,
    "interestIncome": 55000000,
    "interestExpense": 115000000,
    "depreciationAndAmortization": 743000000,
    "ebitda": 1171000000,
    "ebitdaratio": 0.0728460342,
    "operatingIncome": 1038000000,
    "operatingIncomeRatio": 0.0645723173,
    "totalOtherIncomeExpensesNet": -124000000,
    "incomeBeforeTax": 914000000,
    "incomeBeforeTaxRatio": 0.0568584759,
    "incomeTaxExpense": 214000000,
    "netIncome": 697000000,
    "netIncomeRatio": 0.0433592535,
    "eps": 1.07,
    "epsdiluted": 1.04,
    "weightedAverageShsOut": 654400000,
    "weightedAverageShsOutDil": 669300000,
    "link": "https://www.sec.gov/Archives/edgar/data/18230/000001823013000075/0000018230-13-000075-index.htm",
    "finalLink": "https://www.sec.gov/Archives/edgar/data/18230/000001823013000075/cat_10-kx12312012.htm"
  },
  {
    "date": "2012-09-30",
    "symbol": "CAT",
    "reportedCurrency": "USD",
    "cik": "0000018230",
    "fillingDate": "2012-11-02",
    "acceptedDate": "2012-11-02 12:09:57",
    "calendarYear": "2012",
    "period": "Q3",
    "revenue": 16445000000,
    "costOfRevenue": 11836000000,
    "grossProfit": 4609000000,
    "grossProfitRatio": 0.2802675585,
    "researchAndDevelopmentExpenses": 634000000,
    "generalAndAdministrativeExpenses": 0,
    "sellingAndMarketingExpenses": 0,
    "sellingGeneralAndAdministrativeExpenses": 1471000000,
    "otherExpenses": -92000000,
    "operatingExpenses": 2013000000,
    "costAndExpenses": 13849000000,
    "interestIncome": 0,
    "interestExpense": 326000000,
    "depreciationAndAmortization": 720000000,
    "ebitda": 3299000000,
    "ebitdaratio": 0.2006080876,
    "operatingIncome": 2596000000,
    "operatingIncomeRatio": 0.1578595318,
    "totalOtherIncomeExpensesNet": -141000000,
    "incomeBeforeTax": 2455000000,
    "incomeBeforeTaxRatio": 0.1492854971,
    "incomeTaxExpense": 753000000,
    "netIncome": 1699000000,
    "netIncomeRatio": 0.1033140772,
    "eps": 2.6,
    "epsdiluted": 2.54,
    "weightedAverageShsOut": 653600000,
    "weightedAverageShsOutDil": 668700000,
    "link": "https://www.sec.gov/Archives/edgar/data/18230/000001823012000506/0000018230-12-000506-index.htm",
    "finalLink": "https://www.sec.gov/Archives/edgar/data/18230/000001823012000506/cat_10qx9302012.htm"
  },
  {
    "date": "2012-06-30",
    "symbol": "CAT",
    "reportedCurrency": "USD",
    "cik": "0000018230",
    "fillingDate": "2012-08-06",
    "acceptedDate": "2012-08-06 11:16:42",
    "calendarYear": "2012",
    "period": "Q2",
    "revenue": 17374000000,
    "costOfRevenue": 12478000000,
    "grossProfit": 4896000000,
    "grossProfitRatio": 0.2818003914,
    "researchAndDevelopmentExpenses": 632000000,
    "generalAndAdministrativeExpenses": 0,
    "sellingAndMarketingExpenses": 0,
    "sellingGeneralAndAdministrativeExpenses": 1517000000,
    "otherExpenses": 131000000,
    "operatingExpenses": 2280000000,
    "costAndExpenses": 14758000000,
    "interestIncome": 0,
    "interestExpense": 308000000,
    "depreciationAndAmortization": 689000000,
    "ebitda": 3375000000,
    "ebitdaratio": 0.1942557845,
    "operatingIncome": 2616000000,
    "operatingIncomeRatio": 0.150569817,
    "totalOtherIncomeExpensesNet": -35000000,
    "incomeBeforeTax": 2581000000,
    "incomeBeforeTaxRatio": 0.1485553125,
    "incomeTaxExpense": 872000000,
    "netIncome": 1699000000,
    "netIncomeRatio": 0.0977898009,
    "eps": 2.6,
    "epsdiluted": 2.54,
    "weightedAverageShsOut": 652900000,
    "weightedAverageShsOutDil": 669600000,
    "link": "https://www.sec.gov/Archives/edgar/data/18230/000001823012000409/0000018230-12-000409-index.htm",
    "finalLink": "https://www.sec.gov/Archives/edgar/data/18230/000001823012000409/cat_10qx6302012.htm"
  },
  {
    "date": "2012-03-31",
    "symbol": "CAT",
    "reportedCurrency": "USD",
    "cik": "0000018230",
    "fillingDate": "2012-05-07",
    "acceptedDate": "2012-05-07 10:58:41",
    "calendarYear": "2012",
    "period": "Q1",
    "revenue": 15981000000,
    "costOfRevenue": 11441000000,
    "grossProfit": 4540000000,
    "grossProfitRatio": 0.2840873537,
    "researchAndDevelopmentExpenses": 587000000,
    "generalAndAdministrativeExpenses": 0,
    "sellingAndMarketingExpenses": 0,
    "sellingGeneralAndAdministrativeExpenses": 1340000000,
    "otherExpenses": 290000000,
    "operatingExpenses": 2217000000,
    "costAndExpenses": 13658000000,
    "interestIncome": 0,
    "interestExpense": 317000000,
    "depreciationAndAmortization": 661000000,
    "ebitda": 3072000000,
    "ebitdaratio": 0.1922282711,
    "operatingIncome": 2323000000,
    "operatingIncomeRatio": 0.1453601151,
    "totalOtherIncomeExpensesNet": -23000000,
    "incomeBeforeTax": 2300000000,
    "incomeBeforeTaxRatio": 0.1439209061,
    "incomeTaxExpense": 689000000,
    "netIncome": 1586000000,
    "netIncomeRatio": 0.0992428509,
    "eps": 2.44,
    "epsdiluted": 2.37,
    "weightedAverageShsOut": 650000000,
    "weightedAverageShsOutDil": 670200000,
    "link": "https://www.sec.gov/Archives/edgar/data/18230/000001823012000280/0000018230-12-000280-index.htm",
    "finalLink": "https://www.sec.gov/Archives/edgar/data/18230/000001823012000280/cat_10qx3312012.htm"
  },
  {
    "date": "2011-12-31",
    "symbol": "CAT",
    "reportedCurrency": "USD",
    "cik": "0000018230",
    "fillingDate": "2012-02-21",
    "acceptedDate": "2012-02-21 15:49:01",
    "calendarYear": "2011",
    "period": "Q4",
    "revenue": 17243000000,
    "costOfRevenue": 12763000000,
    "grossProfit": 4480000000,
    "grossProfitRatio": 0.2598155773,
    "researchAndDevelopmentExpenses": 604000000,
    "generalAndAdministrativeExpenses": 0,
    "sellingAndMarketingExpenses": 0,
    "sellingGeneralAndAdministrativeExpenses": 1487000000,
    "otherExpenses": 429000000,
    "operatingExpenses": 2520000000,
    "costAndExpenses": 15283000000,
    "interestIncome": 0,
    "interestExpense": 310000000,
    "depreciationAndAmortization": 695000000,
    "ebitda": 2983000000,
    "ebitdaratio": 0.1729977382,
    "operatingIncome": 1960000000,
    "operatingIncomeRatio": 0.1136693151,
    "totalOtherIncomeExpensesNet": 18000000,
    "incomeBeforeTax": 1978000000,
    "incomeBeforeTaxRatio": 0.114713217,
    "incomeTaxExpense": 416000000,
    "netIncome": 1547000000,
    "netIncomeRatio": 0.0897175665,
    "eps": 2.38,
    "epsdiluted": 2.38,
    "weightedAverageShsOut": 647100000,
    "weightedAverageShsOutDil": 650000000,
    "link": "https://www.sec.gov/Archives/edgar/data/18230/000110465912011331/0001104659-12-011331-index.htm",
    "finalLink": "https://www.sec.gov/Archives/edgar/data/18230/000110465912011331/a12-2184_110k.htm"
  },
  {
    "date": "2011-09-30",
    "symbol": "CAT",
    "reportedCurrency": "USD",
    "cik": "0000018230",
    "fillingDate": "2011-11-04",
    "acceptedDate": "2011-11-04 12:29:49",
    "calendarYear": "2011",
    "period": "Q3",
    "revenue": 15716000000,
    "costOfRevenue": 11455000000,
    "grossProfit": 4261000000,
    "grossProfitRatio": 0.2711249682,
    "researchAndDevelopmentExpenses": 584000000,
    "generalAndAdministrativeExpenses": 0,
    "sellingAndMarketingExpenses": 0,
    "sellingGeneralAndAdministrativeExpenses": 1360000000,
    "otherExpenses": 558000000,
    "operatingExpenses": 2502000000,
    "costAndExpenses": 13957000000,
    "interestIncome": 0,
    "interestExpense": 323000000,
    "depreciationAndAmortization": 658000000,
    "ebitda": 2615000000,
    "ebitdaratio": 0.1663909392,
    "operatingIncome": 1759000000,
    "operatingIncomeRatio": 0.1119241537,
    "totalOtherIncomeExpensesNet": -131000000,
    "incomeBeforeTax": 1628000000,
    "incomeBeforeTaxRatio": 0.1035886994,
    "incomeTaxExpense": 474000000,
    "netIncome": 1141000000,
    "netIncomeRatio": 0.0726011708,
    "eps": 1.76,
    "epsdiluted": 1.71,
    "weightedAverageShsOut": 646600000,
    "weightedAverageShsOutDil": 666000000,
    "link": "https://www.sec.gov/Archives/edgar/data/18230/000110465911060986/0001104659-11-060986-index.htm",
    "finalLink": "https://www.sec.gov/Archives/edgar/data/18230/000110465911060986/a11-24831_110q.htm"
  },
  {
    "date": "2011-06-30",
    "symbol": "CAT",
    "reportedCurrency": "USD",
    "cik": "0000018230",
    "fillingDate": "2011-08-04",
    "acceptedDate": "2011-08-04 12:24:44",
    "calendarYear": "2011",
    "period": "Q2",
    "revenue": 14230000000,
    "costOfRevenue": 10303000000,
    "grossProfit": 3927000000,
    "grossProfitRatio": 0.2759662684,
    "researchAndDevelopmentExpenses": 584000000,
    "generalAndAdministrativeExpenses": 0,
    "sellingAndMarketingExpenses": 0,
    "sellingGeneralAndAdministrativeExpenses": 1257000000,
    "otherExpenses": 485000000,
    "operatingExpenses": 2326000000,
    "costAndExpenses": 12629000000,
    "interestIncome": 0,
    "interestExpense": 299000000,
    "depreciationAndAmortization": 599000000,
    "ebitda": 2248000000,
    "ebitdaratio": 0.1579761068,
    "operatingIncome": 1601000000,
    "operatingIncomeRatio": 0.1125087843,
    "totalOtherIncomeExpensesNet": -261000000,
    "incomeBeforeTax": 1340000000,
    "incomeBeforeTaxRatio": 0.0941672523,
    "incomeTaxExpense": 318000000,
    "netIncome": 1015000000,
    "netIncomeRatio": 0.0713281799,
    "eps": 1.57,
    "epsdiluted": 1.52,
    "weightedAverageShsOut": 645500000,
    "weightedAverageShsOutDil": 667200000,
    "link": "https://www.sec.gov/Archives/edgar/data/18230/000110465911043575/0001104659-11-043575-index.htm",
    "finalLink": "https://www.sec.gov/Archives/edgar/data/18230/000110465911043575/a11-14917_110q.htm"
  },
  {
    "date": "2011-03-31",
    "symbol": "CAT",
    "reportedCurrency": "USD",
    "cik": "0000018230",
    "fillingDate": "2011-05-09",
    "acceptedDate": "2011-05-09 16:51:12",
    "calendarYear": "2011",
    "period": "Q1",
    "revenue": 12949000000,
    "costOfRevenue": 9057000000,
    "grossProfit": 3892000000,
    "grossProfitRatio": 0.3005637501,
    "researchAndDevelopmentExpenses": 525000000,
    "generalAndAdministrativeExpenses": 0,
    "sellingAndMarketingExpenses": 0,
    "sellingGeneralAndAdministrativeExpenses": 1099000000,
    "otherExpenses": 435000000,
    "operatingExpenses": 2059000000,
    "costAndExpenses": 11116000000,
    "interestIncome": 0,
    "interestExpense": 290000000,
    "depreciationAndAmortization": 575000000,
    "ebitda": 2628000000,
    "ebitdaratio": 0.2029500348,
    "operatingIncome": 1833000000,
    "operatingIncomeRatio": 0.1415553325,
    "totalOtherIncomeExpensesNet": -78000000,
    "incomeBeforeTax": 1755000000,
    "incomeBeforeTaxRatio": 0.1355317013,
    "incomeTaxExpense": 512000000,
    "netIncome": 1225000000,
    "netIncomeRatio": 0.0946018998,
    "eps": 1.91,
    "epsdiluted": 1.84,
    "weightedAverageShsOut": 641400000,
    "weightedAverageShsOutDil": 664900000,
    "link": "https://www.sec.gov/Archives/edgar/data/18230/000110465911027403/0001104659-11-027403-index.htm",
    "finalLink": "https://www.sec.gov/Archives/edgar/data/18230/000110465911027403/a11-9229_110q.htm"
  },
  {
    "date": "2010-12-31",
    "symbol": "CAT",
    "reportedCurrency": "USD",
    "cik": "0000018230",
    "fillingDate": "2011-02-22",
    "acceptedDate": "2011-02-22 17:15:14",
    "calendarYear": "2010",
    "period": "Q4",
    "revenue": 12807000000,
    "costOfRevenue": 9349000000,
    "grossProfit": 3458000000,
    "grossProfitRatio": 0.2700085891,
    "researchAndDevelopmentExpenses": 543000000,
    "generalAndAdministrativeExpenses": 0,
    "sellingAndMarketingExpenses": 0,
    "sellingGeneralAndAdministrativeExpenses": 1109000000,
    "otherExpenses": 515000000,
    "operatingExpenses": 2167000000,
    "costAndExpenses": 11516000000,
    "interestIncome": 86000000,
    "interestExpense": 295000000,
    "depreciationAndAmortization": 615000000,
    "ebitda": 2142000000,
    "ebitdaratio": 0.1672522839,
    "operatingIncome": 1291000000,
    "operatingIncomeRatio": 0.1008042477,
    "totalOtherIncomeExpensesNet": -70000000,
    "incomeBeforeTax": 1221000000,
    "incomeBeforeTaxRatio": 0.0953384868,
    "incomeTaxExpense": 233000000,
    "netIncome": 968000000,
    "netIncomeRatio": 0.0755836652,
    "eps": 1.51,
    "epsdiluted": 1.51,
    "weightedAverageShsOut": 637200000,
    "weightedAverageShsOutDil": 641400000,
    "link": "https://www.sec.gov/Archives/edgar/data/18230/000110465911008938/0001104659-11-008938-index.htm",
    "finalLink": "https://www.sec.gov/Archives/edgar/data/18230/000110465911008938/a10-18643_110k.htm"
  },
  {
    "date": "2010-09-30",
    "symbol": "CAT",
    "reportedCurrency": "USD",
    "cik": "0000018230",
    "fillingDate": "2010-11-04",
    "acceptedDate": "2010-11-04 12:43:20",
    "calendarYear": "2010",
    "period": "Q3",
    "revenue": 11134000000,
    "costOfRevenue": 7752000000,
    "grossProfit": 3382000000,
    "grossProfitRatio": 0.3037542662,
    "researchAndDevelopmentExpenses": 510000000,
    "generalAndAdministrativeExpenses": 0,
    "sellingAndMarketingExpenses": 0,
    "sellingGeneralAndAdministrativeExpenses": 1148000000,
    "otherExpenses": 537000000,
    "operatingExpenses": 2195000000,
    "costAndExpenses": 9947000000,
    "interestIncome": 0,
    "interestExpense": 312000000,
    "depreciationAndAmortization": 565000000,
    "ebitda": 1980000000,
    "ebitdaratio": 0.1778336627,
    "operatingIncome": 1187000000,
    "operatingIncomeRatio": 0.1066103826,
    "totalOtherIncomeExpensesNet": -91000000,
    "incomeBeforeTax": 1096000000,
    "incomeBeforeTaxRatio": 0.0984372193,
    "incomeTaxExpense": 295000000,
    "netIncome": 792000000,
    "netIncomeRatio": 0.0711334651,
    "eps": 1.25,
    "epsdiluted": 1.22,
    "weightedAverageShsOut": 632600000,
    "weightedAverageShsOutDil": 651600000,
    "link": "https://www.sec.gov/Archives/edgar/data/18230/000110465910055930/0001104659-10-055930-index.htm",
    "finalLink": "https://www.sec.gov/Archives/edgar/data/18230/000110465910055930/a10-17894_110q.htm"
  },
  {
    "date": "2010-06-30",
    "symbol": "CAT",
    "reportedCurrency": "USD",
    "cik": "0000018230",
    "fillingDate": "2010-07-30",
    "acceptedDate": "2010-07-30 13:21:51",
    "calendarYear": "2010",
    "period": "Q2",
    "revenue": 10409000000,
    "costOfRevenue": 7372000000,
    "grossProfit": 3037000000,
    "grossProfitRatio": 0.2917667403,
    "researchAndDevelopmentExpenses": 450000000,
    "generalAndAdministrativeExpenses": 0,
    "sellingAndMarketingExpenses": 0,
    "sellingGeneralAndAdministrativeExpenses": 1059000000,
    "otherExpenses": 551000000,
    "operatingExpenses": 2060000000,
    "costAndExpenses": 9432000000,
    "interestIncome": 0,
    "interestExpense": 315000000,
    "depreciationAndAmortization": 562000000,
    "ebitda": 1823000000,
    "ebitdaratio": 0.1751369008,
    "operatingIncome": 977000000,
    "operatingIncomeRatio": 0.0938610818,
    "totalOtherIncomeExpensesNet": -35000000,
    "incomeBeforeTax": 942000000,
    "incomeBeforeTaxRatio": 0.090498607,
    "incomeTaxExpense": 209000000,
    "netIncome": 707000000,
    "netIncomeRatio": 0.0679219906,
    "eps": 1.12,
    "epsdiluted": 1.09,
    "weightedAverageShsOut": 629800000,
    "weightedAverageShsOutDil": 647000000,
    "link": "https://www.sec.gov/Archives/edgar/data/18230/000110465910040750/0001104659-10-040750-index.htm",
    "finalLink": "https://www.sec.gov/Archives/edgar/data/18230/000110465910040750/a10-13939_110q.htm"
  },
  {
    "date": "2010-03-31",
    "symbol": "CAT",
    "reportedCurrency": "USD",
    "cik": "0000018230",
    "fillingDate": "2010-05-03",
    "acceptedDate": "2010-05-03 15:44:49",
    "calendarYear": "2010",
    "period": "Q1",
    "revenue": 8238000000,
    "costOfRevenue": 5894000000,
    "grossProfit": 2344000000,
    "grossProfitRatio": 0.2845350813,
    "researchAndDevelopmentExpenses": 402000000,
    "generalAndAdministrativeExpenses": 0,
    "sellingAndMarketingExpenses": 0,
    "sellingGeneralAndAdministrativeExpenses": 932000000,
    "otherExpenses": 502000000,
    "operatingExpenses": 1836000000,
    "costAndExpenses": 7730000000,
    "interestIncome": 0,
    "interestExpense": 335000000,
    "depreciationAndAmortization": 554000000,
    "ebitda": 1358000000,
    "ebitdaratio": 0.1648458364,
    "operatingIncome": 508000000,
    "operatingIncomeRatio": 0.0616654528,
    "totalOtherIncomeExpensesNet": -41000000,
    "incomeBeforeTax": 467000000,
    "incomeBeforeTaxRatio": 0.0566885166,
    "incomeTaxExpense": 231000000,
    "netIncome": 233000000,
    "netIncomeRatio": 0.028283564,
    "eps": 0.37,
    "epsdiluted": 0.36,
    "weightedAverageShsOut": 626400000,
    "weightedAverageShsOutDil": 643500000,
    "link": "https://www.sec.gov/Archives/edgar/data/18230/000001823010000234/0000018230-10-000234-index.htm",
    "finalLink": "https://www.sec.gov/Archives/edgar/data/18230/000001823010000234/form10q_1q10.htm"
  },
  {
    "date": "2009-12-31",
    "symbol": "CAT",
    "reportedCurrency": "USD",
    "cik": "0000018230",
    "fillingDate": "2010-02-19",
    "acceptedDate": "2010-02-19 12:42:45",
    "calendarYear": "2009",
    "period": "Q4",
    "revenue": 7898000000,
    "costOfRevenue": 5852000000,
    "grossProfit": 2046000000,
    "grossProfitRatio": 0.2590529248,
    "researchAndDevelopmentExpenses": 355000000,
    "generalAndAdministrativeExpenses": 0,
    "sellingAndMarketingExpenses": 0,
    "sellingGeneralAndAdministrativeExpenses": 942000000,
    "otherExpenses": 621000000,
    "operatingExpenses": 1918000000,
    "costAndExpenses": 7770000000,
    "interestIncome": 10000000,
    "interestExpense": 326000000,
    "depreciationAndAmortization": 703000000,
    "ebitda": 1157000000,
    "ebitdaratio": 0.146492783,
    "operatingIncome": 128000000,
    "operatingIncomeRatio": 0.0162066346,
    "totalOtherIncomeExpensesNet": -13000000,
    "incomeBeforeTax": 115000000,
    "incomeBeforeTaxRatio": 0.0145606483,
    "incomeTaxExpense": -91000000,
    "netIncome": 232000000,
    "netIncomeRatio": 0.0293745252,
    "eps": 0.37,
    "epsdiluted": 0.37,
    "weightedAverageShsOut": 624500000,
    "weightedAverageShsOutDil": 626400000,
    "link": "https://www.sec.gov/Archives/edgar/data/18230/000001823010000092/0000018230-10-000092-index.htm",
    "finalLink": "https://www.sec.gov/Archives/edgar/data/18230/000001823010000092/form10k_2009.htm"
  },
  {
    "date": "2009-09-30",
    "symbol": "CAT",
    "reportedCurrency": "USD",
    "cik": "0000018230",
    "fillingDate": "2009-10-30",
    "acceptedDate": "2009-10-30 13:01:01",
    "calendarYear": "2009",
    "period": "Q3",
    "revenue": 7298000000,
    "costOfRevenue": 5255000000,
    "grossProfit": 2043000000,
    "grossProfitRatio": 0.2799397095,
    "researchAndDevelopmentExpenses": 327000000,
    "generalAndAdministrativeExpenses": 0,
    "sellingAndMarketingExpenses": 0,
    "sellingGeneralAndAdministrativeExpenses": 907000000,
    "otherExpenses": 532000000,
    "operatingExpenses": 1766000000,
    "costAndExpenses": 7021000000,
    "interestIncome": 0,
    "interestExpense": 347000000,
    "depreciationAndAmortization": 561000000,
    "ebitda": 1160000000,
    "ebitdaratio": 0.1589476569,
    "operatingIncome": 277000000,
    "operatingIncomeRatio": 0.0379556043,
    "totalOtherIncomeExpensesNet": -24000000,
    "incomeBeforeTax": 253000000,
    "incomeBeforeTaxRatio": 0.0346670321,
    "incomeTaxExpense": -139000000,
    "netIncome": 404000000,
    "netIncomeRatio": 0.0553576322,
    "eps": 0.65,
    "epsdiluted": 0.64,
    "weightedAverageShsOut": 622400000,
    "weightedAverageShsOutDil": 635500000,
    "link": "https://www.sec.gov/Archives/edgar/data/18230/000001823009000466/0000018230-09-000466-index.htm",
    "finalLink": "https://www.sec.gov/Archives/edgar/data/18230/000001823009000466/form10q_3q09.htm"
  },
  {
    "date": "2009-06-30",
    "symbol": "CAT",
    "reportedCurrency": "USD",
    "cik": "0000018230",
    "fillingDate": "2009-07-31",
    "acceptedDate": "2009-07-31 14:34:59",
    "calendarYear": "2009",
    "period": "Q2",
    "revenue": 7975000000,
    "costOfRevenue": 5752000000,
    "grossProfit": 2223000000,
    "grossProfitRatio": 0.2787460815,
    "researchAndDevelopmentExpenses": 351000000,
    "generalAndAdministrativeExpenses": 0,
    "sellingAndMarketingExpenses": 0,
    "sellingGeneralAndAdministrativeExpenses": 914000000,
    "otherExpenses": 611000000,
    "operatingExpenses": 1876000000,
    "costAndExpenses": 7628000000,
    "interestIncome": 0,
    "interestExpense": 381000000,
    "depreciationAndAmortization": 538000000,
    "ebitda": 1320000000,
    "ebitdaratio": 0.1655172414,
    "operatingIncome": 347000000,
    "operatingIncomeRatio": 0.0435109718,
    "totalOtherIncomeExpensesNet": 53000000,
    "incomeBeforeTax": 400000000,
    "incomeBeforeTaxRatio": 0.0501567398,
    "incomeTaxExpense": 40000000,
    "netIncome": 371000000,
    "netIncomeRatio": 0.0465203762,
    "eps": 0.61,
    "epsdiluted": 0.6,
    "weightedAverageShsOut": 611800000,
    "weightedAverageShsOutDil": 619800000,
    "link": "https://www.sec.gov/Archives/edgar/data/18230/000001823009000279/0000018230-09-000279-index.htm",
    "finalLink": "https://www.sec.gov/Archives/edgar/data/18230/000001823009000279/form10q_2q09.htm"
  },
  {
    "date": "2009-03-31",
    "symbol": "CAT",
    "reportedCurrency": "USD",
    "cik": "0000018230",
    "fillingDate": "2009-05-01",
    "acceptedDate": "2009-05-01 12:21:58",
    "calendarYear": "2009",
    "period": "Q1",
    "revenue": 9225000000,
    "costOfRevenue": 7027000000,
    "grossProfit": 2198000000,
    "grossProfitRatio": 0.2382655827,
    "researchAndDevelopmentExpenses": 388000000,
    "generalAndAdministrativeExpenses": 0,
    "sellingAndMarketingExpenses": 0,
    "sellingGeneralAndAdministrativeExpenses": 882000000,
    "otherExpenses": 1103000000,
    "operatingExpenses": 2373000000,
    "costAndExpenses": 9400000000,
    "interestIncome": 0,
    "interestExpense": 380000000,
    "depreciationAndAmortization": 534000000,
    "ebitda": 702000000,
    "ebitdaratio": 0.076097561,
    "operatingIncome": -175000000,
    "operatingIncomeRatio": -0.0189701897,
    "totalOtherIncomeExpensesNet": -36000000,
    "incomeBeforeTax": -211000000,
    "incomeBeforeTaxRatio": -0.0228726287,
    "incomeTaxExpense": -80000000,
    "netIncome": -112000000,
    "netIncomeRatio": -0.0121409214,
    "eps": -0.19,
    "epsdiluted": -0.19,
    "weightedAverageShsOut": 602100000,
    "weightedAverageShsOutDil": 602100000,
    "link": "https://www.sec.gov/Archives/edgar/data/18230/000001823009000175/0000018230-09-000175-index.htm",
    "finalLink": "https://www.sec.gov/Archives/edgar/data/18230/000001823009000175/form10q_1q09.htm"
  },
  {
    "date": "2008-12-31",
    "symbol": "CAT",
    "reportedCurrency": "USD",
    "cik": "0000018230",
    "fillingDate": "2009-02-20",
    "acceptedDate": "2009-02-20 14:49:22",
    "calendarYear": "2008",
    "period": "Q4",
    "revenue": 12923000000,
    "costOfRevenue": 10066000000,
    "grossProfit": 2857000000,
    "grossProfitRatio": 0.2210786969,
    "researchAndDevelopmentExpenses": 507000000,
    "generalAndAdministrativeExpenses": 0,
    "sellingAndMarketingExpenses": 0,
    "sellingGeneralAndAdministrativeExpenses": 413000000,
    "otherExpenses": 1480000000,
    "operatingExpenses": 2400000000,
    "costAndExpenses": 12466000000,
    "interestIncome": 0,
    "interestExpense": 0,
    "depreciationAndAmortization": 527000000,
    "ebitda": 2436000000,
    "ebitdaratio": 0.188501122,
    "operatingIncome": 457000000,
    "operatingIncomeRatio": 0.0353633057,
    "totalOtherIncomeExpensesNet": -92000000,
    "incomeBeforeTax": 365000000,
    "incomeBeforeTaxRatio": 0.0282442157,
    "incomeTaxExpense": -296000000,
    "netIncome": 661000000,
    "netIncomeRatio": 0.051149114,
    "eps": 1.1,
    "epsdiluted": 1.1,
    "weightedAverageShsOut": 602100000,
    "weightedAverageShsOutDil": 602100000,
    "link": "https://www.sec.gov/Archives/edgar/data/18230/000001823009000063/0000018230-09-000063-index.htm",
    "finalLink": "https://www.sec.gov/Archives/edgar/data/18230/000001823009000063/form10k_2008.htm"
  },
  {
    "date": "2008-09-30",
    "symbol": "CAT",
    "reportedCurrency": "USD",
    "cik": "0000018230",
    "fillingDate": "2008-10-31",
    "acceptedDate": "2008-10-31 11:20:26",
    "calendarYear": "2008",
    "period": "Q3",
    "revenue": 12981000000,
    "costOfRevenue": 9704000000,
    "grossProfit": 3277000000,
    "grossProfitRatio": 0.2524458824,
    "researchAndDevelopmentExpenses": 437000000,
    "generalAndAdministrativeExpenses": 0,
    "sellingAndMarketingExpenses": 0,
    "sellingGeneralAndAdministrativeExpenses": 1061000000,
    "otherExpenses": 606000000,
    "operatingExpenses": 2104000000,
    "costAndExpenses": 11808000000,
    "interestIncome": 0,
    "interestExpense": 291000000,
    "depreciationAndAmortization": 501000000,
    "ebitda": 2111000000,
    "ebitdaratio": 0.1626222941,
    "operatingIncome": 1173000000,
    "operatingIncomeRatio": 0.090362838,
    "totalOtherIncomeExpensesNet": 98000000,
    "incomeBeforeTax": 1271000000,
    "incomeBeforeTaxRatio": 0.0979123334,
    "incomeTaxExpense": 395000000,
    "netIncome": 868000000,
    "netIncomeRatio": 0.0668669594,
    "eps": 1.43,
    "epsdiluted": 1.39,
    "weightedAverageShsOut": 607000000,
    "weightedAverageShsOutDil": 624800000,
    "link": "https://www.sec.gov/Archives/edgar/data/18230/000001823008000375/0000018230-08-000375-index.htm",
    "finalLink": "https://www.sec.gov/Archives/edgar/data/18230/000001823008000375/form10q_3q08.htm"
  },
  {
    "date": "2008-06-30",
    "symbol": "CAT",
    "reportedCurrency": "USD",
    "cik": "0000018230",
    "fillingDate": "2008-08-01",
    "acceptedDate": "2008-08-01 11:08:01",
    "calendarYear": "2008",
    "period": "Q2",
    "revenue": 13624000000,
    "costOfRevenue": 10036000000,
    "grossProfit": 3588000000,
    "grossProfitRatio": 0.2633587786,
    "researchAndDevelopmentExpenses": 415000000,
    "generalAndAdministrativeExpenses": 0,
    "sellingAndMarketingExpenses": 0,
    "sellingGeneralAndAdministrativeExpenses": 1074000000,
    "otherExpenses": 574000000,
    "operatingExpenses": 2063000000,
    "costAndExpenses": 12099000000,
    "interestIncome": 0,
    "interestExpense": 279000000,
    "depreciationAndAmortization": 480000000,
    "ebitda": 2367000000,
    "ebitdaratio": 0.173737522,
    "operatingIncome": 1525000000,
    "operatingIncomeRatio": 0.1119348209,
    "totalOtherIncomeExpensesNet": 23000000,
    "incomeBeforeTax": 1548000000,
    "incomeBeforeTaxRatio": 0.1136230182,
    "incomeTaxExpense": 434000000,
    "netIncome": 1106000000,
    "netIncomeRatio": 0.0811802701,
    "eps": 1.8,
    "epsdiluted": 1.74,
    "weightedAverageShsOut": 614300000,
    "weightedAverageShsOutDil": 635500000,
    "link": "https://www.sec.gov/Archives/edgar/data/18230/000001823008000275/0000018230-08-000275-index.htm",
    "finalLink": "https://www.sec.gov/Archives/edgar/data/18230/000001823008000275/form10q_2q08.htm"
  },
  {
    "date": "2008-03-31",
    "symbol": "CAT",
    "reportedCurrency": "USD",
    "cik": "0000018230",
    "fillingDate": "2008-05-02",
    "acceptedDate": "2008-05-02 13:51:15",
    "calendarYear": "2008",
    "period": "Q1",
    "revenue": 11796000000,
    "costOfRevenue": 8609000000,
    "grossProfit": 3187000000,
    "grossProfitRatio": 0.270176331,
    "researchAndDevelopmentExpenses": 369000000,
    "generalAndAdministrativeExpenses": 0,
    "sellingAndMarketingExpenses": 0,
    "sellingGeneralAndAdministrativeExpenses": 959000000,
    "otherExpenses": 566000000,
    "operatingExpenses": 1894000000,
    "costAndExpenses": 10503000000,
    "interestIncome": 0,
    "interestExpense": 284000000,
    "depreciationAndAmortization": 472000000,
    "ebitda": 2171000000,
    "ebitdaratio": 0.1840454391,
    "operatingIncome": 1293000000,
    "operatingIncomeRatio": 0.1096134283,
    "totalOtherIncomeExpensesNet": 59000000,
    "incomeBeforeTax": 1352000000,
    "incomeBeforeTaxRatio": 0.1146151238,
    "incomeTaxExpense": 420000000,
    "netIncome": 922000000,
    "netIncomeRatio": 0.0781620888,
    "eps": 1.49,
    "epsdiluted": 1.45,
    "weightedAverageShsOut": 617500000,
    "weightedAverageShsOutDil": 637900000,
    "link": "https://www.sec.gov/Archives/edgar/data/18230/000001823008000187/0000018230-08-000187-index.htm",
    "finalLink": "https://www.sec.gov/Archives/edgar/data/18230/000001823008000187/form10q_1q08.htm"
  },
  {
    "date": "2007-12-31",
    "symbol": "CAT",
    "reportedCurrency": "USD",
    "cik": "0000018230",
    "fillingDate": "2008-02-22",
    "acceptedDate": "2008-02-22 13:39:59",
    "calendarYear": "2007",
    "period": "Q4",
    "revenue": 12144000000,
    "costOfRevenue": 8920000000,
    "grossProfit": 3224000000,
    "grossProfitRatio": 0.2654808959,
    "researchAndDevelopmentExpenses": 357000000,
    "generalAndAdministrativeExpenses": 0,
    "sellingAndMarketingExpenses": 0,
    "sellingGeneralAndAdministrativeExpenses": 265000000,
    "otherExpenses": 1347000000,
    "operatingExpenses": 1969000000,
    "costAndExpenses": 10889000000,
    "interestIncome": 0,
    "interestExpense": 0,
    "depreciationAndAmortization": 496000000,
    "ebitda": 3203000000,
    "ebitdaratio": 0.2637516469,
    "operatingIncome": 1255000000,
    "operatingIncomeRatio": 0.1033432148,
    "totalOtherIncomeExpensesNet": 50000000,
    "incomeBeforeTax": 1305000000,
    "incomeBeforeTaxRatio": 0.1074604743,
    "incomeTaxExpense": 330000000,
    "netIncome": 975000000,
    "netIncomeRatio": 0.0802865613,
    "eps": 1.58,
    "epsdiluted": 1.58,
    "weightedAverageShsOut": 617500000,
    "weightedAverageShsOutDil": 617500000,
    "link": "https://www.sec.gov/Archives/edgar/data/18230/000001823008000052/0000018230-08-000052-index.htm",
    "finalLink": "https://www.sec.gov/Archives/edgar/data/18230/000001823008000052/form10k_2007.htm"
  },
  {
    "date": "2007-09-30",
    "symbol": "CAT",
    "reportedCurrency": "USD",
    "cik": "0000018230",
    "fillingDate": "2007-11-01",
    "acceptedDate": "2007-11-01 11:34:25",
    "calendarYear": "2007",
    "period": "Q3",
    "revenue": 11442000000,
    "costOfRevenue": 8270000000,
    "grossProfit": 3172000000,
    "grossProfitRatio": 0.2772242615,
    "researchAndDevelopmentExpenses": 357000000,
    "generalAndAdministrativeExpenses": 0,
    "sellingAndMarketingExpenses": 0,
    "sellingGeneralAndAdministrativeExpenses": 1213000000,
    "otherExpenses": 289000000,
    "operatingExpenses": 1859000000,
    "costAndExpenses": 10129000000,
    "interestIncome": 0,
    "interestExpense": 289000000,
    "depreciationAndAmortization": 452000000,
    "ebitda": 1765000000,
    "ebitdaratio": 0.1542562489,
    "operatingIncome": 1313000000,
    "operatingIncomeRatio": 0.1147526656,
    "totalOtherIncomeExpensesNet": 9000000,
    "incomeBeforeTax": 1322000000,
    "incomeBeforeTaxRatio": 0.1155392414,
    "incomeTaxExpense": 395000000,
    "netIncome": 927000000,
    "netIncomeRatio": 0.0810173047,
    "eps": 1.45,
    "epsdiluted": 1.4,
    "weightedAverageShsOut": 638300000,
    "weightedAverageShsOutDil": 660000000,
    "link": "https://www.sec.gov/Archives/edgar/data/18230/000001823007000489/0000018230-07-000489-index.htm",
    "finalLink": "https://www.sec.gov/Archives/edgar/data/18230/000001823007000489/form10q_3q07.htm"
  },
  {
    "date": "2007-06-30",
    "symbol": "CAT",
    "reportedCurrency": "USD",
    "cik": "0000018230",
    "fillingDate": "2007-08-02",
    "acceptedDate": "2007-08-02 11:09:49",
    "calendarYear": "2007",
    "period": "Q2",
    "revenue": 11356000000,
    "costOfRevenue": 8579000000,
    "grossProfit": 2777000000,
    "grossProfitRatio": 0.2445403311,
    "researchAndDevelopmentExpenses": 350000000,
    "generalAndAdministrativeExpenses": 0,
    "sellingAndMarketingExpenses": 0,
    "sellingGeneralAndAdministrativeExpenses": 968000000,
    "otherExpenses": 246000000,
    "operatingExpenses": 1564000000,
    "costAndExpenses": 10143000000,
    "interestIncome": 0,
    "interestExpense": 279000000,
    "depreciationAndAmortization": 437000000,
    "ebitda": 1650000000,
    "ebitdaratio": 0.14529764,
    "operatingIncome": 1213000000,
    "operatingIncomeRatio": 0.1068157802,
    "totalOtherIncomeExpensesNet": -5000000,
    "incomeBeforeTax": 1208000000,
    "incomeBeforeTaxRatio": 0.1063754843,
    "incomeTaxExpense": 385000000,
    "netIncome": 823000000,
    "netIncomeRatio": 0.0724727017,
    "eps": 1.28,
    "epsdiluted": 1.24,
    "weightedAverageShsOut": 640500000,
    "weightedAverageShsOutDil": 662800000,
    "link": "https://www.sec.gov/Archives/edgar/data/18230/000001823007000415/0000018230-07-000415-index.htm",
    "finalLink": "https://www.sec.gov/Archives/edgar/data/18230/000001823007000415/form10q_2q07.htm"
  },
  {
    "date": "2007-03-31",
    "symbol": "CAT",
    "reportedCurrency": "USD",
    "cik": "0000018230",
    "fillingDate": "2007-05-03",
    "acceptedDate": "2007-05-03 10:05:53",
    "calendarYear": "2007",
    "period": "Q1",
    "revenue": 10016000000,
    "costOfRevenue": 7407000000,
    "grossProfit": 2609000000,
    "grossProfitRatio": 0.2604832268,
    "researchAndDevelopmentExpenses": 340000000,
    "generalAndAdministrativeExpenses": 0,
    "sellingAndMarketingExpenses": 0,
    "sellingGeneralAndAdministrativeExpenses": 890000000,
    "otherExpenses": 239000000,
    "operatingExpenses": 1469000000,
    "costAndExpenses": 8876000000,
    "interestIncome": 0,
    "interestExpense": 271000000,
    "depreciationAndAmortization": 412000000,
    "ebitda": 1552000000,
    "ebitdaratio": 0.1549520767,
    "operatingIncome": 1140000000,
    "operatingIncomeRatio": 0.1138178914,
    "totalOtherIncomeExpensesNet": 51000000,
    "incomeBeforeTax": 1191000000,
    "incomeBeforeTaxRatio": 0.1189097444,
    "incomeTaxExpense": 375000000,
    "netIncome": 816000000,
    "netIncomeRatio": 0.0814696486,
    "eps": 1.27,
    "epsdiluted": 1.23,
    "weightedAverageShsOut": 643900000,
    "weightedAverageShsOutDil": 665200000,
    "link": "https://www.sec.gov/Archives/edgar/data/18230/000001823007000304/0000018230-07-000304-index.htm",
    "finalLink": "https://www.sec.gov/Archives/edgar/data/18230/000001823007000304/form10q_1q07.htm"
  },
  {
    "date": "2006-12-31",
    "symbol": "CAT",
    "reportedCurrency": "USD",
    "cik": "0000018230",
    "fillingDate": "2007-02-23",
    "acceptedDate": "2007-02-23 14:07:22",
    "calendarYear": "2006",
    "period": "Q4",
    "revenue": 11003000000,
    "costOfRevenue": 7971000000,
    "grossProfit": 3032000000,
    "grossProfitRatio": 0.2755612106,
    "researchAndDevelopmentExpenses": 368000000,
    "generalAndAdministrativeExpenses": 0,
    "sellingAndMarketingExpenses": 0,
    "sellingGeneralAndAdministrativeExpenses": 278000000,
    "otherExpenses": 1240000000,
    "operatingExpenses": 1886000000,
    "costAndExpenses": 9857000000,
    "interestIncome": 0,
    "interestExpense": 0,
    "depreciationAndAmortization": 382000000,
    "ebitda": 2765000000,
    "ebitdaratio": 0.2512951013,
    "operatingIncome": 1146000000,
    "operatingIncomeRatio": 0.1041534127,
    "totalOtherIncomeExpensesNet": -12000000,
    "incomeBeforeTax": 1134000000,
    "incomeBeforeTaxRatio": 0.1030628011,
    "incomeTaxExpense": 252000000,
    "netIncome": 882000000,
    "netIncomeRatio": 0.0801599564,
    "eps": 1.37,
    "epsdiluted": 1.37,
    "weightedAverageShsOut": 643900000,
    "weightedAverageShsOutDil": 643900000,
    "link": "https://www.sec.gov/Archives/edgar/data/18230/000001823007000053/0000018230-07-000053-index.htm",
    "finalLink": "https://www.sec.gov/Archives/edgar/data/18230/000001823007000053/form10k_2006.htm"
  },
  {
    "date": "2006-09-30",
    "symbol": "CAT",
    "reportedCurrency": "USD",
    "cik": "0000018230",
    "fillingDate": "2006-11-02",
    "acceptedDate": "2006-11-02 14:18:54",
    "calendarYear": "2006",
    "period": "Q3",
    "revenue": 10517000000,
    "costOfRevenue": 7610000000,
    "grossProfit": 2907000000,
    "grossProfitRatio": 0.2764096225,
    "researchAndDevelopmentExpenses": 329000000,
    "generalAndAdministrativeExpenses": 0,
    "sellingAndMarketingExpenses": 0,
    "sellingGeneralAndAdministrativeExpenses": 1234000000,
    "otherExpenses": 266000000,
    "operatingExpenses": 1829000000,
    "costAndExpenses": 9439000000,
    "interestIncome": 0,
    "interestExpense": 266000000,
    "depreciationAndAmortization": 418000000,
    "ebitda": 1496000000,
    "ebitdaratio": 0.1422458876,
    "operatingIncome": 1078000000,
    "operatingIncomeRatio": 0.1025007131,
    "totalOtherIncomeExpensesNet": 25000000,
    "incomeBeforeTax": 1103000000,
    "incomeBeforeTaxRatio": 0.1048778169,
    "incomeTaxExpense": 334000000,
    "netIncome": 769000000,
    "netIncomeRatio": 0.0731197109,
    "eps": 1.18,
    "epsdiluted": 1.14,
    "weightedAverageShsOut": 653200000,
    "weightedAverageShsOutDil": 677200000,
    "link": "https://www.sec.gov/Archives/edgar/data/18230/000001823006000458/0000018230-06-000458-index.htm",
    "finalLink": "https://www.sec.gov/Archives/edgar/data/18230/000001823006000458/form10q_3q06.htm"
  },
  {
    "date": "2006-06-30",
    "symbol": "CAT",
    "reportedCurrency": "USD",
    "cik": "0000018230",
    "fillingDate": "2006-08-02",
    "acceptedDate": "2006-08-02 11:16:20",
    "calendarYear": "2006",
    "period": "Q2",
    "revenue": 10605000000,
    "costOfRevenue": 7672000000,
    "grossProfit": 2933000000,
    "grossProfitRatio": 0.2765676568,
    "researchAndDevelopmentExpenses": 343000000,
    "generalAndAdministrativeExpenses": 0,
    "sellingAndMarketingExpenses": 0,
    "sellingGeneralAndAdministrativeExpenses": 1111000000,
    "otherExpenses": 0,
    "operatingExpenses": 1454000000,
    "costAndExpenses": 9126000000,
    "interestIncome": 0,
    "interestExpense": 256000000,
    "depreciationAndAmortization": 402000000,
    "ebitda": 1881000000,
    "ebitdaratio": 0.1773691655,
    "operatingIncome": 1479000000,
    "operatingIncomeRatio": 0.1394625177,
    "totalOtherIncomeExpensesNet": 16000000,
    "incomeBeforeTax": 1495000000,
    "incomeBeforeTaxRatio": 0.14097124,
    "incomeTaxExpense": 449000000,
    "netIncome": 1046000000,
    "netIncomeRatio": 0.0986327204,
    "eps": 1.58,
    "epsdiluted": 1.52,
    "weightedAverageShsOut": 662100000,
    "weightedAverageShsOutDil": 688500000,
    "link": "https://www.sec.gov/Archives/edgar/data/18230/000001823006000382/0000018230-06-000382-index.htm",
    "finalLink": "https://www.sec.gov/Archives/edgar/data/18230/000001823006000382/form10q_2q06.htm"
  },
  {
    "date": "2006-03-31",
    "symbol": "CAT",
    "reportedCurrency": "USD",
    "cik": "0000018230",
    "fillingDate": "2006-05-03",
    "acceptedDate": "2006-05-03 11:40:34",
    "calendarYear": "2006",
    "period": "Q1",
    "revenue": 9392000000,
    "costOfRevenue": 6784000000,
    "grossProfit": 2608000000,
    "grossProfitRatio": 0.2776831346,
    "researchAndDevelopmentExpenses": 307000000,
    "generalAndAdministrativeExpenses": 0,
    "sellingAndMarketingExpenses": 0,
    "sellingGeneralAndAdministrativeExpenses": 1083000000,
    "otherExpenses": 0,
    "operatingExpenses": 1390000000,
    "costAndExpenses": 8174000000,
    "interestIncome": 0,
    "interestExpense": 232000000,
    "depreciationAndAmortization": 400000000,
    "ebitda": 1618000000,
    "ebitdaratio": 0.172274276,
    "operatingIncome": 1218000000,
    "operatingIncomeRatio": 0.1296848382,
    "totalOtherIncomeExpensesNet": -8000000,
    "incomeBeforeTax": 1210000000,
    "incomeBeforeTaxRatio": 0.1288330494,
    "incomeTaxExpense": 370000000,
    "netIncome": 840000000,
    "netIncomeRatio": 0.0894378194,
    "eps": 1.25,
    "epsdiluted": 1.2,
    "weightedAverageShsOut": 672000000,
    "weightedAverageShsOutDil": 699100000,
    "link": "https://www.sec.gov/Archives/edgar/data/18230/000001823006000237/0000018230-06-000237-index.htm",
    "finalLink": "https://www.sec.gov/Archives/edgar/data/18230/000001823006000237/form10q_1q06.htm"
  },
  {
    "date": "2005-12-31",
    "symbol": "CAT",
    "reportedCurrency": "USD",
    "cik": "0000018230",
    "fillingDate": "2006-05-31",
    "acceptedDate": "2006-05-31 13:52:23",
    "calendarYear": "2005",
    "period": "Q4",
    "revenue": 9663000000,
    "costOfRevenue": 6906000000,
    "grossProfit": 2757000000,
    "grossProfitRatio": 0.2853151195,
    "researchAndDevelopmentExpenses": 290000000,
    "generalAndAdministrativeExpenses": 0,
    "sellingAndMarketingExpenses": 0,
    "sellingGeneralAndAdministrativeExpenses": 228000000,
    "otherExpenses": 1172000000,
    "operatingExpenses": 1690000000,
    "costAndExpenses": 8596000000,
    "interestIncome": 0,
    "interestExpense": 0,
    "depreciationAndAmortization": 364000000,
    "ebitda": 2576000000,
    "ebitdaratio": 0.2665838766,
    "operatingIncome": 1067000000,
    "operatingIncomeRatio": 0.1104211942,
    "totalOtherIncomeExpensesNet": 49000000,
    "incomeBeforeTax": 1116000000,
    "incomeBeforeTaxRatio": 0.1154920832,
    "incomeTaxExpense": 270000000,
    "netIncome": 846000000,
    "netIncomeRatio": 0.0875504502,
    "eps": 1.25,
    "epsdiluted": 1.25,
    "weightedAverageShsOut": 672100000,
    "weightedAverageShsOutDil": 678000000,
    "link": "https://www.sec.gov/Archives/edgar/data/18230/000001823006000262/0000018230-06-000262-index.htm",
    "finalLink": "https://www.sec.gov/Archives/edgar/data/18230/000001823006000262/form10ka_053106.htm"
  },
  {
    "date": "2005-09-30",
    "symbol": "CAT",
    "reportedCurrency": "USD",
    "cik": "0000018230",
    "fillingDate": "2005-11-04",
    "acceptedDate": "2005-11-04 10:22:45",
    "calendarYear": "2005",
    "period": "Q3",
    "revenue": 8977000000,
    "costOfRevenue": 6547000000,
    "grossProfit": 2430000000,
    "grossProfitRatio": 0.2706917679,
    "researchAndDevelopmentExpenses": 285000000,
    "generalAndAdministrativeExpenses": 0,
    "sellingAndMarketingExpenses": 0,
    "sellingGeneralAndAdministrativeExpenses": 1008000000,
    "otherExpenses": 197000000,
    "operatingExpenses": 1490000000,
    "costAndExpenses": 8037000000,
    "interestIncome": 0,
    "interestExpense": 197000000,
    "depreciationAndAmortization": 369000000,
    "ebitda": 1309000000,
    "ebitdaratio": 0.1458170881,
    "operatingIncome": 940000000,
    "operatingIncomeRatio": 0.1047120419,
    "totalOtherIncomeExpensesNet": 30000000,
    "incomeBeforeTax": 970000000,
    "incomeBeforeTaxRatio": 0.1080539156,
    "incomeTaxExpense": 303000000,
    "netIncome": 667000000,
    "netIncomeRatio": 0.0743009914,
    "eps": 0.98,
    "epsdiluted": 0.94,
    "weightedAverageShsOut": 678800000,
    "weightedAverageShsOutDil": 710700000,
    "link": "https://www.sec.gov/Archives/edgar/data/18230/000001823005000719/0000018230-05-000719-index.htm",
    "finalLink": "https://www.sec.gov/Archives/edgar/data/18230/000001823005000719/form10q_3q05.htm"
  },
  {
    "date": "2005-06-30",
    "symbol": "CAT",
    "reportedCurrency": "USD",
    "cik": "0000018230",
    "fillingDate": "2005-08-04",
    "acceptedDate": "2005-08-04 16:42:22",
    "calendarYear": "2005",
    "period": "Q2",
    "revenue": 9360000000,
    "costOfRevenue": 7074000000,
    "grossProfit": 2286000000,
    "grossProfitRatio": 0.2442307692,
    "researchAndDevelopmentExpenses": 268000000,
    "generalAndAdministrativeExpenses": 0,
    "sellingAndMarketingExpenses": 0,
    "sellingGeneralAndAdministrativeExpenses": 997000000,
    "otherExpenses": 0,
    "operatingExpenses": 1265000000,
    "costAndExpenses": 8339000000,
    "interestIncome": 0,
    "interestExpense": 184000000,
    "depreciationAndAmortization": 372000000,
    "ebitda": 1393000000,
    "ebitdaratio": 0.1488247863,
    "operatingIncome": 1021000000,
    "operatingIncomeRatio": 0.1090811966,
    "totalOtherIncomeExpensesNet": 54000000,
    "incomeBeforeTax": 1075000000,
    "incomeBeforeTaxRatio": 0.1148504274,
    "incomeTaxExpense": 315000000,
    "netIncome": 760000000,
    "netIncomeRatio": 0.0811965812,
    "eps": 1.12,
    "epsdiluted": 1.08,
    "weightedAverageShsOut": 678300000,
    "weightedAverageShsOutDil": 705100000,
    "link": "https://www.sec.gov/Archives/edgar/data/18230/000001823005000553/0000018230-05-000553-index.htm",
    "finalLink": "https://www.sec.gov/Archives/edgar/data/18230/000001823005000553/form10q_2q05.htm"
  },
  {
    "date": "2005-03-31",
    "symbol": "CAT",
    "reportedCurrency": "USD",
    "cik": "0000018230",
    "fillingDate": "2005-05-06",
    "acceptedDate": "2005-05-06 14:29:12",
    "calendarYear": "2005",
    "period": "Q1",
    "revenue": 8339000000,
    "costOfRevenue": 6385000000,
    "grossProfit": 1954000000,
    "grossProfitRatio": 0.2343206619,
    "researchAndDevelopmentExpenses": 241000000,
    "generalAndAdministrativeExpenses": 0,
    "sellingAndMarketingExpenses": 0,
    "sellingGeneralAndAdministrativeExpenses": 744000000,
    "otherExpenses": 213000000,
    "operatingExpenses": 1198000000,
    "costAndExpenses": 7583000000,
    "interestIncome": 0,
    "interestExpense": 170000000,
    "depreciationAndAmortization": 372000000,
    "ebitda": 1128000000,
    "ebitdaratio": 0.1352680177,
    "operatingIncome": 756000000,
    "operatingIncomeRatio": 0.0906583523,
    "totalOtherIncomeExpensesNet": 57000000,
    "incomeBeforeTax": 813000000,
    "incomeBeforeTaxRatio": 0.0974937043,
    "incomeTaxExpense": 232000000,
    "netIncome": 581000000,
    "netIncomeRatio": 0.0696726226,
    "eps": 0.85,
    "epsdiluted": 0.81,
    "weightedAverageShsOut": 684100000,
    "weightedAverageShsOutDil": 713300000,
    "link": "https://www.sec.gov/Archives/edgar/data/18230/000001823005000382/0000018230-05-000382-index.htm",
    "finalLink": "https://www.sec.gov/Archives/edgar/data/18230/000001823005000382/form10q_1q05.htm"
  },
  {
    "date": "2004-12-31",
    "symbol": "CAT",
    "reportedCurrency": "USD",
    "cik": "0000018230",
    "fillingDate": "2005-05-27",
    "acceptedDate": "2005-05-27 11:48:24",
    "calendarYear": "2004",
    "period": "Q4",
    "revenue": 8571000000,
    "costOfRevenue": 6052000000,
    "grossProfit": 2519000000,
    "grossProfitRatio": 0.2938980282,
    "researchAndDevelopmentExpenses": 243000000,
    "generalAndAdministrativeExpenses": 0,
    "sellingAndMarketingExpenses": 0,
    "sellingGeneralAndAdministrativeExpenses": 849000000,
    "otherExpenses": 731000000,
    "operatingExpenses": 1823000000,
    "costAndExpenses": 7875000000,
    "interestIncome": 0,
    "interestExpense": 0,
    "depreciationAndAmortization": 342000000,
    "ebitda": 1762000000,
    "ebitdaratio": 0.2055769455,
    "operatingIncome": 696000000,
    "operatingIncomeRatio": 0.0812040602,
    "totalOtherIncomeExpensesNet": 37000000,
    "incomeBeforeTax": 733000000,
    "incomeBeforeTaxRatio": 0.0855209427,
    "incomeTaxExpense": 182000000,
    "netIncome": 551000000,
    "netIncomeRatio": 0.0642865477,
    "eps": 1.61,
    "epsdiluted": 1.61,
    "weightedAverageShsOut": 342000000,
    "weightedAverageShsOutDil": 342000000,
    "link": "https://www.sec.gov/Archives/edgar/data/18230/000001823005000404/0000018230-05-000404-index.htm",
    "finalLink": "https://www.sec.gov/Archives/edgar/data/18230/000001823005000404/form10ka_1.htm"
  },
  {
    "date": "2004-09-30",
    "symbol": "CAT",
    "reportedCurrency": "USD",
    "cik": "0000018230",
    "fillingDate": "2004-11-08",
    "acceptedDate": "2004-11-08 15:01:18",
    "calendarYear": "2004",
    "period": "Q3",
    "revenue": 7659000000,
    "costOfRevenue": 5745000000,
    "grossProfit": 1914000000,
    "grossProfitRatio": 0.249902076,
    "researchAndDevelopmentExpenses": 240000000,
    "generalAndAdministrativeExpenses": 0,
    "sellingAndMarketingExpenses": 0,
    "sellingGeneralAndAdministrativeExpenses": 881000000,
    "otherExpenses": 130000000,
    "operatingExpenses": 1251000000,
    "costAndExpenses": 6996000000,
    "interestIncome": 0,
    "interestExpense": 129000000,
    "depreciationAndAmortization": 352000000,
    "ebitda": 1015000000,
    "ebitdaratio": 0.1325238282,
    "operatingIncome": 663000000,
    "operatingIncomeRatio": 0.0865648257,
    "totalOtherIncomeExpensesNet": 17000000,
    "incomeBeforeTax": 680000000,
    "incomeBeforeTaxRatio": 0.0887844366,
    "incomeTaxExpense": 182000000,
    "netIncome": 498000000,
    "netIncomeRatio": 0.0650215433,
    "eps": 0.73,
    "epsdiluted": 0.7,
    "weightedAverageShsOut": 683600000,
    "weightedAverageShsOutDil": 706000000,
    "link": "https://www.sec.gov/Archives/edgar/data/18230/000001823004000634/0000018230-04-000634-index.htm",
    "finalLink": "https://www.sec.gov/Archives/edgar/data/18230/000001823004000634/form10q_3q04.htm"
  },
  {
    "date": "2004-06-30",
    "symbol": "CAT",
    "reportedCurrency": "USD",
    "cik": "0000018230",
    "fillingDate": "2004-08-09",
    "acceptedDate": "2004-08-09 14:23:43",
    "calendarYear": "2004",
    "period": "Q2",
    "revenue": 7583000000,
    "costOfRevenue": 5563000000,
    "grossProfit": 2020000000,
    "grossProfitRatio": 0.2663853356,
    "researchAndDevelopmentExpenses": 214000000,
    "generalAndAdministrativeExpenses": 0,
    "sellingAndMarketingExpenses": 0,
    "sellingGeneralAndAdministrativeExpenses": 744000000,
    "otherExpenses": 292000000,
    "operatingExpenses": 1250000000,
    "costAndExpenses": 6813000000,
    "interestIncome": 0,
    "interestExpense": 120000000,
    "depreciationAndAmortization": 353000000,
    "ebitda": 1123000000,
    "ebitdaratio": 0.1480944217,
    "operatingIncome": 770000000,
    "operatingIncomeRatio": 0.101542925,
    "totalOtherIncomeExpensesNet": 5000000,
    "incomeBeforeTax": 775000000,
    "incomeBeforeTaxRatio": 0.1022022946,
    "incomeTaxExpense": 209000000,
    "netIncome": 566000000,
    "netIncomeRatio": 0.0746406435,
    "eps": 0.83,
    "epsdiluted": 0.8,
    "weightedAverageShsOut": 684800000,
    "weightedAverageShsOutDil": 709500000,
    "link": "https://www.sec.gov/Archives/edgar/data/18230/000001823004000492/0000018230-04-000492-index.htm",
    "finalLink": "https://www.sec.gov/Archives/edgar/data/18230/000001823004000492/form10q_2q04.htm"
  },
  {
    "date": "2004-03-31",
    "symbol": "CAT",
    "reportedCurrency": "USD",
    "cik": "0000018230",
    "fillingDate": "2004-05-10",
    "acceptedDate": "2004-05-10 16:30:06",
    "calendarYear": "2004",
    "period": "Q1",
    "revenue": 6480000000,
    "costOfRevenue": 4889000000,
    "grossProfit": 1591000000,
    "grossProfitRatio": 0.2455246914,
    "researchAndDevelopmentExpenses": 231000000,
    "generalAndAdministrativeExpenses": 0,
    "sellingAndMarketingExpenses": 0,
    "sellingGeneralAndAdministrativeExpenses": 673000000,
    "otherExpenses": 119000000,
    "operatingExpenses": 1023000000,
    "costAndExpenses": 5912000000,
    "interestIncome": 0,
    "interestExpense": 118000000,
    "depreciationAndAmortization": 350000000,
    "ebitda": 918000000,
    "ebitdaratio": 0.1416666667,
    "operatingIncome": 568000000,
    "operatingIncomeRatio": 0.087654321,
    "totalOtherIncomeExpensesNet": 10000000,
    "incomeBeforeTax": 578000000,
    "incomeBeforeTaxRatio": 0.0891975309,
    "incomeTaxExpense": 158000000,
    "netIncome": 420000000,
    "netIncomeRatio": 0.0648148148,
    "eps": 0.62,
    "epsdiluted": 0.6,
    "weightedAverageShsOut": 685200000,
    "weightedAverageShsOutDil": 711400000,
    "link": "https://www.sec.gov/Archives/edgar/data/18230/000001823004000302/0000018230-04-000302-index.htm",
    "finalLink": "https://www.sec.gov/Archives/edgar/data/18230/000001823004000302/form1q_1q04.htm"
  },
  {
    "date": "2003-12-31",
    "symbol": "CAT",
    "reportedCurrency": "USD",
    "cik": "0000018230",
    "fillingDate": "2004-05-28",
    "acceptedDate": "2004-05-27 20:10:54",
    "calendarYear": "2003",
    "period": "Q4",
    "revenue": 6465000000,
    "costOfRevenue": 5006000000,
    "grossProfit": 1459000000,
    "grossProfitRatio": 0.2256767208,
    "researchAndDevelopmentExpenses": 175000000,
    "generalAndAdministrativeExpenses": 0,
    "sellingAndMarketingExpenses": 0,
    "sellingGeneralAndAdministrativeExpenses": 669000000,
    "otherExpenses": 116000000,
    "operatingExpenses": 960000000,
    "costAndExpenses": 5966000000,
    "interestIncome": 0,
    "interestExpense": 0,
    "depreciationAndAmortization": 339000000,
    "ebitda": 838000000,
    "ebitdaratio": 0.1296210363,
    "operatingIncome": 499000000,
    "operatingIncomeRatio": 0.0771848415,
    "totalOtherIncomeExpensesNet": -25000000,
    "incomeBeforeTax": 474000000,
    "incomeBeforeTaxRatio": 0.0733178654,
    "incomeTaxExpense": 125000000,
    "netIncome": 349000000,
    "netIncomeRatio": 0.0539829853,
    "eps": 0.51,
    "epsdiluted": 0.51,
    "weightedAverageShsOut": 685224000,
    "weightedAverageShsOutDil": 685224000,
    "link": "https://www.sec.gov/Archives/edgar/data/18230/000001823004000320/0000018230-04-000320-index.htm",
    "finalLink": "https://www.sec.gov/Archives/edgar/data/18230/000001823004000320/form10ka_052004.htm"
  },
  {
    "date": "2003-09-30",
    "symbol": "CAT",
    "reportedCurrency": "USD",
    "cik": "0000018230",
    "fillingDate": "2003-11-14",
    "acceptedDate": "2003-11-14 10:06:11",
    "calendarYear": "2003",
    "period": "Q3",
    "revenue": 5545000000,
    "costOfRevenue": 4244000000,
    "grossProfit": 1301000000,
    "grossProfitRatio": 0.234625789,
    "researchAndDevelopmentExpenses": 173000000,
    "generalAndAdministrativeExpenses": 0,
    "sellingAndMarketingExpenses": 0,
    "sellingGeneralAndAdministrativeExpenses": 627000000,
    "otherExpenses": 116000000,
    "operatingExpenses": 916000000,
    "costAndExpenses": 5160000000,
    "interestIncome": 0,
    "interestExpense": 116000000,
    "depreciationAndAmortization": 337000000,
    "ebitda": 722000000,
    "ebitdaratio": 0.130207394,
    "operatingIncome": 385000000,
    "operatingIncomeRatio": 0.0694319206,
    "totalOtherIncomeExpensesNet": -94000000,
    "incomeBeforeTax": 291000000,
    "incomeBeforeTaxRatio": 0.0524797115,
    "incomeTaxExpense": 69000000,
    "netIncome": 222000000,
    "netIncomeRatio": 0.0400360685,
    "eps": 0.32,
    "epsdiluted": 0.31,
    "weightedAverageShsOut": 692600000,
    "weightedAverageShsOutDil": 712200000,
    "link": "https://www.sec.gov/Archives/edgar/data/18230/000001823003000495/0000018230-03-000495-index.htm",
    "finalLink": "https://www.sec.gov/Archives/edgar/data/18230/000001823003000495/form10q_3q03.htm"
  },
  {
    "date": "2003-06-30",
    "symbol": "CAT",
    "reportedCurrency": "USD",
    "cik": "0000018230",
    "fillingDate": "2003-08-14",
    "acceptedDate": "2003-08-14 10:16:32",
    "calendarYear": "2003",
    "period": "Q2",
    "revenue": 5932000000,
    "costOfRevenue": 4459000000,
    "grossProfit": 1473000000,
    "grossProfitRatio": 0.2483142279,
    "researchAndDevelopmentExpenses": 169000000,
    "generalAndAdministrativeExpenses": 0,
    "sellingAndMarketingExpenses": 0,
    "sellingGeneralAndAdministrativeExpenses": 604000000,
    "otherExpenses": 118000000,
    "operatingExpenses": 891000000,
    "costAndExpenses": 5350000000,
    "interestIncome": 0,
    "interestExpense": 118000000,
    "depreciationAndAmortization": 339000000,
    "ebitda": 921000000,
    "ebitdaratio": 0.1552596089,
    "operatingIncome": 582000000,
    "operatingIncomeRatio": 0.0981119353,
    "totalOtherIncomeExpensesNet": -28000000,
    "incomeBeforeTax": 554000000,
    "incomeBeforeTaxRatio": 0.0933917734,
    "incomeTaxExpense": 155000000,
    "netIncome": 399000000,
    "netIncomeRatio": 0.0672623061,
    "eps": 0.58,
    "epsdiluted": 0.57,
    "weightedAverageShsOut": 689400000,
    "weightedAverageShsOutDil": 696800000,
    "link": "https://www.sec.gov/Archives/edgar/data/18230/000001823003000402/0000018230-03-000402-index.htm",
    "finalLink": "https://www.sec.gov/Archives/edgar/data/18230/000001823003000402/form10q_2q2003.htm"
  },
  {
    "date": "2003-03-31",
    "symbol": "CAT",
    "reportedCurrency": "USD",
    "cik": "0000018230",
    "fillingDate": "2003-05-14",
    "acceptedDate": "2003-05-14 16:15:17",
    "calendarYear": "2003",
    "period": "Q1",
    "revenue": 4821000000,
    "costOfRevenue": 3757000000,
    "grossProfit": 1064000000,
    "grossProfitRatio": 0.2207010994,
    "researchAndDevelopmentExpenses": 152000000,
    "generalAndAdministrativeExpenses": 0,
    "sellingAndMarketingExpenses": 0,
    "sellingGeneralAndAdministrativeExpenses": 570000000,
    "otherExpenses": 120000000,
    "operatingExpenses": 842000000,
    "costAndExpenses": 4599000000,
    "interestIncome": 0,
    "interestExpense": 120000000,
    "depreciationAndAmortization": 332000000,
    "ebitda": 554000000,
    "ebitdaratio": 0.1149139183,
    "operatingIncome": 222000000,
    "operatingIncomeRatio": 0.0460485376,
    "totalOtherIncomeExpensesNet": -44000000,
    "incomeBeforeTax": 178000000,
    "incomeBeforeTaxRatio": 0.0369218005,
    "incomeTaxExpense": 49000000,
    "netIncome": 129000000,
    "netIncomeRatio": 0.026757934,
    "eps": 0.19,
    "epsdiluted": 0.19,
    "weightedAverageShsOut": 688632000,
    "weightedAverageShsOutDil": 693652000,
    "link": "https://www.sec.gov/Archives/edgar/data/18230/000001823003000208/0000018230-03-000208-index.htm",
    "finalLink": "https://www.sec.gov/Archives/edgar/data/18230/000001823003000208/form10q_1q2003.htm"
  },
  {
    "date": "2002-12-31",
    "symbol": "CAT",
    "reportedCurrency": "USD",
    "cik": "0000018230",
    "fillingDate": "2003-03-31",
    "acceptedDate": "2003-03-31 17:10:42",
    "calendarYear": "2002",
    "period": "Q4",
    "revenue": 5377000000,
    "costOfRevenue": 4074000000,
    "grossProfit": 1303000000,
    "grossProfitRatio": 0.2423284359,
    "researchAndDevelopmentExpenses": 132000000,
    "generalAndAdministrativeExpenses": 0,
    "sellingAndMarketingExpenses": 0,
    "sellingGeneralAndAdministrativeExpenses": 616000000,
    "otherExpenses": 128000000,
    "operatingExpenses": 876000000,
    "costAndExpenses": 4950000000,
    "interestIncome": 0,
    "interestExpense": 521000000,
    "depreciationAndAmortization": 310000000,
    "ebitda": 737000000,
    "ebitdaratio": 0.137065278,
    "operatingIncome": 427000000,
    "operatingIncomeRatio": 0.0794123117,
    "totalOtherIncomeExpensesNet": -6000000,
    "incomeBeforeTax": 421000000,
    "incomeBeforeTaxRatio": 0.0782964478,
    "incomeTaxExpense": 116000000,
    "netIncome": 305000000,
    "netIncomeRatio": 0.0567230798,
    "eps": 0.44,
    "epsdiluted": 0.44,
    "weightedAverageShsOut": 688600000,
    "weightedAverageShsOutDil": 688600000,
    "link": "https://www.sec.gov/Archives/edgar/data/18230/000001823003000130/0000018230-03-000130-index.htm",
    "finalLink": "https://www.sec.gov/Archives/edgar/data/18230/000001823003000130/form10k_2002.htm"
  },
  {
    "date": "2002-09-30",
    "symbol": "CAT",
    "reportedCurrency": "USD",
    "cik": "0000018230",
    "fillingDate": "2002-11-13",
    "acceptedDate": "2002-11-13 10:06:35",
    "calendarYear": "2002",
    "period": "Q3",
    "revenue": 5075000000,
    "costOfRevenue": 3798000000,
    "grossProfit": 1277000000,
    "grossProfitRatio": 0.2516256158,
    "researchAndDevelopmentExpenses": 167000000,
    "generalAndAdministrativeExpenses": 0,
    "sellingAndMarketingExpenses": 0,
    "sellingGeneralAndAdministrativeExpenses": 646000000,
    "otherExpenses": 135000000,
    "operatingExpenses": 948000000,
    "costAndExpenses": 4746000000,
    "interestIncome": 0,
    "interestExpense": 135000000,
    "depreciationAndAmortization": 312000000,
    "ebitda": 641000000,
    "ebitdaratio": 0.1263054187,
    "operatingIncome": 329000000,
    "operatingIncomeRatio": 0.0648275862,
    "totalOtherIncomeExpensesNet": -45000000,
    "incomeBeforeTax": 284000000,
    "incomeBeforeTaxRatio": 0.0559605911,
    "incomeTaxExpense": 71000000,
    "netIncome": 213000000,
    "netIncomeRatio": 0.0419704433,
    "eps": 0.31,
    "epsdiluted": 0.31,
    "weightedAverageShsOut": 688400000,
    "weightedAverageShsOutDil": 692400000,
    "link": "https://www.sec.gov/Archives/edgar/data/18230/000001823002000093/0000018230-02-000093-index.htm",
    "finalLink": "https://www.sec.gov/Archives/edgar/data/18230/000001823002000093/form10q_3q2002.htm"
  },
  {
    "date": "2002-06-30",
    "symbol": "CAT",
    "reportedCurrency": "USD",
    "cik": "0000018230",
    "fillingDate": "2002-08-14",
    "acceptedDate": "2002-08-13 17:44:34",
    "calendarYear": "2002",
    "period": "Q2",
    "revenue": 5291000000,
    "costOfRevenue": 3957000000,
    "grossProfit": 1334000000,
    "grossProfitRatio": 0.2521262521,
    "researchAndDevelopmentExpenses": 186000000,
    "generalAndAdministrativeExpenses": 0,
    "sellingAndMarketingExpenses": 0,
    "sellingGeneralAndAdministrativeExpenses": 620000000,
    "otherExpenses": 135000000,
    "operatingExpenses": 941000000,
    "costAndExpenses": 4898000000,
    "interestIncome": 0,
    "interestExpense": 135000000,
    "depreciationAndAmortization": 302000000,
    "ebitda": 695000000,
    "ebitdaratio": 0.1313551314,
    "operatingIncome": 393000000,
    "operatingIncomeRatio": 0.0742770743,
    "totalOtherIncomeExpensesNet": -104000000,
    "incomeBeforeTax": 289000000,
    "incomeBeforeTaxRatio": 0.0546210546,
    "incomeTaxExpense": 89000000,
    "netIncome": 200000000,
    "netIncomeRatio": 0.0378000378,
    "eps": 0.29,
    "epsdiluted": 0.29,
    "weightedAverageShsOut": 688000000,
    "weightedAverageShsOutDil": 696400000,
    "link": "https://www.sec.gov/Archives/edgar/data/18230/000001823002000051/0000018230-02-000051-index.htm",
    "finalLink": "https://www.sec.gov/Archives/edgar/data/18230/000001823002000051/form10q_2q2002.htm"
  },
  {
    "date": "2002-03-31",
    "symbol": "CAT",
    "reportedCurrency": "USD",
    "cik": "0000018230",
    "fillingDate": "2002-05-07",
    "acceptedDate": "2002-05-07 10:32:32",
    "calendarYear": "2002",
    "period": "Q1",
    "revenue": 4409000000,
    "costOfRevenue": 3296000000,
    "grossProfit": 1113000000,
    "grossProfitRatio": 0.2524381946,
    "researchAndDevelopmentExpenses": 171000000,
    "generalAndAdministrativeExpenses": 0,
    "sellingAndMarketingExpenses": 0,
    "sellingGeneralAndAdministrativeExpenses": 649000000,
    "otherExpenses": 123000000,
    "operatingExpenses": 943000000,
    "costAndExpenses": 4239000000,
    "interestIncome": 0,
    "interestExpense": 123000000,
    "depreciationAndAmortization": 296000000,
    "ebitda": 466000000,
    "ebitdaratio": 0.1056929009,
    "operatingIncome": 170000000,
    "operatingIncomeRatio": 0.038557496,
    "totalOtherIncomeExpensesNet": -54000000,
    "incomeBeforeTax": 116000000,
    "incomeBeforeTaxRatio": 0.0263098208,
    "incomeTaxExpense": 36000000,
    "netIncome": 80000000,
    "netIncomeRatio": 0.018144704,
    "eps": 0.12,
    "epsdiluted": 0.12,
    "weightedAverageShsOut": 687200000,
    "weightedAverageShsOutDil": 695400000,
    "link": "https://www.sec.gov/Archives/edgar/data/18230/000001823002000035/0000018230-02-000035-index.htm",
    "finalLink": "https://www.sec.gov/Archives/edgar/data/18230/000001823002000035/form10q_1q2002.htm"
  },
  {
    "date": "2001-12-31",
    "symbol": "CAT",
    "reportedCurrency": "USD",
    "cik": "0000018230",
    "fillingDate": "2003-01-21",
    "acceptedDate": "2003-01-21 15:30:50",
    "calendarYear": "2001",
    "period": "Q4",
    "revenue": 5096000000,
    "costOfRevenue": 3911000000,
    "grossProfit": 1185000000,
    "grossProfitRatio": 0.2325353218,
    "researchAndDevelopmentExpenses": 190000000,
    "generalAndAdministrativeExpenses": 0,
    "sellingAndMarketingExpenses": 0,
    "sellingGeneralAndAdministrativeExpenses": 653000000,
    "otherExpenses": 139000000,
    "operatingExpenses": 982000000,
    "costAndExpenses": 4893000000,
    "interestIncome": 0,
    "interestExpense": 0,
    "depreciationAndAmortization": 297000000,
    "ebitda": 500000000,
    "ebitdaratio": 0.0981161695,
    "operatingIncome": 203000000,
    "operatingIncomeRatio": 0.0398351648,
    "totalOtherIncomeExpensesNet": 34000000,
    "incomeBeforeTax": 237000000,
    "incomeBeforeTaxRatio": 0.0465070644,
    "incomeTaxExpense": 70000000,
    "netIncome": 167000000,
    "netIncomeRatio": 0.0327708006,
    "eps": 0.24,
    "epsdiluted": 0.24,
    "weightedAverageShsOut": 686600000,
    "weightedAverageShsOutDil": 687200000,
    "link": "https://www.sec.gov/Archives/edgar/data/18230/000001823003000051/0000018230-03-000051-index.htm",
    "finalLink": "https://www.sec.gov/Archives/edgar/data/18230/000001823003000051/form10-ka_2001.htm"
  },
  {
    "date": "2001-09-30",
    "symbol": "CAT",
    "reportedCurrency": "USD",
    "cik": "0000018230",
    "fillingDate": "2001-11-01",
    "acceptedDate": "2001-11-01 00:00:00",
    "calendarYear": "2001",
    "period": "Q3",
    "revenue": 5056000000,
    "costOfRevenue": 3749000000,
    "grossProfit": 1307000000,
    "grossProfitRatio": 0.2585047468,
    "researchAndDevelopmentExpenses": 167000000,
    "generalAndAdministrativeExpenses": 0,
    "sellingAndMarketingExpenses": 0,
    "sellingGeneralAndAdministrativeExpenses": 638000000,
    "otherExpenses": 161000000,
    "operatingExpenses": 966000000,
    "costAndExpenses": 4715000000,
    "interestIncome": 0,
    "interestExpense": 161000000,
    "depreciationAndAmortization": 290000000,
    "ebitda": 631000000,
    "ebitdaratio": 0.1248022152,
    "operatingIncome": 341000000,
    "operatingIncomeRatio": 0.0674446203,
    "totalOtherIncomeExpensesNet": -42000000,
    "incomeBeforeTax": 299000000,
    "incomeBeforeTaxRatio": 0.0591376582,
    "incomeTaxExpense": 94000000,
    "netIncome": 205000000,
    "netIncomeRatio": 0.0405458861,
    "eps": 0.3,
    "epsdiluted": 0.3,
    "weightedAverageShsOut": 686600000,
    "weightedAverageShsOutDil": 695000000,
    "link": "https://www.sec.gov/Archives/edgar/data/18230/000001823001500098/0000018230-01-500098-index.htm",
    "finalLink": "https://www.sec.gov/Archives/edgar/data/18230/000001823001500098/form10q3q2001.htm"
  },
  {
    "date": "2001-06-30",
    "symbol": "CAT",
    "reportedCurrency": "USD",
    "cik": "0000018230",
    "fillingDate": "2001-08-09",
    "acceptedDate": "2001-08-09 00:00:00",
    "calendarYear": "2001",
    "period": "Q2",
    "revenue": 5488000000,
    "costOfRevenue": 4028000000,
    "grossProfit": 1460000000,
    "grossProfitRatio": 0.2660349854,
    "researchAndDevelopmentExpenses": 172000000,
    "generalAndAdministrativeExpenses": 0,
    "sellingAndMarketingExpenses": 0,
    "sellingGeneralAndAdministrativeExpenses": 655000000,
    "otherExpenses": 175000000,
    "operatingExpenses": 1002000000,
    "costAndExpenses": 5030000000,
    "interestIncome": 0,
    "interestExpense": 175000000,
    "depreciationAndAmortization": 293000000,
    "ebitda": 751000000,
    "ebitdaratio": 0.1368440233,
    "operatingIncome": 458000000,
    "operatingIncomeRatio": 0.0834548105,
    "totalOtherIncomeExpensesNet": -59000000,
    "incomeBeforeTax": 399000000,
    "incomeBeforeTaxRatio": 0.0727040816,
    "incomeTaxExpense": 128000000,
    "netIncome": 271000000,
    "netIncomeRatio": 0.0493804665,
    "eps": 0.4,
    "epsdiluted": 0.39,
    "weightedAverageShsOut": 686600000,
    "weightedAverageShsOutDil": 695600000,
    "link": "https://www.sec.gov/Archives/edgar/data/18230/000001823001500073/0000018230-01-500073-index.htm",
    "finalLink": "https://www.sec.gov/Archives/edgar/data/18230/000001823001500073/form10q2q2001.htm"
  },
  {
    "date": "2001-03-31",
    "symbol": "CAT",
    "reportedCurrency": "USD",
    "cik": "0000018230",
    "fillingDate": "2001-05-01",
    "acceptedDate": "2001-05-01 00:00:00",
    "calendarYear": "2001",
    "period": "Q1",
    "revenue": 4810000000,
    "costOfRevenue": 3531000000,
    "grossProfit": 1279000000,
    "grossProfitRatio": 0.2659043659,
    "researchAndDevelopmentExpenses": 167000000,
    "generalAndAdministrativeExpenses": 0,
    "sellingAndMarketingExpenses": 0,
    "sellingGeneralAndAdministrativeExpenses": 621000000,
    "otherExpenses": 0,
    "operatingExpenses": 788000000,
    "costAndExpenses": 4319000000,
    "interestIncome": 0,
    "interestExpense": 182000000,
    "depreciationAndAmortization": 289000000,
    "ebitda": 780000000,
    "ebitdaratio": 0.1621621622,
    "operatingIncome": 491000000,
    "operatingIncomeRatio": 0.1020790021,
    "totalOtherIncomeExpensesNet": -254000000,
    "incomeBeforeTax": 237000000,
    "incomeBeforeTaxRatio": 0.0492723493,
    "incomeTaxExpense": 75000000,
    "netIncome": 162000000,
    "netIncomeRatio": 0.0336798337,
    "eps": 0.24,
    "epsdiluted": 0.24,
    "weightedAverageShsOut": 689361702,
    "weightedAverageShsOutDil": 689361702,
    "link": "https://www.sec.gov/Archives/edgar/data/18230/000001823001500042/0000018230-01-500042-index.htm",
    "finalLink": "https://www.sec.gov/Archives/edgar/data/18230/000001823001500042/tenq1stqtr.htm"
  },
  {
    "date": "2000-12-31",
    "symbol": "CAT",
    "reportedCurrency": "USD",
    "cik": "0000018230",
    "fillingDate": "2001-06-13",
    "acceptedDate": "2001-06-13 00:00:00",
    "calendarYear": "2000",
    "period": "Q4",
    "revenue": 5114000000,
    "costOfRevenue": 4397000000,
    "grossProfit": 717000000,
    "grossProfitRatio": 0.1402033633,
    "researchAndDevelopmentExpenses": 176000000,
    "generalAndAdministrativeExpenses": 0,
    "sellingAndMarketingExpenses": 0,
    "sellingGeneralAndAdministrativeExpenses": 670000000,
    "otherExpenses": -769000000,
    "operatingExpenses": 77000000,
    "costAndExpenses": 4474000000,
    "interestIncome": 0,
    "interestExpense": 0,
    "depreciationAndAmortization": 253000000,
    "ebitda": 893000000,
    "ebitdaratio": 0.1746186938,
    "operatingIncome": 640000000,
    "operatingIncomeRatio": 0.1251466562,
    "totalOtherIncomeExpensesNet": -248000000,
    "incomeBeforeTax": 392000000,
    "incomeBeforeTaxRatio": 0.0766523269,
    "incomeTaxExpense": 128000000,
    "netIncome": 264000000,
    "netIncomeRatio": 0.0516229957,
    "eps": 0.38,
    "epsdiluted": 0.38,
    "weightedAverageShsOut": 685590077,
    "weightedAverageShsOutDil": 689361702,
    "link": "https://www.sec.gov/Archives/edgar/data/18230/000001823001500053/0000018230-01-500053-index.htm",
    "finalLink": "https://www.sec.gov/Archives/edgar/data/18230/000001823001500053/tenka.htm"
  },
  {
    "date": "2000-09-30",
    "symbol": "CAT",
    "reportedCurrency": "USD",
    "cik": "0000018230",
    "fillingDate": "2000-11-14",
    "acceptedDate": "2000-11-14 00:00:00",
    "calendarYear": "2000",
    "period": "Q3",
    "revenue": 4779000000,
    "costOfRevenue": 3216000000,
    "grossProfit": 1563000000,
    "grossProfitRatio": 0.3270558694,
    "researchAndDevelopmentExpenses": 161000000,
    "generalAndAdministrativeExpenses": 0,
    "sellingAndMarketingExpenses": 0,
    "sellingGeneralAndAdministrativeExpenses": 650000000,
    "otherExpenses": 255000000,
    "operatingExpenses": 1066000000,
    "costAndExpenses": 4282000000,
    "interestIncome": 0,
    "interestExpense": 186000000,
    "depreciationAndAmortization": 255000000,
    "ebitda": 752000000,
    "ebitdaratio": 0.1573550952,
    "operatingIncome": 497000000,
    "operatingIncomeRatio": 0.103996652,
    "totalOtherIncomeExpensesNet": -236000000,
    "incomeBeforeTax": 261000000,
    "incomeBeforeTaxRatio": 0.054613936,
    "incomeTaxExpense": 45000000,
    "netIncome": 216000000,
    "netIncomeRatio": 0.0451977401,
    "eps": 0.32,
    "epsdiluted": 0.31,
    "weightedAverageShsOut": 685714286,
    "weightedAverageShsOutDil": 696774194,
    "link": "https://www.sec.gov/Archives/edgar/data/18230/000001823000500025/0000018230-00-500025-index.htm",
    "finalLink": "https://www.sec.gov/Archives/edgar/data/18230/000001823000500025/thirdquarter.htm"
  },
  {
    "date": "2000-06-30",
    "symbol": "CAT",
    "reportedCurrency": "USD",
    "cik": "0000018230",
    "fillingDate": "2000-08-11",
    "acceptedDate": "2000-08-11 00:00:00",
    "calendarYear": "2000",
    "period": "Q2",
    "revenue": 5363000000,
    "costOfRevenue": 3583000000,
    "grossProfit": 1780000000,
    "grossProfitRatio": 0.3319037852,
    "researchAndDevelopmentExpenses": 157000000,
    "generalAndAdministrativeExpenses": 0,
    "sellingAndMarketingExpenses": 0,
    "sellingGeneralAndAdministrativeExpenses": 647000000,
    "otherExpenses": 257000000,
    "operatingExpenses": 1061000000,
    "costAndExpenses": 4644000000,
    "interestIncome": 0,
    "interestExpense": 170000000,
    "depreciationAndAmortization": 257000000,
    "ebitda": 976000000,
    "ebitdaratio": 0.1819876935,
    "operatingIncome": 719000000,
    "operatingIncomeRatio": 0.1340667537,
    "totalOtherIncomeExpensesNet": -253000000,
    "incomeBeforeTax": 466000000,
    "incomeBeforeTaxRatio": 0.0868916651,
    "incomeTaxExpense": 151000000,
    "netIncome": 315000000,
    "netIncomeRatio": 0.0587357822,
    "eps": 0.46,
    "epsdiluted": 0.45,
    "weightedAverageShsOut": 692307692,
    "weightedAverageShsOutDil": 700000000,
    "link": "https://www.sec.gov/Archives/edgar/data/18230/000091205700036715/0000912057-00-036715-index.htm",
    "finalLink": "https://www.sec.gov/Archives/edgar/data/18230/000091205700036715/a10-q.htm"
  },
  {
    "date": "2000-03-31",
    "symbol": "CAT",
    "reportedCurrency": "USD",
    "cik": "0000018230",
    "fillingDate": "2000-05-10",
    "acceptedDate": "2000-05-10 00:00:00",
    "calendarYear": "2000",
    "period": "Q1",
    "revenue": 4919000000,
    "costOfRevenue": 3301000000,
    "grossProfit": 1618000000,
    "grossProfitRatio": 0.328928644,
    "researchAndDevelopmentExpenses": 155000000,
    "generalAndAdministrativeExpenses": 0,
    "sellingAndMarketingExpenses": 0,
    "sellingGeneralAndAdministrativeExpenses": 637000000,
    "otherExpenses": 257000000,
    "operatingExpenses": 1049000000,
    "costAndExpenses": 4350000000,
    "interestIncome": 0,
    "interestExpense": 153000000,
    "depreciationAndAmortization": 257000000,
    "ebitda": 826000000,
    "ebitdaratio": 0.167920309,
    "operatingIncome": 569000000,
    "operatingIncomeRatio": 0.1156739175,
    "totalOtherIncomeExpensesNet": -188000000,
    "incomeBeforeTax": 381000000,
    "incomeBeforeTaxRatio": 0.0774547672,
    "incomeTaxExpense": 123000000,
    "netIncome": 258000000,
    "netIncomeRatio": 0.0524496849,
    "eps": 0.37,
    "epsdiluted": 0.37,
    "weightedAverageShsOut": 706849315,
    "weightedAverageShsOutDil": 706849315,
    "link": "https://www.sec.gov/Archives/edgar/data/18230/000095013100003227/0000950131-00-003227-index.html",
    "finalLink": "https://www.sec.gov/Archives/edgar/data/18230/000095013100003227/0000950131-00-003227-d1.html"
  },
  {
    "date": "1999-12-31",
    "symbol": "CAT",
    "reportedCurrency": "USD",
    "cik": "0000018230",
    "fillingDate": "2000-03-30",
    "acceptedDate": "2000-03-30 00:00:00",
    "calendarYear": "1999",
    "period": "Q4",
    "revenue": 5019000000,
    "costOfRevenue": 3447000000,
    "grossProfit": 1572000000,
    "grossProfitRatio": 0.3132098027,
    "researchAndDevelopmentExpenses": 168000000,
    "generalAndAdministrativeExpenses": 0,
    "sellingAndMarketingExpenses": 0,
    "sellingGeneralAndAdministrativeExpenses": 640000000,
    "otherExpenses": 243000000,
    "operatingExpenses": 1051000000,
    "costAndExpenses": 4498000000,
    "interestIncome": 0,
    "interestExpense": 0,
    "depreciationAndAmortization": 243000000,
    "ebitda": 764000000,
    "ebitdaratio": 0.1522215581,
    "operatingIncome": 521000000,
    "operatingIncomeRatio": 0.103805539,
    "totalOtherIncomeExpensesNet": -163000000,
    "incomeBeforeTax": 358000000,
    "incomeBeforeTaxRatio": 0.07132895,
    "incomeTaxExpense": 119000000,
    "netIncome": 239000000,
    "netIncomeRatio": 0.0476190476,
    "eps": 0.34,
    "epsdiluted": 0.34,
    "weightedAverageShsOut": 706849315,
    "weightedAverageShsOutDil": 706849315,
    "link": "https://www.sec.gov/Archives/edgar/data/18230/000102140800001352/0001021408-00-001352-index.html",
    "finalLink": "https://www.sec.gov/Archives/edgar/data/18230/000102140800001352/0001021408-00-001352-d1.html"
  },
  {
    "date": "1999-09-30",
    "symbol": "CAT",
    "reportedCurrency": "USD",
    "cik": "0000018230",
    "fillingDate": "1999-11-01",
    "acceptedDate": "1999-11-01 00:00:00",
    "calendarYear": "1999",
    "period": "Q3",
    "revenue": 4715000000,
    "costOfRevenue": 3235000000,
    "grossProfit": 1480000000,
    "grossProfitRatio": 0.3138918346,
    "researchAndDevelopmentExpenses": 151000000,
    "generalAndAdministrativeExpenses": 0,
    "sellingAndMarketingExpenses": 0,
    "sellingGeneralAndAdministrativeExpenses": 616000000,
    "otherExpenses": 235000000,
    "operatingExpenses": 1002000000,
    "costAndExpenses": 4237000000,
    "interestIncome": 0,
    "interestExpense": 142000000,
    "depreciationAndAmortization": 235000000,
    "ebitda": 713000000,
    "ebitdaratio": 0.1512195122,
    "operatingIncome": 478000000,
    "operatingIncomeRatio": 0.101378579,
    "totalOtherIncomeExpensesNet": -155000000,
    "incomeBeforeTax": 323000000,
    "incomeBeforeTaxRatio": 0.068504772,
    "incomeTaxExpense": 104000000,
    "netIncome": 219000000,
    "netIncomeRatio": 0.046447508,
    "eps": 0.31,
    "epsdiluted": 0.31,
    "weightedAverageShsOut": 734200000,
    "weightedAverageShsOutDil": 745000000,
    "link": "https://www.sec.gov/Archives/edgar/data/18230/000095013199005966/0000950131-99-005966-index.html",
    "finalLink": "https://www.sec.gov/Archives/edgar/data/18230/000095013199005966/0000950131-99-005966-d1.html"
  },
  {
    "date": "1999-06-30",
    "symbol": "CAT",
    "reportedCurrency": "USD",
    "cik": "0000018230",
    "fillingDate": "1999-08-13",
    "acceptedDate": "1999-08-13 00:00:00",
    "calendarYear": "1999",
    "period": "Q2",
    "revenue": 5101000000,
    "costOfRevenue": 3508000000,
    "grossProfit": 1593000000,
    "grossProfitRatio": 0.3122917075,
    "researchAndDevelopmentExpenses": 152000000,
    "generalAndAdministrativeExpenses": 0,
    "sellingAndMarketingExpenses": 0,
    "sellingGeneralAndAdministrativeExpenses": 632000000,
    "otherExpenses": 235000000,
    "operatingExpenses": 1019000000,
    "costAndExpenses": 4527000000,
    "interestIncome": 0,
    "interestExpense": 136000000,
    "depreciationAndAmortization": 235000000,
    "ebitda": 809000000,
    "ebitdaratio": 0.1585963537,
    "operatingIncome": 574000000,
    "operatingIncomeRatio": 0.1125269555,
    "totalOtherIncomeExpensesNet": -155000000,
    "incomeBeforeTax": 419000000,
    "incomeBeforeTaxRatio": 0.0821407567,
    "incomeTaxExpense": 136000000,
    "netIncome": 283000000,
    "netIncomeRatio": 0.0554793178,
    "eps": 0.4,
    "epsdiluted": 0.39,
    "weightedAverageShsOut": 734200000,
    "weightedAverageShsOutDil": 745000000,
    "link": "https://www.sec.gov/Archives/edgar/data/18230/000095013199004925/0000950131-99-004925-index.html",
    "finalLink": "https://www.sec.gov/Archives/edgar/data/18230/000095013199004925/0000950131-99-004925-d1.html"
  },
  {
    "date": "1999-03-31",
    "symbol": "CAT",
    "reportedCurrency": "USD",
    "cik": "0000018230",
    "fillingDate": "1999-05-06",
    "acceptedDate": "1999-05-06 00:00:00",
    "calendarYear": "1999",
    "period": "Q1",
    "revenue": 4867000000,
    "costOfRevenue": 3346000000,
    "grossProfit": 1521000000,
    "grossProfitRatio": 0.3125128416,
    "researchAndDevelopmentExpenses": 155000000,
    "generalAndAdministrativeExpenses": 0,
    "sellingAndMarketingExpenses": 0,
    "sellingGeneralAndAdministrativeExpenses": 653000000,
    "otherExpenses": 232000000,
    "operatingExpenses": 1040000000,
    "costAndExpenses": 4386000000,
    "interestIncome": 0,
    "interestExpense": 0,
    "depreciationAndAmortization": 232000000,
    "ebitda": 713000000,
    "ebitdaratio": 0.1464968153,
    "operatingIncome": 481000000,
    "operatingIncomeRatio": 0.0988288473,
    "totalOtherIncomeExpensesNet": -180000000,
    "incomeBeforeTax": 301000000,
    "incomeBeforeTaxRatio": 0.0618450791,
    "incomeTaxExpense": 96000000,
    "netIncome": 205000000,
    "netIncomeRatio": 0.0421204027,
    "eps": 0.29,
    "epsdiluted": 0.28,
    "weightedAverageShsOut": 734200000,
    "weightedAverageShsOutDil": 745000000,
    "link": "https://www.sec.gov/Archives/edgar/data/18230/000001823099000020/0000018230-99-000020-index.html",
    "finalLink": "https://www.sec.gov/Archives/edgar/data/18230/"
  },
  {
    "date": "1998-12-31",
    "symbol": "CAT",
    "reportedCurrency": "USD",
    "cik": "0000018230",
    "fillingDate": "1999-06-01",
    "acceptedDate": "1999-06-01 00:00:00",
    "calendarYear": "1998",
    "period": "Q4",
    "revenue": 5406000000,
    "costOfRevenue": 3758000000,
    "grossProfit": 1648000000,
    "grossProfitRatio": 0.3048464669,
    "researchAndDevelopmentExpenses": 160000000,
    "generalAndAdministrativeExpenses": 0,
    "sellingAndMarketingExpenses": 0,
    "sellingGeneralAndAdministrativeExpenses": 709000000,
    "otherExpenses": 213000000,
    "operatingExpenses": 1082000000,
    "costAndExpenses": 4840000000,
    "interestIncome": 0,
    "interestExpense": 0,
    "depreciationAndAmortization": 213000000,
    "ebitda": 779000000,
    "ebitdaratio": 0.1440991491,
    "operatingIncome": 566000000,
    "operatingIncomeRatio": 0.1046984832,
    "totalOtherIncomeExpensesNet": -165000000,
    "incomeBeforeTax": 401000000,
    "incomeBeforeTaxRatio": 0.0741768405,
    "incomeTaxExpense": 100000000,
    "netIncome": 301000000,
    "netIncomeRatio": 0.0556788753,
    "eps": 0.41,
    "epsdiluted": 0.41,
    "weightedAverageShsOut": 712276444,
    "weightedAverageShsOutDil": 734200000,
    "link": "https://www.sec.gov/Archives/edgar/data/18230/000095013199003526/0000950131-99-003526-index.html",
    "finalLink": "https://www.sec.gov/Archives/edgar/data/18230/000095013199003526/"
  },
  {
    "date": "1998-09-30",
    "symbol": "CAT",
    "reportedCurrency": "USD",
    "cik": "0000018230",
    "fillingDate": "1998-11-16",
    "acceptedDate": "1998-11-16 00:00:00",
    "calendarYear": "1998",
    "period": "Q3",
    "revenue": 5173000000,
    "costOfRevenue": 3525000000,
    "grossProfit": 1648000000,
    "grossProfitRatio": 0.3185772279,
    "researchAndDevelopmentExpenses": 163000000,
    "generalAndAdministrativeExpenses": 0,
    "sellingAndMarketingExpenses": 0,
    "sellingGeneralAndAdministrativeExpenses": 631000000,
    "otherExpenses": 223000000,
    "operatingExpenses": 1017000000,
    "costAndExpenses": 4542000000,
    "interestIncome": 0,
    "interestExpense": 0,
    "depreciationAndAmortization": 223000000,
    "ebitda": 854000000,
    "ebitdaratio": 0.1650879567,
    "operatingIncome": 631000000,
    "operatingIncomeRatio": 0.121979509,
    "totalOtherIncomeExpensesNet": -157000000,
    "incomeBeforeTax": 474000000,
    "incomeBeforeTaxRatio": 0.0916296153,
    "incomeTaxExpense": 138000000,
    "netIncome": 336000000,
    "netIncomeRatio": 0.0649526387,
    "eps": 0.47,
    "epsdiluted": 0.46,
    "weightedAverageShsOut": 722580645,
    "weightedAverageShsOutDil": 730434783,
    "link": "https://www.sec.gov/Archives/edgar/data/18230/000001823098000039/0000018230-98-000039-index.html",
    "finalLink": "https://www.sec.gov/Archives/edgar/data/18230/"
  },
  {
    "date": "1998-06-30",
    "symbol": "CAT",
    "reportedCurrency": "USD",
    "cik": "0000018230",
    "fillingDate": "1998-08-13",
    "acceptedDate": "1998-08-13 00:00:00",
    "calendarYear": "1998",
    "period": "Q2",
    "revenue": 5604000000,
    "costOfRevenue": 3753000000,
    "grossProfit": 1851000000,
    "grossProfitRatio": 0.3302997859,
    "researchAndDevelopmentExpenses": 165000000,
    "generalAndAdministrativeExpenses": 0,
    "sellingAndMarketingExpenses": 0,
    "sellingGeneralAndAdministrativeExpenses": 634000000,
    "otherExpenses": 225000000,
    "operatingExpenses": 1024000000,
    "costAndExpenses": 4777000000,
    "interestIncome": 0,
    "interestExpense": 0,
    "depreciationAndAmortization": 225000000,
    "ebitda": 1052000000,
    "ebitdaratio": 0.187723055,
    "operatingIncome": 827000000,
    "operatingIncomeRatio": 0.147573162,
    "totalOtherIncomeExpensesNet": -161000000,
    "incomeBeforeTax": 666000000,
    "incomeBeforeTaxRatio": 0.1188436831,
    "incomeTaxExpense": 220000000,
    "netIncome": 446000000,
    "netIncomeRatio": 0.07958601,
    "eps": 0.61,
    "epsdiluted": 0.6,
    "weightedAverageShsOut": 731147541,
    "weightedAverageShsOutDil": 743333333,
    "link": "https://www.sec.gov/Archives/edgar/data/18230/000001823098000029/0000018230-98-000029-index.html",
    "finalLink": "https://www.sec.gov/Archives/edgar/data/18230/"
  },
  {
    "date": "1998-03-31",
    "symbol": "CAT",
    "reportedCurrency": "USD",
    "cik": "0000018230",
    "fillingDate": "1998-05-13",
    "acceptedDate": "1998-05-13 00:00:00",
    "calendarYear": "1998",
    "period": "Q1",
    "revenue": 4794000000,
    "costOfRevenue": 3130000000,
    "grossProfit": 1664000000,
    "grossProfitRatio": 0.3471005423,
    "researchAndDevelopmentExpenses": 155000000,
    "generalAndAdministrativeExpenses": 0,
    "sellingAndMarketingExpenses": 0,
    "sellingGeneralAndAdministrativeExpenses": 587000000,
    "otherExpenses": 204000000,
    "operatingExpenses": 946000000,
    "costAndExpenses": 4076000000,
    "interestIncome": 0,
    "interestExpense": 0,
    "depreciationAndAmortization": 204000000,
    "ebitda": 922000000,
    "ebitdaratio": 0.192323738,
    "operatingIncome": 718000000,
    "operatingIncomeRatio": 0.1497705465,
    "totalOtherIncomeExpensesNet": -81000000,
    "incomeBeforeTax": 637000000,
    "incomeBeforeTaxRatio": 0.1328744264,
    "incomeTaxExpense": 207000000,
    "netIncome": 430000000,
    "netIncomeRatio": 0.0896954526,
    "eps": 0.59,
    "epsdiluted": 0.57,
    "weightedAverageShsOut": 734200000,
    "weightedAverageShsOutDil": 745000000,
    "link": "https://www.sec.gov/Archives/edgar/data/18230/000001823098000015/0000018230-98-000015-index.html",
    "finalLink": "https://www.sec.gov/Archives/edgar/data/18230/"
  },
  {
    "date": "1997-12-31",
    "symbol": "CAT",
    "reportedCurrency": "USD",
    "cik": "0000018230",
    "fillingDate": "1998-06-23",
    "acceptedDate": "1998-06-23 00:00:00",
    "calendarYear": "1997",
    "period": "Q4",
    "revenue": 5193000000,
    "costOfRevenue": 3492000000,
    "grossProfit": 1701000000,
    "grossProfitRatio": 0.3275563258,
    "researchAndDevelopmentExpenses": 144000000,
    "generalAndAdministrativeExpenses": 0,
    "sellingAndMarketingExpenses": 0,
    "sellingGeneralAndAdministrativeExpenses": 626000000,
    "otherExpenses": 173000000,
    "operatingExpenses": 943000000,
    "costAndExpenses": 4435000000,
    "interestIncome": 0,
    "interestExpense": 0,
    "depreciationAndAmortization": 173000000,
    "ebitda": 931000000,
    "ebitdaratio": 0.1792797997,
    "operatingIncome": 758000000,
    "operatingIncomeRatio": 0.1459657231,
    "totalOtherIncomeExpensesNet": -90000000,
    "incomeBeforeTax": 668000000,
    "incomeBeforeTaxRatio": 0.1286347006,
    "incomeTaxExpense": 217000000,
    "netIncome": 451000000,
    "netIncomeRatio": 0.0868476796,
    "eps": 0.61,
    "epsdiluted": 0.61,
    "weightedAverageShsOut": 734200000,
    "weightedAverageShsOutDil": 734200000,
    "link": "https://www.sec.gov/Archives/edgar/data/18230/000095013198003989/0000950131-98-003989-index.html",
    "finalLink": "https://www.sec.gov/Archives/edgar/data/18230/"
  },
  {
    "date": "1997-09-30",
    "symbol": "CAT",
    "reportedCurrency": "USD",
    "cik": "0000018230",
    "fillingDate": "1997-10-31",
    "acceptedDate": "1997-10-31 00:00:00",
    "calendarYear": "1997",
    "period": "Q3",
    "revenue": 4600000000,
    "costOfRevenue": 3089000000,
    "grossProfit": 1511000000,
    "grossProfitRatio": 0.3284782609,
    "researchAndDevelopmentExpenses": 132000000,
    "generalAndAdministrativeExpenses": 0,
    "sellingAndMarketingExpenses": 0,
    "sellingGeneralAndAdministrativeExpenses": 561000000,
    "otherExpenses": 189000000,
    "operatingExpenses": 882000000,
    "costAndExpenses": 3971000000,
    "interestIncome": 0,
    "interestExpense": 0,
    "depreciationAndAmortization": 189000000,
    "ebitda": 818000000,
    "ebitdaratio": 0.177826087,
    "operatingIncome": 629000000,
    "operatingIncomeRatio": 0.1367391304,
    "totalOtherIncomeExpensesNet": -78000000,
    "incomeBeforeTax": 551000000,
    "incomeBeforeTaxRatio": 0.1197826087,
    "incomeTaxExpense": 166000000,
    "netIncome": 385000000,
    "netIncomeRatio": 0.0836956522,
    "eps": 0.52,
    "epsdiluted": 0.51,
    "weightedAverageShsOut": 747572816,
    "weightedAverageShsOutDil": 762376238,
    "link": "https://www.sec.gov/Archives/edgar/data/18230/000001823097000038/0000018230-97-000038-index.html",
    "finalLink": "https://www.sec.gov/Archives/edgar/data/18230/"
  },
  {
    "date": "1997-06-30",
    "symbol": "CAT",
    "reportedCurrency": "USD",
    "cik": "0000018230",
    "fillingDate": "1997-08-06",
    "acceptedDate": "1997-08-06 00:00:00",
    "calendarYear": "1997",
    "period": "Q2",
    "revenue": 4870000000,
    "costOfRevenue": 3263000000,
    "grossProfit": 1607000000,
    "grossProfitRatio": 0.3299794661,
    "researchAndDevelopmentExpenses": 135000000,
    "generalAndAdministrativeExpenses": 0,
    "sellingAndMarketingExpenses": 0,
    "sellingGeneralAndAdministrativeExpenses": 547000000,
    "otherExpenses": 187000000,
    "operatingExpenses": 869000000,
    "costAndExpenses": 4132000000,
    "interestIncome": 0,
    "interestExpense": 0,
    "depreciationAndAmortization": 187000000,
    "ebitda": 925000000,
    "ebitdaratio": 0.1899383984,
    "operatingIncome": 738000000,
    "operatingIncomeRatio": 0.1515400411,
    "totalOtherIncomeExpensesNet": -86000000,
    "incomeBeforeTax": 652000000,
    "incomeBeforeTaxRatio": 0.1338809035,
    "incomeTaxExpense": 217000000,
    "netIncome": 435000000,
    "netIncomeRatio": 0.0893223819,
    "eps": 0.57,
    "epsdiluted": 0.56,
    "weightedAverageShsOut": 756521739,
    "weightedAverageShsOutDil": 769911504,
    "link": "https://www.sec.gov/Archives/edgar/data/18230/000001823097000030/0000018230-97-000030-index.html",
    "finalLink": "https://www.sec.gov/Archives/edgar/data/18230/"
  },
  {
    "date": "1997-03-31",
    "symbol": "CAT",
    "reportedCurrency": "USD",
    "cik": "0000018230",
    "fillingDate": "1997-04-30",
    "acceptedDate": "1997-04-30 00:00:00",
    "calendarYear": "1997",
    "period": "Q1",
    "revenue": 4262000000,
    "costOfRevenue": 2792000000,
    "grossProfit": 1470000000,
    "grossProfitRatio": 0.3449084937,
    "researchAndDevelopmentExpenses": 117000000,
    "generalAndAdministrativeExpenses": 0,
    "sellingAndMarketingExpenses": 0,
    "sellingGeneralAndAdministrativeExpenses": 498000000,
    "otherExpenses": 189000000,
    "operatingExpenses": 804000000,
    "costAndExpenses": 3596000000,
    "interestIncome": 0,
    "interestExpense": 0,
    "depreciationAndAmortization": 189000000,
    "ebitda": 855000000,
    "ebitdaratio": 0.2006100422,
    "operatingIncome": 666000000,
    "operatingIncomeRatio": 0.1562646645,
    "totalOtherIncomeExpensesNet": -76000000,
    "incomeBeforeTax": 590000000,
    "incomeBeforeTaxRatio": 0.1384326607,
    "incomeTaxExpense": 196000000,
    "netIncome": 394000000,
    "netIncomeRatio": 0.0924448616,
    "eps": 0.52,
    "epsdiluted": 0.52,
    "weightedAverageShsOut": 757692308,
    "weightedAverageShsOutDil": 765048544,
    "link": "https://www.sec.gov/Archives/edgar/data/18230/000001823097000013/0000018230-97-000013-index.html",
    "finalLink": "https://www.sec.gov/Archives/edgar/data/18230/"
  },
  {
    "date": "1996-12-31",
    "symbol": "CAT",
    "reportedCurrency": "USD",
    "cik": "0000018230",
    "fillingDate": "1997-06-30",
    "acceptedDate": "1997-06-30 00:00:00",
    "calendarYear": "1996",
    "period": "Q4",
    "revenue": 4465000000,
    "costOfRevenue": 2998000000,
    "grossProfit": 1467000000,
    "grossProfitRatio": 0.3285554311,
    "researchAndDevelopmentExpenses": 0,
    "generalAndAdministrativeExpenses": 0,
    "sellingAndMarketingExpenses": 0,
    "sellingGeneralAndAdministrativeExpenses": 692000000,
    "otherExpenses": 173000000,
    "operatingExpenses": 865000000,
    "costAndExpenses": 3863000000,
    "interestIncome": 0,
    "interestExpense": 0,
    "depreciationAndAmortization": 173000000,
    "ebitda": 775000000,
    "ebitdaratio": 0.1735722284,
    "operatingIncome": 602000000,
    "operatingIncomeRatio": 0.1348264278,
    "totalOtherIncomeExpensesNet": -70000000,
    "incomeBeforeTax": 532000000,
    "incomeBeforeTaxRatio": 0.1191489362,
    "incomeTaxExpense": 151000000,
    "netIncome": 381000000,
    "netIncomeRatio": 0.0853303471,
    "eps": 0.5,
    "epsdiluted": 0.5,
    "weightedAverageShsOut": 757692308,
    "weightedAverageShsOutDil": 757692308,
    "link": "https://www.sec.gov/Archives/edgar/data/18230/000095013197004218/0000950131-97-004218-index.html",
    "finalLink": "https://www.sec.gov/Archives/edgar/data/18230/"
  },
  {
    "date": "1996-09-30",
    "symbol": "CAT",
    "reportedCurrency": "USD",
    "cik": "0000018230",
    "fillingDate": "1996-11-04",
    "acceptedDate": "1996-11-04 00:00:00",
    "calendarYear": "1996",
    "period": "Q3",
    "revenue": 4033000000,
    "costOfRevenue": 2730000000,
    "grossProfit": 1303000000,
    "grossProfitRatio": 0.3230845524,
    "researchAndDevelopmentExpenses": 0,
    "generalAndAdministrativeExpenses": 0,
    "sellingAndMarketingExpenses": 0,
    "sellingGeneralAndAdministrativeExpenses": 596000000,
    "otherExpenses": 175000000,
    "operatingExpenses": 771000000,
    "costAndExpenses": 3501000000,
    "interestIncome": 0,
    "interestExpense": 0,
    "depreciationAndAmortization": 175000000,
    "ebitda": 707000000,
    "ebitdaratio": 0.1753037441,
    "operatingIncome": 532000000,
    "operatingIncomeRatio": 0.1319117282,
    "totalOtherIncomeExpensesNet": -84000000,
    "incomeBeforeTax": 448000000,
    "incomeBeforeTaxRatio": 0.1110835606,
    "incomeTaxExpense": 138000000,
    "netIncome": 310000000,
    "netIncomeRatio": 0.0768658567,
    "eps": 0.41,
    "epsdiluted": 0.41,
    "weightedAverageShsOut": 765432099,
    "weightedAverageShsOutDil": 765432099,
    "link": "https://www.sec.gov/Archives/edgar/data/18230/000001823096000027/0000018230-96-000027-index.html",
    "finalLink": "https://www.sec.gov/Archives/edgar/data/18230/"
  },
  {
    "date": "1996-06-30",
    "symbol": "CAT",
    "reportedCurrency": "USD",
    "cik": "0000018230",
    "fillingDate": "1996-08-14",
    "acceptedDate": "1996-08-14 00:00:00",
    "calendarYear": "1996",
    "period": "Q2",
    "revenue": 4180000000,
    "costOfRevenue": 2802000000,
    "grossProfit": 1378000000,
    "grossProfitRatio": 0.3296650718,
    "researchAndDevelopmentExpenses": 0,
    "generalAndAdministrativeExpenses": 0,
    "sellingAndMarketingExpenses": 0,
    "sellingGeneralAndAdministrativeExpenses": 568000000,
    "otherExpenses": 174000000,
    "operatingExpenses": 742000000,
    "costAndExpenses": 3544000000,
    "interestIncome": 0,
    "interestExpense": 0,
    "depreciationAndAmortization": 174000000,
    "ebitda": 810000000,
    "ebitdaratio": 0.1937799043,
    "operatingIncome": 636000000,
    "operatingIncomeRatio": 0.15215311,
    "totalOtherIncomeExpensesNet": -81000000,
    "incomeBeforeTax": 555000000,
    "incomeBeforeTaxRatio": 0.1327751196,
    "incomeTaxExpense": 181000000,
    "netIncome": 374000000,
    "netIncomeRatio": 0.0894736842,
    "eps": 0.49,
    "epsdiluted": 0.49,
    "weightedAverageShsOut": 771134021,
    "weightedAverageShsOutDil": 771134021,
    "link": "https://www.sec.gov/Archives/edgar/data/18230/000001823096000022/0000018230-96-000022-index.html",
    "finalLink": "https://www.sec.gov/Archives/edgar/data/18230/"
  },
  {
    "date": "1996-03-31",
    "symbol": "CAT",
    "reportedCurrency": "USD",
    "cik": "0000018230",
    "fillingDate": "1996-05-06",
    "acceptedDate": "1996-05-06 00:00:00",
    "calendarYear": "1996",
    "period": "Q1",
    "revenue": 3844000000,
    "costOfRevenue": 2590000000,
    "grossProfit": 1254000000,
    "grossProfitRatio": 0.3262226847,
    "researchAndDevelopmentExpenses": 0,
    "generalAndAdministrativeExpenses": 0,
    "sellingAndMarketingExpenses": 0,
    "sellingGeneralAndAdministrativeExpenses": 563000000,
    "otherExpenses": 174000000,
    "operatingExpenses": 737000000,
    "costAndExpenses": 3327000000,
    "interestIncome": 0,
    "interestExpense": 0,
    "depreciationAndAmortization": 174000000,
    "ebitda": 691000000,
    "ebitdaratio": 0.179760666,
    "operatingIncome": 517000000,
    "operatingIncomeRatio": 0.1344953174,
    "totalOtherIncomeExpensesNet": -78000000,
    "incomeBeforeTax": 439000000,
    "incomeBeforeTaxRatio": 0.1142039542,
    "incomeTaxExpense": 143000000,
    "netIncome": 296000000,
    "netIncomeRatio": 0.0770031217,
    "eps": 0.38,
    "epsdiluted": 0.38,
    "weightedAverageShsOut": 778947368,
    "weightedAverageShsOutDil": 778947368,
    "link": "https://www.sec.gov/Archives/edgar/data/18230/000001823096000005/0000018230-96-000005-index.html",
    "finalLink": "https://www.sec.gov/Archives/edgar/data/18230/"
  },
  {
    "date": "1995-12-31",
    "symbol": "CAT",
    "reportedCurrency": "USD",
    "cik": "0000018230",
    "fillingDate": "1996-05-28",
    "acceptedDate": "1996-05-28 00:00:00",
    "calendarYear": "1995",
    "period": "Q4",
    "revenue": 4213000000,
    "costOfRevenue": 2957000000,
    "grossProfit": 1256000000,
    "grossProfitRatio": 0.2981248516,
    "researchAndDevelopmentExpenses": 0,
    "generalAndAdministrativeExpenses": 0,
    "sellingAndMarketingExpenses": 0,
    "sellingGeneralAndAdministrativeExpenses": 564000000,
    "otherExpenses": 165000000,
    "operatingExpenses": 729000000,
    "costAndExpenses": 3686000000,
    "interestIncome": 0,
    "interestExpense": 0,
    "depreciationAndAmortization": 165000000,
    "ebitda": 692000000,
    "ebitdaratio": 0.1642535011,
    "operatingIncome": 527000000,
    "operatingIncomeRatio": 0.1250890102,
    "totalOtherIncomeExpensesNet": -94000000,
    "incomeBeforeTax": 433000000,
    "incomeBeforeTaxRatio": 0.1027771184,
    "incomeTaxExpense": 133000000,
    "netIncome": 300000000,
    "netIncomeRatio": 0.0712081652,
    "eps": 0.39,
    "epsdiluted": 0.39,
    "weightedAverageShsOut": 778947368,
    "weightedAverageShsOutDil": 778947368,
    "link": "https://www.sec.gov/Archives/edgar/data/18230/000095013196002501/0000950131-96-002501-index.html",
    "finalLink": "https://www.sec.gov/Archives/edgar/data/18230/"
  },
  {
    "date": "1995-09-30",
    "symbol": "CAT",
    "reportedCurrency": "USD",
    "cik": "0000018230",
    "fillingDate": "1995-10-27",
    "acceptedDate": "1995-10-27 00:00:00",
    "calendarYear": "1995",
    "period": "Q3",
    "revenue": 3733000000,
    "costOfRevenue": 2709000000,
    "grossProfit": 1024000000,
    "grossProfitRatio": 0.2743102063,
    "researchAndDevelopmentExpenses": 0,
    "generalAndAdministrativeExpenses": 0,
    "sellingAndMarketingExpenses": 0,
    "sellingGeneralAndAdministrativeExpenses": 498000000,
    "otherExpenses": 169000000,
    "operatingExpenses": 667000000,
    "costAndExpenses": 3376000000,
    "interestIncome": 0,
    "interestExpense": 0,
    "depreciationAndAmortization": 169000000,
    "ebitda": 526000000,
    "ebitdaratio": 0.140905438,
    "operatingIncome": 357000000,
    "operatingIncomeRatio": 0.0956335387,
    "totalOtherIncomeExpensesNet": -75000000,
    "incomeBeforeTax": 282000000,
    "incomeBeforeTaxRatio": 0.0755424591,
    "incomeTaxExpense": 69000000,
    "netIncome": 213000000,
    "netIncomeRatio": 0.057058666,
    "eps": 0.27,
    "epsdiluted": 0.27,
    "weightedAverageShsOut": 788888889,
    "weightedAverageShsOutDil": 788888889,
    "link": "https://www.sec.gov/Archives/edgar/data/18230/000001823095000017/0000018230-95-000017-index.html",
    "finalLink": "https://www.sec.gov/Archives/edgar/data/18230/"
  }
]