[
  {
    "date": "2024-12-31",
    "symbol": "CAT",
    "reportedCurrency": "USD",
    "cik": "0000018230",
    "fillingDate": "2025-02-14",
    "acceptedDate": "2025-02-14 09:36:30",
    "calendarYear": "2024",
    "period": "FY",
    "revenue": 64809000000,
    "costOfRevenue": 41485000000,
    "grossProfit": 23324000000,
    "grossProfitRatio": 0.3598882871,
    "researchAndDevelopmentExpenses": 2107000000,
    "generalAndAdministrativeExpenses": 0,
    "sellingAndMarketingExpenses": 0,
    "sellingGeneralAndAdministrativeExpenses": 6667000000,
    "otherExpenses": 1478000000,
    "operatingExpenses": 10252000000,
    "costAndExpenses": 51737000000,
    "interestIncome": 482000000,
    "interestExpense": 512000000,
    "depreciationAndAmortization": 2153000000,
    "ebitda": 16038000000,
    "ebitdaratio": 0.2474656298,
    "operatingIncome": 13072000000,
    "operatingIncomeRatio": 0.2017003811,
    "totalOtherIncomeExpensesNet": 345000000,
    "incomeBeforeTax": 13417000000,
    "incomeBeforeTaxRatio": 0.2070237158,
    "incomeTaxExpense": 2629000000,
    "netIncome": 10792000000,
    "netIncomeRatio": 0.1665200821,
    "eps": 22.17,
    "epsdiluted": 22.05,
    "weightedAverageShsOut": 486700000,
    "weightedAverageShsOutDil": 489400000,
    "link": "https://www.sec.gov/Archives/edgar/data/18230/000001823025000008/0000018230-25-000008-index.htm",
    "finalLink": "https://www.sec.gov/Archives/edgar/data/18230/000001823025000008/cat-20241231.htm"
  },
  {
    "date": "2023-12-31",
    "symbol": "CAT",
    "reportedCurrency": "USD",
    "cik": "0000018230",
    "fillingDate": "2024-02-16",
    "acceptedDate": "2024-02-16 10:05:13",
    "calendarYear": "2023",
    "period": "FY",
    "revenue": 67060000000,
    "costOfRevenue": 43797000000,
    "grossProfit": 23263000000,
    "grossProfitRatio": 0.3468983,
    "researchAndDevelopmentExpenses": 2108000000,
    "generalAndAdministrativeExpenses": 0,
    "sellingAndMarketingExpenses": 0,
    "sellingGeneralAndAdministrativeExpenses": 6371000000,
    "otherExpenses": 1818000000,
    "operatingExpenses": 10297000000,
    "costAndExpenses": 54094000000,
    "interestIncome": 494000000,
    "interestExpense": 511000000,
    "depreciationAndAmortization": 2144000000,
    "ebitda": 15705000000,
    "ebitdaratio": 0.2341932598,
    "operatingIncome": 12966000000,
    "operatingIncomeRatio": 0.1933492395,
    "totalOtherIncomeExpensesNet": 147000000,
    "incomeBeforeTax": 13113000000,
    "incomeBeforeTaxRatio": 0.1955413063,
    "incomeTaxExpense": 2781000000,
    "netIncome": 10335000000,
    "netIncomeRatio": 0.1541157173,
    "eps": 20.24,
    "epsdiluted": 20.12,
    "weightedAverageShsOut": 510600000,
    "weightedAverageShsOutDil": 513600000,
    "link": "https://www.sec.gov/Archives/edgar/data/18230/000001823024000009/0000018230-24-000009-index.htm",
    "finalLink": "https://www.sec.gov/Archives/edgar/data/18230/000001823024000009/cat-20231231.htm"
  },
  {
    "date": "2022-12-31",
    "symbol": "CAT",
    "reportedCurrency": "USD",
    "cik": "0000018230",
    "fillingDate": "2023-02-15",
    "acceptedDate": "2023-02-15 10:27:56",
    "calendarYear": "2022",
    "period": "FY",
    "revenue": 59427000000,
    "costOfRevenue": 41915000000,
    "grossProfit": 17512000000,
    "grossProfitRatio": 0.294680869,
    "researchAndDevelopmentExpenses": 1814000000,
    "generalAndAdministrativeExpenses": 0,
    "sellingAndMarketingExpenses": 0,
    "sellingGeneralAndAdministrativeExpenses": 5651000000,
    "otherExpenses": 2143000000,
    "operatingExpenses": 9608000000,
    "costAndExpenses": 51523000000,
    "interestIncome": 167000000,
    "interestExpense": 443000000,
    "depreciationAndAmortization": 2219000000,
    "ebitda": 11414000000,
    "ebitdaratio": 0.1920675787,
    "operatingIncome": 7904000000,
    "operatingIncomeRatio": 0.1330035169,
    "totalOtherIncomeExpensesNet": 867000000,
    "incomeBeforeTax": 8771000000,
    "incomeBeforeTaxRatio": 0.147592845,
    "incomeTaxExpense": 2067000000,
    "netIncome": 6705000000,
    "netIncomeRatio": 0.1128275027,
    "eps": 12.73,
    "epsdiluted": 12.64,
    "weightedAverageShsOut": 526900000,
    "weightedAverageShsOutDil": 530400000,
    "link": "https://www.sec.gov/Archives/edgar/data/18230/000001823023000011/0000018230-23-000011-index.htm",
    "finalLink": "https://www.sec.gov/Archives/edgar/data/18230/000001823023000011/cat-20221231.htm"
  },
  {
    "date": "2021-12-31",
    "symbol": "CAT",
    "reportedCurrency": "USD",
    "cik": "0000018230",
    "fillingDate": "2022-02-16",
    "acceptedDate": "2022-02-16 10:50:47",
    "calendarYear": "2021",
    "period": "FY",
    "revenue": 50971000000,
    "costOfRevenue": 35968000000,
    "grossProfit": 15003000000,
    "grossProfitRatio": 0.2943438426,
    "researchAndDevelopmentExpenses": 1686000000,
    "generalAndAdministrativeExpenses": 0,
    "sellingAndMarketingExpenses": 0,
    "sellingGeneralAndAdministrativeExpenses": 5365000000,
    "otherExpenses": 1074000000,
    "operatingExpenses": 8125000000,
    "costAndExpenses": 44093000000,
    "interestIncome": 80000000,
    "interestExpense": 485000000,
    "depreciationAndAmortization": 2352000000,
    "ebitda": 11044000000,
    "ebitdaratio": 0.2166722254,
    "operatingIncome": 6878000000,
    "operatingIncomeRatio": 0.1349394754,
    "totalOtherIncomeExpensesNet": 1357000000,
    "incomeBeforeTax": 8235000000,
    "incomeBeforeTaxRatio": 0.1615624571,
    "incomeTaxExpense": 1742000000,
    "netIncome": 6489000000,
    "netIncomeRatio": 0.1273076848,
    "eps": 11.93,
    "epsdiluted": 11.83,
    "weightedAverageShsOut": 544000000,
    "weightedAverageShsOutDil": 548500000,
    "link": "https://www.sec.gov/Archives/edgar/data/18230/000001823022000050/0000018230-22-000050-index.htm",
    "finalLink": "https://www.sec.gov/Archives/edgar/data/18230/000001823022000050/cat-20211231.htm"
  },
  {
    "date": "2020-12-31",
    "symbol": "CAT",
    "reportedCurrency": "USD",
    "cik": "0000018230",
    "fillingDate": "2021-02-17",
    "acceptedDate": "2021-02-17 10:41:38",
    "calendarYear": "2020",
    "period": "FY",
    "revenue": 41748000000,
    "costOfRevenue": 29671000000,
    "grossProfit": 12077000000,
    "grossProfitRatio": 0.289283319,
    "researchAndDevelopmentExpenses": 1415000000,
    "generalAndAdministrativeExpenses": 0,
    "sellingAndMarketingExpenses": 0,
    "sellingGeneralAndAdministrativeExpenses": 4642000000,
    "otherExpenses": 1467000000,
    "operatingExpenses": 7524000000,
    "costAndExpenses": 37195000000,
    "interestIncome": 112000000,
    "interestExpense": 510000000,
    "depreciationAndAmortization": 2432000000,
    "ebitda": 6941000000,
    "ebitdaratio": 0.1662594615,
    "operatingIncome": 4553000000,
    "operatingIncomeRatio": 0.1090591166,
    "totalOtherIncomeExpensesNet": -544000000,
    "incomeBeforeTax": 4009000000,
    "incomeBeforeTaxRatio": 0.0960285523,
    "incomeTaxExpense": 1006000000,
    "netIncome": 2998000000,
    "netIncomeRatio": 0.0718118233,
    "eps": 5.51,
    "epsdiluted": 5.46,
    "weightedAverageShsOut": 544100000,
    "weightedAverageShsOutDil": 548600000,
    "link": "https://www.sec.gov/Archives/edgar/data/18230/000001823021000063/0000018230-21-000063-index.htm",
    "finalLink": "https://www.sec.gov/Archives/edgar/data/18230/000001823021000063/cat-20201231.htm"
  },
  {
    "date": "2019-12-31",
    "symbol": "CAT",
    "reportedCurrency": "USD",
    "cik": "0000018230",
    "fillingDate": "2020-02-19",
    "acceptedDate": "2020-02-19 14:12:34",
    "calendarYear": "2019",
    "period": "FY",
    "revenue": 53800000000,
    "costOfRevenue": 37384000000,
    "grossProfit": 16416000000,
    "grossProfitRatio": 0.3051301115,
    "researchAndDevelopmentExpenses": 1693000000,
    "generalAndAdministrativeExpenses": 0,
    "sellingAndMarketingExpenses": 0,
    "sellingGeneralAndAdministrativeExpenses": 5162000000,
    "otherExpenses": 1271000000,
    "operatingExpenses": 8126000000,
    "costAndExpenses": 45510000000,
    "interestIncome": 202000000,
    "interestExpense": 417000000,
    "depreciationAndAmortization": 2577000000,
    "ebitda": 10810000000,
    "ebitdaratio": 0.200929368,
    "operatingIncome": 8290000000,
    "operatingIncomeRatio": 0.1540892193,
    "totalOtherIncomeExpensesNet": -450000000,
    "incomeBeforeTax": 7840000000,
    "incomeBeforeTaxRatio": 0.1457249071,
    "incomeTaxExpense": 1746000000,
    "netIncome": 6093000000,
    "netIncomeRatio": 0.1132527881,
    "eps": 10.85,
    "epsdiluted": 10.74,
    "weightedAverageShsOut": 561600000,
    "weightedAverageShsOutDil": 567500000,
    "link": "https://www.sec.gov/Archives/edgar/data/18230/000001823020000056/0000018230-20-000056-index.htm",
    "finalLink": "https://www.sec.gov/Archives/edgar/data/18230/000001823020000056/cat10-k12312019.htm"
  },
  {
    "date": "2018-12-31",
    "symbol": "CAT",
    "reportedCurrency": "USD",
    "cik": "0000018230",
    "fillingDate": "2019-02-14",
    "acceptedDate": "2019-02-14 13:25:13",
    "calendarYear": "2018",
    "period": "FY",
    "revenue": 54722000000,
    "costOfRevenue": 37719000000,
    "grossProfit": 17003000000,
    "grossProfitRatio": 0.3107159826,
    "researchAndDevelopmentExpenses": 1850000000,
    "generalAndAdministrativeExpenses": 0,
    "sellingAndMarketingExpenses": 0,
    "sellingGeneralAndAdministrativeExpenses": 5478000000,
    "otherExpenses": 1382000000,
    "operatingExpenses": 8710000000,
    "costAndExpenses": 46429000000,
    "interestIncome": 195000000,
    "interestExpense": 401000000,
    "depreciationAndAmortization": 2766000000,
    "ebitda": 10992000000,
    "ebitdaratio": 0.2008698512,
    "operatingIncome": 8293000000,
    "operatingIncomeRatio": 0.1515478235,
    "totalOtherIncomeExpensesNet": -447000000,
    "incomeBeforeTax": 7846000000,
    "incomeBeforeTaxRatio": 0.1433792625,
    "incomeTaxExpense": 1698000000,
    "netIncome": 6147000000,
    "netIncomeRatio": 0.1123314206,
    "eps": 10.39,
    "epsdiluted": 10.26,
    "weightedAverageShsOut": 591400000,
    "weightedAverageShsOutDil": 599400000,
    "link": "https://www.sec.gov/Archives/edgar/data/18230/000001823019000034/0000018230-19-000034-index.htm",
    "finalLink": "https://www.sec.gov/Archives/edgar/data/18230/000001823019000034/cat_10-kx12312018.htm"
  },
  {
    "date": "2017-12-31",
    "symbol": "CAT",
    "reportedCurrency": "USD",
    "cik": "0000018230",
    "fillingDate": "2018-02-15",
    "acceptedDate": "2018-02-15 12:14:45",
    "calendarYear": "2017",
    "period": "FY",
    "revenue": 45462000000,
    "costOfRevenue": 31906000000,
    "grossProfit": 13556000000,
    "grossProfitRatio": 0.298183098,
    "researchAndDevelopmentExpenses": 1842000000,
    "generalAndAdministrativeExpenses": 0,
    "sellingAndMarketingExpenses": 0,
    "sellingGeneralAndAdministrativeExpenses": 4999000000,
    "otherExpenses": 2255000000,
    "operatingExpenses": 9096000000,
    "costAndExpenses": 41002000000,
    "interestIncome": 122000000,
    "interestExpense": 522000000,
    "depreciationAndAmortization": 2877000000,
    "ebitda": 7490000000,
    "ebitdaratio": 0.1647529805,
    "operatingIncome": 4460000000,
    "operatingIncomeRatio": 0.098103911,
    "totalOtherIncomeExpensesNet": -362000000,
    "incomeBeforeTax": 4098000000,
    "incomeBeforeTaxRatio": 0.0901412168,
    "incomeTaxExpense": 3339000000,
    "netIncome": 754000000,
    "netIncomeRatio": 0.01658528,
    "eps": 1.27,
    "epsdiluted": 1.26,
    "weightedAverageShsOut": 591800000,
    "weightedAverageShsOutDil": 599300000,
    "link": "https://www.sec.gov/Archives/edgar/data/18230/000001823018000042/0000018230-18-000042-index.htm",
    "finalLink": "https://www.sec.gov/Archives/edgar/data/18230/000001823018000042/cat_10-kx12312017.htm"
  },
  {
    "date": "2016-12-31",
    "symbol": "CAT",
    "reportedCurrency": "USD",
    "cik": "0000018230",
    "fillingDate": "2017-02-15",
    "acceptedDate": "2017-02-15 13:45:35",
    "calendarYear": "2016",
    "period": "FY",
    "revenue": 38537000000,
    "costOfRevenue": 28640000000,
    "grossProfit": 9897000000,
    "grossProfitRatio": 0.2568181228,
    "researchAndDevelopmentExpenses": 1853000000,
    "generalAndAdministrativeExpenses": 0,
    "sellingAndMarketingExpenses": 0,
    "sellingGeneralAndAdministrativeExpenses": 4383000000,
    "otherExpenses": 2499000000,
    "operatingExpenses": 8735000000,
    "costAndExpenses": 37375000000,
    "interestIncome": 74000000,
    "interestExpense": 499000000,
    "depreciationAndAmortization": 3034000000,
    "ebitda": 3678000000,
    "ebitdaratio": 0.0954407453,
    "operatingIncome": 1162000000,
    "operatingIncomeRatio": 0.0301528401,
    "totalOtherIncomeExpensesNet": -1029000000,
    "incomeBeforeTax": 133000000,
    "incomeBeforeTaxRatio": 0.0034512287,
    "incomeTaxExpense": 192000000,
    "netIncome": -67000000,
    "netIncomeRatio": -0.0017385889,
    "eps": -0.11,
    "epsdiluted": -0.11,
    "weightedAverageShsOut": 584300000,
    "weightedAverageShsOutDil": 584300000,
    "link": "https://www.sec.gov/Archives/edgar/data/18230/000001823017000041/0000018230-17-000041-index.htm",
    "finalLink": "https://www.sec.gov/Archives/edgar/data/18230/000001823017000041/cat_10-kx12312016.htm"
  },
  {
    "date": "2015-12-31",
    "symbol": "CAT",
    "reportedCurrency": "USD",
    "cik": "0000018230",
    "fillingDate": "2016-02-16",
    "acceptedDate": "2016-02-16 11:20:14",
    "calendarYear": "2015",
    "period": "FY",
    "revenue": 47011000000,
    "costOfRevenue": 34133000000,
    "grossProfit": 12878000000,
    "grossProfitRatio": 0.2739358873,
    "researchAndDevelopmentExpenses": 2119000000,
    "generalAndAdministrativeExpenses": 0,
    "sellingAndMarketingExpenses": 0,
    "sellingGeneralAndAdministrativeExpenses": 4951000000,
    "otherExpenses": 2023000000,
    "operatingExpenses": 9093000000,
    "costAndExpenses": 43226000000,
    "interestIncome": 65000000,
    "interestExpense": 501000000,
    "depreciationAndAmortization": 3046000000,
    "ebitda": 6992000000,
    "ebitdaratio": 0.148731148,
    "operatingIncome": 3785000000,
    "operatingIncomeRatio": 0.0805130714,
    "totalOtherIncomeExpensesNet": -346000000,
    "incomeBeforeTax": 3439000000,
    "incomeBeforeTaxRatio": 0.0731530918,
    "incomeTaxExpense": 916000000,
    "netIncome": 2512000000,
    "netIncomeRatio": 0.0534343026,
    "eps": 4.23,
    "epsdiluted": 4.18,
    "weightedAverageShsOut": 594300000,
    "weightedAverageShsOutDil": 601300000,
    "link": "https://www.sec.gov/Archives/edgar/data/18230/000001823016000410/0000018230-16-000410-index.htm",
    "finalLink": "https://www.sec.gov/Archives/edgar/data/18230/000001823016000410/cat_10-kx12312015.htm"
  },
  {
    "date": "2014-12-31",
    "symbol": "CAT",
    "reportedCurrency": "USD",
    "cik": "0000018230",
    "fillingDate": "2015-02-17",
    "acceptedDate": "2015-02-17 17:15:52",
    "calendarYear": "2014",
    "period": "FY",
    "revenue": 55184000000,
    "costOfRevenue": 41342000000,
    "grossProfit": 13842000000,
    "grossProfitRatio": 0.2508335749,
    "researchAndDevelopmentExpenses": 2380000000,
    "generalAndAdministrativeExpenses": 0,
    "sellingAndMarketingExpenses": 0,
    "sellingGeneralAndAdministrativeExpenses": 6529000000,
    "otherExpenses": 1619000000,
    "operatingExpenses": 10528000000,
    "costAndExpenses": 51870000000,
    "interestIncome": 66000000,
    "interestExpense": 479000000,
    "depreciationAndAmortization": 3163000000,
    "ebitda": 6799000000,
    "ebitdaratio": 0.1232060017,
    "operatingIncome": 3314000000,
    "operatingIncomeRatio": 0.0600536387,
    "totalOtherIncomeExpensesNet": -154000000,
    "incomeBeforeTax": 3160000000,
    "incomeBeforeTaxRatio": 0.0572629748,
    "incomeTaxExpense": 692000000,
    "netIncome": 2452000000,
    "netIncomeRatio": 0.044433169,
    "eps": 5.99,
    "epsdiluted": 5.88,
    "weightedAverageShsOut": 617200000,
    "weightedAverageShsOutDil": 628900000,
    "link": "https://www.sec.gov/Archives/edgar/data/18230/000001823015000061/0000018230-15-000061-index.htm",
    "finalLink": "https://www.sec.gov/Archives/edgar/data/18230/000001823015000061/cat_10-kx12312014.htm"
  },
  {
    "date": "2013-12-31",
    "symbol": "CAT",
    "reportedCurrency": "USD",
    "cik": "0000018230",
    "fillingDate": "2014-02-18",
    "acceptedDate": "2014-02-18 14:25:26",
    "calendarYear": "2013",
    "period": "FY",
    "revenue": 55656000000,
    "costOfRevenue": 41454000000,
    "grossProfit": 14202000000,
    "grossProfitRatio": 0.2551746442,
    "researchAndDevelopmentExpenses": 2046000000,
    "generalAndAdministrativeExpenses": 0,
    "sellingAndMarketingExpenses": 0,
    "sellingGeneralAndAdministrativeExpenses": 5547000000,
    "otherExpenses": 981000000,
    "operatingExpenses": 8574000000,
    "costAndExpenses": 50028000000,
    "interestIncome": 84000000,
    "interestExpense": 465000000,
    "depreciationAndAmortization": 3087000000,
    "ebitda": 8680000000,
    "ebitdaratio": 0.1559580279,
    "operatingIncome": 5628000000,
    "operatingIncomeRatio": 0.1011211729,
    "totalOtherIncomeExpensesNet": -506000000,
    "incomeBeforeTax": 5122000000,
    "incomeBeforeTaxRatio": 0.0920296105,
    "incomeTaxExpense": 1319000000,
    "netIncome": 3789000000,
    "netIncomeRatio": 0.0680789133,
    "eps": 5.87,
    "epsdiluted": 5.75,
    "weightedAverageShsOut": 645200000,
    "weightedAverageShsOutDil": 658600000,
    "link": "https://www.sec.gov/Archives/edgar/data/18230/000001823014000058/0000018230-14-000058-index.htm",
    "finalLink": "https://www.sec.gov/Archives/edgar/data/18230/000001823014000058/cat_10-kx12312013.htm"
  },
  {
    "date": "2012-12-31",
    "symbol": "CAT",
    "reportedCurrency": "USD",
    "cik": "0000018230",
    "fillingDate": "2013-02-19",
    "acceptedDate": "2013-02-19 12:26:30",
    "calendarYear": "2012",
    "period": "FY",
    "revenue": 65875000000,
    "costOfRevenue": 47852000000,
    "grossProfit": 18023000000,
    "grossProfitRatio": 0.2735939279,
    "researchAndDevelopmentExpenses": 2466000000,
    "generalAndAdministrativeExpenses": 0,
    "sellingAndMarketingExpenses": 0,
    "sellingGeneralAndAdministrativeExpenses": 5919000000,
    "otherExpenses": 1065000000,
    "operatingExpenses": 9450000000,
    "costAndExpenses": 57302000000,
    "interestIncome": 82000000,
    "interestExpense": 467000000,
    "depreciationAndAmortization": 2813000000,
    "ebitda": 11516000000,
    "ebitdaratio": 0.1748159393,
    "operatingIncome": 8573000000,
    "operatingIncomeRatio": 0.1301404175,
    "totalOtherIncomeExpensesNet": -323000000,
    "incomeBeforeTax": 8250000000,
    "incomeBeforeTaxRatio": 0.1252371917,
    "incomeTaxExpense": 2528000000,
    "netIncome": 5681000000,
    "netIncomeRatio": 0.0862390892,
    "eps": 8.71,
    "epsdiluted": 8.48,
    "weightedAverageShsOut": 652600000,
    "weightedAverageShsOutDil": 669600000,
    "link": "https://www.sec.gov/Archives/edgar/data/18230/000001823013000075/0000018230-13-000075-index.htm",
    "finalLink": "https://www.sec.gov/Archives/edgar/data/18230/000001823013000075/cat_10-kx12312012.htm"
  },
  {
    "date": "2011-12-31",
    "symbol": "CAT",
    "reportedCurrency": "USD",
    "cik": "0000018230",
    "fillingDate": "2012-02-21",
    "acceptedDate": "2012-02-21 15:49:01",
    "calendarYear": "2011",
    "period": "FY",
    "revenue": 60138000000,
    "costOfRevenue": 44404000000,
    "grossProfit": 15734000000,
    "grossProfitRatio": 0.2616315807,
    "researchAndDevelopmentExpenses": 2297000000,
    "generalAndAdministrativeExpenses": 0,
    "sellingAndMarketingExpenses": 0,
    "sellingGeneralAndAdministrativeExpenses": 5203000000,
    "otherExpenses": 1081000000,
    "operatingExpenses": 8581000000,
    "costAndExpenses": 52985000000,
    "interestIncome": 85000000,
    "interestExpense": 385000000,
    "depreciationAndAmortization": 2527000000,
    "ebitda": 9648000000,
    "ebitdaratio": 0.1604310087,
    "operatingIncome": 7153000000,
    "operatingIncomeRatio": 0.1189430975,
    "totalOtherIncomeExpensesNet": -452000000,
    "incomeBeforeTax": 6701000000,
    "incomeBeforeTaxRatio": 0.1114270511,
    "incomeTaxExpense": 1720000000,
    "netIncome": 4928000000,
    "netIncomeRatio": 0.0819448602,
    "eps": 7.64,
    "epsdiluted": 7.4,
    "weightedAverageShsOut": 645000000,
    "weightedAverageShsOutDil": 666100000,
    "link": "https://www.sec.gov/Archives/edgar/data/18230/000110465912011331/0001104659-12-011331-index.htm",
    "finalLink": "https://www.sec.gov/Archives/edgar/data/18230/000110465912011331/a12-2184_110k.htm"
  },
  {
    "date": "2010-12-31",
    "symbol": "CAT",
    "reportedCurrency": "USD",
    "cik": "0000018230",
    "fillingDate": "2011-02-22",
    "acceptedDate": "2011-02-22 17:15:14",
    "calendarYear": "2010",
    "period": "FY",
    "revenue": 42588000000,
    "costOfRevenue": 31281000000,
    "grossProfit": 11307000000,
    "grossProfitRatio": 0.2654973232,
    "researchAndDevelopmentExpenses": 1905000000,
    "generalAndAdministrativeExpenses": 0,
    "sellingAndMarketingExpenses": 0,
    "sellingGeneralAndAdministrativeExpenses": 4248000000,
    "otherExpenses": 1191000000,
    "operatingExpenses": 7344000000,
    "costAndExpenses": 38625000000,
    "interestIncome": 86000000,
    "interestExpense": 343000000,
    "depreciationAndAmortization": 2296000000,
    "ebitda": 6389000000,
    "ebitdaratio": 0.1500187846,
    "operatingIncome": 3963000000,
    "operatingIncomeRatio": 0.0930543815,
    "totalOtherIncomeExpensesNet": -237000000,
    "incomeBeforeTax": 3726000000,
    "incomeBeforeTaxRatio": 0.0874894336,
    "incomeTaxExpense": 968000000,
    "netIncome": 2700000000,
    "netIncomeRatio": 0.0633981403,
    "eps": 4.28,
    "epsdiluted": 4.15,
    "weightedAverageShsOut": 631500000,
    "weightedAverageShsOutDil": 650400000,
    "link": "https://www.sec.gov/Archives/edgar/data/18230/000110465911008938/0001104659-11-008938-index.htm",
    "finalLink": "https://www.sec.gov/Archives/edgar/data/18230/000110465911008938/a10-18643_110k.htm"
  },
  {
    "date": "2009-12-31",
    "symbol": "CAT",
    "reportedCurrency": "USD",
    "cik": "0000018230",
    "fillingDate": "2010-02-19",
    "acceptedDate": "2010-02-19 12:42:45",
    "calendarYear": "2009",
    "period": "FY",
    "revenue": 32396000000,
    "costOfRevenue": 23886000000,
    "grossProfit": 8510000000,
    "grossProfitRatio": 0.2626867515,
    "researchAndDevelopmentExpenses": 1421000000,
    "generalAndAdministrativeExpenses": 0,
    "sellingAndMarketingExpenses": 0,
    "sellingGeneralAndAdministrativeExpenses": 3645000000,
    "otherExpenses": 2867000000,
    "operatingExpenses": 7933000000,
    "costAndExpenses": 31819000000,
    "interestIncome": 98000000,
    "interestExpense": 389000000,
    "depreciationAndAmortization": 2336000000,
    "ebitda": 4339000000,
    "ebitdaratio": 0.1339362884,
    "operatingIncome": 577000000,
    "operatingIncomeRatio": 0.0178108408,
    "totalOtherIncomeExpensesNet": -20000000,
    "incomeBeforeTax": 557000000,
    "incomeBeforeTaxRatio": 0.0171934807,
    "incomeTaxExpense": -270000000,
    "netIncome": 895000000,
    "netIncomeRatio": 0.0276268675,
    "eps": 1.45,
    "epsdiluted": 1.43,
    "weightedAverageShsOut": 615200000,
    "weightedAverageShsOutDil": 626000000,
    "link": "https://www.sec.gov/Archives/edgar/data/18230/000001823010000092/0000018230-10-000092-index.htm",
    "finalLink": "https://www.sec.gov/Archives/edgar/data/18230/000001823010000092/form10k_2009.htm"
  },
  {
    "date": "2008-12-31",
    "symbol": "CAT",
    "reportedCurrency": "USD",
    "cik": "0000018230",
    "fillingDate": "2009-02-20",
    "acceptedDate": "2009-02-20 14:49:22",
    "calendarYear": "2008",
    "period": "FY",
    "revenue": 51324000000,
    "costOfRevenue": 38415000000,
    "grossProfit": 12909000000,
    "grossProfitRatio": 0.2515197568,
    "researchAndDevelopmentExpenses": 1728000000,
    "generalAndAdministrativeExpenses": 0,
    "sellingAndMarketingExpenses": 0,
    "sellingGeneralAndAdministrativeExpenses": 4399000000,
    "otherExpenses": 2334000000,
    "operatingExpenses": 8461000000,
    "costAndExpenses": 46876000000,
    "interestIncome": 101000000,
    "interestExpense": 274000000,
    "depreciationAndAmortization": 1980000000,
    "ebitda": 7908000000,
    "ebitdaratio": 0.1540799626,
    "operatingIncome": 4448000000,
    "operatingIncomeRatio": 0.0866651079,
    "totalOtherIncomeExpensesNet": 90000000,
    "incomeBeforeTax": 4538000000,
    "incomeBeforeTaxRatio": 0.0884186735,
    "incomeTaxExpense": 953000000,
    "netIncome": 3557000000,
    "netIncomeRatio": 0.0693048087,
    "eps": 5.83,
    "epsdiluted": 5.66,
    "weightedAverageShsOut": 610500000,
    "weightedAverageShsOutDil": 627900000,
    "link": "https://www.sec.gov/Archives/edgar/data/18230/000001823009000063/0000018230-09-000063-index.htm",
    "finalLink": "https://www.sec.gov/Archives/edgar/data/18230/000001823009000063/form10k_2008.htm"
  },
  {
    "date": "2007-12-31",
    "symbol": "CAT",
    "reportedCurrency": "USD",
    "cik": "0000018230",
    "fillingDate": "2008-02-22",
    "acceptedDate": "2008-02-22 13:39:59",
    "calendarYear": "2007",
    "period": "FY",
    "revenue": 44958000000,
    "costOfRevenue": 32626000000,
    "grossProfit": 12332000000,
    "grossProfitRatio": 0.2743004582,
    "researchAndDevelopmentExpenses": 1404000000,
    "generalAndAdministrativeExpenses": 0,
    "sellingAndMarketingExpenses": 0,
    "sellingGeneralAndAdministrativeExpenses": 3821000000,
    "otherExpenses": 2186000000,
    "operatingExpenses": 7411000000,
    "costAndExpenses": 40037000000,
    "interestIncome": 99000000,
    "interestExpense": 288000000,
    "depreciationAndAmortization": 1797000000,
    "ebitda": 8207000000,
    "ebitdaratio": 0.1825481561,
    "operatingIncome": 4921000000,
    "operatingIncomeRatio": 0.1094577161,
    "totalOtherIncomeExpensesNet": 142000000,
    "incomeBeforeTax": 5063000000,
    "incomeBeforeTaxRatio": 0.1126162196,
    "incomeTaxExpense": 1485000000,
    "netIncome": 3541000000,
    "netIncomeRatio": 0.0787624005,
    "eps": 5.55,
    "epsdiluted": 5.37,
    "weightedAverageShsOut": 638200000,
    "weightedAverageShsOutDil": 659500000,
    "link": "https://www.sec.gov/Archives/edgar/data/18230/000001823008000052/0000018230-08-000052-index.htm",
    "finalLink": "https://www.sec.gov/Archives/edgar/data/18230/000001823008000052/form10k_2007.htm"
  },
  {
    "date": "2006-12-31",
    "symbol": "CAT",
    "reportedCurrency": "USD",
    "cik": "0000018230",
    "fillingDate": "2007-02-23",
    "acceptedDate": "2007-02-23 14:07:22",
    "calendarYear": "2006",
    "period": "FY",
    "revenue": 41517000000,
    "costOfRevenue": 29549000000,
    "grossProfit": 11968000000,
    "grossProfitRatio": 0.2882674567,
    "researchAndDevelopmentExpenses": 1347000000,
    "generalAndAdministrativeExpenses": 0,
    "sellingAndMarketingExpenses": 0,
    "sellingGeneralAndAdministrativeExpenses": 3706000000,
    "otherExpenses": 1994000000,
    "operatingExpenses": 7047000000,
    "costAndExpenses": 36596000000,
    "interestIncome": 83000000,
    "interestExpense": 274000000,
    "depreciationAndAmortization": 1602000000,
    "ebitda": 7760000000,
    "ebitdaratio": 0.1869113857,
    "operatingIncome": 4921000000,
    "operatingIncomeRatio": 0.1185297589,
    "totalOtherIncomeExpensesNet": 21000000,
    "incomeBeforeTax": 4942000000,
    "incomeBeforeTaxRatio": 0.1190355758,
    "incomeTaxExpense": 1405000000,
    "netIncome": 3537000000,
    "netIncomeRatio": 0.0851940169,
    "eps": 5.37,
    "epsdiluted": 5.17,
    "weightedAverageShsOut": 658700000,
    "weightedAverageShsOutDil": 683800000,
    "link": "https://www.sec.gov/Archives/edgar/data/18230/000001823007000053/0000018230-07-000053-index.htm",
    "finalLink": "https://www.sec.gov/Archives/edgar/data/18230/000001823007000053/form10k_2006.htm"
  },
  {
    "date": "2005-12-31",
    "symbol": "CAT",
    "reportedCurrency": "USD",
    "cik": "0000018230",
    "fillingDate": "2006-05-31",
    "acceptedDate": "2006-05-31 13:52:23",
    "calendarYear": "2005",
    "period": "FY",
    "revenue": 36339000000,
    "costOfRevenue": 26558000000,
    "grossProfit": 9781000000,
    "grossProfitRatio": 0.2691598558,
    "researchAndDevelopmentExpenses": 1084000000,
    "generalAndAdministrativeExpenses": 0,
    "sellingAndMarketingExpenses": 0,
    "sellingGeneralAndAdministrativeExpenses": 3190000000,
    "otherExpenses": 1723000000,
    "operatingExpenses": 5997000000,
    "costAndExpenses": 32555000000,
    "interestIncome": 97000000,
    "interestExpense": 260000000,
    "depreciationAndAmortization": 1477000000,
    "ebitda": 6406000000,
    "ebitdaratio": 0.1762844327,
    "operatingIncome": 3784000000,
    "operatingIncomeRatio": 0.1041305484,
    "totalOtherIncomeExpensesNet": 190000000,
    "incomeBeforeTax": 3974000000,
    "incomeBeforeTaxRatio": 0.1093590908,
    "incomeTaxExpense": 1120000000,
    "netIncome": 2854000000,
    "netIncomeRatio": 0.0785382096,
    "eps": 4.21,
    "epsdiluted": 4.04,
    "weightedAverageShsOut": 678400000,
    "weightedAverageShsOutDil": 705800000,
    "link": "https://www.sec.gov/Archives/edgar/data/18230/000001823006000262/0000018230-06-000262-index.htm",
    "finalLink": "https://www.sec.gov/Archives/edgar/data/18230/000001823006000262/form10ka_053106.htm"
  },
  {
    "date": "2004-12-31",
    "symbol": "CAT",
    "reportedCurrency": "USD",
    "cik": "0000018230",
    "fillingDate": "2005-05-27",
    "acceptedDate": "2005-05-27 11:48:24",
    "calendarYear": "2004",
    "period": "FY",
    "revenue": 30306000000,
    "costOfRevenue": 23244000000,
    "grossProfit": 7062000000,
    "grossProfitRatio": 0.2330231637,
    "researchAndDevelopmentExpenses": 928000000,
    "generalAndAdministrativeExpenses": 0,
    "sellingAndMarketingExpenses": 0,
    "sellingGeneralAndAdministrativeExpenses": 2926000000,
    "otherExpenses": 524000000,
    "operatingExpenses": 4378000000,
    "costAndExpenses": 27622000000,
    "interestIncome": 77000000,
    "interestExpense": 754000000,
    "depreciationAndAmortization": 1397000000,
    "ebitda": 4081000000,
    "ebitdaratio": 0.1346598033,
    "operatingIncome": 2684000000,
    "operatingIncomeRatio": 0.0885633208,
    "totalOtherIncomeExpensesNet": 82000000,
    "incomeBeforeTax": 2766000000,
    "incomeBeforeTaxRatio": 0.0912690556,
    "incomeTaxExpense": 731000000,
    "netIncome": 2035000000,
    "netIncomeRatio": 0.0671484195,
    "eps": 3.97,
    "epsdiluted": 3.86,
    "weightedAverageShsOut": 513050000,
    "weightedAverageShsOutDil": 527650000,
    "link": "https://www.sec.gov/Archives/edgar/data/18230/000001823005000404/0000018230-05-000404-index.htm",
    "finalLink": "https://www.sec.gov/Archives/edgar/data/18230/000001823005000404/form10ka_1.htm"
  },
  {
    "date": "2003-12-31",
    "symbol": "CAT",
    "reportedCurrency": "USD",
    "cik": "0000018230",
    "fillingDate": "2004-05-28",
    "acceptedDate": "2004-05-27 20:10:54",
    "calendarYear": "2003",
    "period": "FY",
    "revenue": 22807000000,
    "costOfRevenue": 16997000000,
    "grossProfit": 5810000000,
    "grossProfitRatio": 0.2547463498,
    "researchAndDevelopmentExpenses": 669000000,
    "generalAndAdministrativeExpenses": 0,
    "sellingAndMarketingExpenses": 0,
    "sellingGeneralAndAdministrativeExpenses": 2322000000,
    "otherExpenses": 1149000000,
    "operatingExpenses": 4140000000,
    "costAndExpenses": 21137000000,
    "interestIncome": 0,
    "interestExpense": 720000000,
    "depreciationAndAmortization": 1347000000,
    "ebitda": 3544000000,
    "ebitdaratio": 0.1553908888,
    "operatingIncome": 1670000000,
    "operatingIncomeRatio": 0.0732231332,
    "totalOtherIncomeExpensesNet": -173000000,
    "incomeBeforeTax": 1497000000,
    "incomeBeforeTaxRatio": 0.0656377428,
    "incomeTaxExpense": 398000000,
    "netIncome": 1099000000,
    "netIncomeRatio": 0.0481869601,
    "eps": 1.59,
    "epsdiluted": 1.56,
    "weightedAverageShsOut": 690400000,
    "weightedAverageShsOutDil": 702700000,
    "link": "https://www.sec.gov/Archives/edgar/data/18230/000001823004000320/0000018230-04-000320-index.htm",
    "finalLink": "https://www.sec.gov/Archives/edgar/data/18230/000001823004000320/form10ka_052004.htm"
  },
  {
    "date": "2002-12-31",
    "symbol": "CAT",
    "reportedCurrency": "USD",
    "cik": "0000018230",
    "fillingDate": "2003-03-31",
    "acceptedDate": "2003-03-31 17:10:42",
    "calendarYear": "2002",
    "period": "FY",
    "revenue": 20152000000,
    "costOfRevenue": 15146000000,
    "grossProfit": 5006000000,
    "grossProfitRatio": 0.2484120683,
    "researchAndDevelopmentExpenses": 656000000,
    "generalAndAdministrativeExpenses": 0,
    "sellingAndMarketingExpenses": 0,
    "sellingGeneralAndAdministrativeExpenses": 2094000000,
    "otherExpenses": 932000000,
    "operatingExpenses": 3682000000,
    "costAndExpenses": 18828000000,
    "interestIncome": 0,
    "interestExpense": 521000000,
    "depreciationAndAmortization": 1220000000,
    "ebitda": 3134000000,
    "ebitdaratio": 0.1555180627,
    "operatingIncome": 1324000000,
    "operatingIncomeRatio": 0.0657006749,
    "totalOtherIncomeExpensesNet": -214000000,
    "incomeBeforeTax": 1110000000,
    "incomeBeforeTaxRatio": 0.0550813815,
    "incomeTaxExpense": 312000000,
    "netIncome": 798000000,
    "netIncomeRatio": 0.0395990472,
    "eps": 1.16,
    "epsdiluted": 1.15,
    "weightedAverageShsOut": 688000000,
    "weightedAverageShsOutDil": 693800000,
    "link": "https://www.sec.gov/Archives/edgar/data/18230/000001823003000130/0000018230-03-000130-index.htm",
    "finalLink": "https://www.sec.gov/Archives/edgar/data/18230/000001823003000130/form10k_2002.htm"
  },
  {
    "date": "2001-12-31",
    "symbol": "CAT",
    "reportedCurrency": "USD",
    "cik": "0000018230",
    "fillingDate": "2003-01-21",
    "acceptedDate": "2003-01-21 15:30:50",
    "calendarYear": "2001",
    "period": "FY",
    "revenue": 20450000000,
    "costOfRevenue": 15219000000,
    "grossProfit": 5231000000,
    "grossProfitRatio": 0.255794621,
    "researchAndDevelopmentExpenses": 696000000,
    "generalAndAdministrativeExpenses": 0,
    "sellingAndMarketingExpenses": 0,
    "sellingGeneralAndAdministrativeExpenses": 2567000000,
    "otherExpenses": 657000000,
    "operatingExpenses": 3920000000,
    "costAndExpenses": 19139000000,
    "interestIncome": 0,
    "interestExpense": 0,
    "depreciationAndAmortization": 1169000000,
    "ebitda": 2480000000,
    "ebitdaratio": 0.1212713936,
    "operatingIncome": 1311000000,
    "operatingIncomeRatio": 0.0641075795,
    "totalOtherIncomeExpensesNet": -139000000,
    "incomeBeforeTax": 1172000000,
    "incomeBeforeTaxRatio": 0.0573105134,
    "incomeTaxExpense": 367000000,
    "netIncome": 805000000,
    "netIncomeRatio": 0.0393643032,
    "eps": 1.17,
    "epsdiluted": 1.16,
    "weightedAverageShsOut": 686600000,
    "weightedAverageShsOutDil": 694200000,
    "link": "https://www.sec.gov/Archives/edgar/data/18230/000001823003000051/0000018230-03-000051-index.htm",
    "finalLink": "https://www.sec.gov/Archives/edgar/data/18230/000001823003000051/form10-ka_2001.htm"
  },
  {
    "date": "2000-12-31",
    "symbol": "CAT",
    "reportedCurrency": "USD",
    "cik": "0000018230",
    "fillingDate": "2001-06-13",
    "acceptedDate": "2001-06-13 00:00:00",
    "calendarYear": "2000",
    "period": "FY",
    "revenue": 20175000000,
    "costOfRevenue": 14497000000,
    "grossProfit": 5678000000,
    "grossProfitRatio": 0.2814374226,
    "researchAndDevelopmentExpenses": 649000000,
    "generalAndAdministrativeExpenses": 0,
    "sellingAndMarketingExpenses": 0,
    "sellingGeneralAndAdministrativeExpenses": 2604000000,
    "otherExpenses": 0,
    "operatingExpenses": 3253000000,
    "costAndExpenses": 17750000000,
    "interestIncome": 0,
    "interestExpense": 0,
    "depreciationAndAmortization": 1022000000,
    "ebitda": 3447000000,
    "ebitdaratio": 0.1708550186,
    "operatingIncome": 2425000000,
    "operatingIncomeRatio": 0.1201982652,
    "totalOtherIncomeExpensesNet": -925000000,
    "incomeBeforeTax": 1500000000,
    "incomeBeforeTaxRatio": 0.0743494424,
    "incomeTaxExpense": 447000000,
    "netIncome": 1053000000,
    "netIncomeRatio": 0.0521933086,
    "eps": 1.52,
    "epsdiluted": 1.51,
    "weightedAverageShsOut": 692763158,
    "weightedAverageShsOutDil": 697350993,
    "link": "https://www.sec.gov/Archives/edgar/data/18230/000001823001500053/0000018230-01-500053-index.htm",
    "finalLink": "https://www.sec.gov/Archives/edgar/data/18230/000001823001500053/tenka.htm"
  },
  {
    "date": "1999-12-31",
    "symbol": "CAT",
    "reportedCurrency": "USD",
    "cik": "0000018230",
    "fillingDate": "2000-03-30",
    "acceptedDate": "2000-03-30 00:00:00",
    "calendarYear": "1999",
    "period": "FY",
    "revenue": 19702000000,
    "costOfRevenue": 13536000000,
    "grossProfit": 6166000000,
    "grossProfitRatio": 0.3129631509,
    "researchAndDevelopmentExpenses": 626000000,
    "generalAndAdministrativeExpenses": 0,
    "sellingAndMarketingExpenses": 0,
    "sellingGeneralAndAdministrativeExpenses": 2541000000,
    "otherExpenses": 945000000,
    "operatingExpenses": 4112000000,
    "costAndExpenses": 17648000000,
    "interestIncome": 0,
    "interestExpense": 0,
    "depreciationAndAmortization": 945000000,
    "ebitda": 2999000000,
    "ebitdaratio": 0.1522180489,
    "operatingIncome": 2054000000,
    "operatingIncomeRatio": 0.1042533753,
    "totalOtherIncomeExpensesNet": -653000000,
    "incomeBeforeTax": 1401000000,
    "incomeBeforeTaxRatio": 0.071109532,
    "incomeTaxExpense": 455000000,
    "netIncome": 946000000,
    "netIncomeRatio": 0.0480154299,
    "eps": 1.33,
    "epsdiluted": 1.32,
    "weightedAverageShsOut": 710800000,
    "weightedAverageShsOutDil": 718800000,
    "link": "https://www.sec.gov/Archives/edgar/data/18230/000102140800001352/0001021408-00-001352-index.html",
    "finalLink": "https://www.sec.gov/Archives/edgar/data/18230/000102140800001352/0001021408-00-001352-d1.html"
  },
  {
    "date": "1998-12-31",
    "symbol": "CAT",
    "reportedCurrency": "USD",
    "cik": "0000018230",
    "fillingDate": "1999-06-01",
    "acceptedDate": "1999-06-01 00:00:00",
    "calendarYear": "1998",
    "period": "FY",
    "revenue": 20977000000,
    "costOfRevenue": 14166000000,
    "grossProfit": 6811000000,
    "grossProfitRatio": 0.324688945,
    "researchAndDevelopmentExpenses": 643000000,
    "generalAndAdministrativeExpenses": 0,
    "sellingAndMarketingExpenses": 0,
    "sellingGeneralAndAdministrativeExpenses": 2561000000,
    "otherExpenses": 865000000,
    "operatingExpenses": 4069000000,
    "costAndExpenses": 18235000000,
    "interestIncome": 0,
    "interestExpense": 0,
    "depreciationAndAmortization": 865000000,
    "ebitda": 3607000000,
    "ebitdaratio": 0.1719502312,
    "operatingIncome": 2742000000,
    "operatingIncomeRatio": 0.1307145922,
    "totalOtherIncomeExpensesNet": -564000000,
    "incomeBeforeTax": 2178000000,
    "incomeBeforeTaxRatio": 0.1038280021,
    "incomeTaxExpense": 665000000,
    "netIncome": 1513000000,
    "netIncomeRatio": 0.0721266149,
    "eps": 2.09,
    "epsdiluted": 2.06,
    "weightedAverageShsOut": 725659472,
    "weightedAverageShsOutDil": 736253041,
    "link": "https://www.sec.gov/Archives/edgar/data/18230/000095013199003526/0000950131-99-003526-index.html",
    "finalLink": "https://www.sec.gov/Archives/edgar/data/18230/000095013199003526/"
  },
  {
    "date": "1997-12-31",
    "symbol": "CAT",
    "reportedCurrency": "USD",
    "cik": "0000018230",
    "fillingDate": "1998-06-23",
    "acceptedDate": "1998-06-23 00:00:00",
    "calendarYear": "1997",
    "period": "FY",
    "revenue": 18925000000,
    "costOfRevenue": 12636000000,
    "grossProfit": 6289000000,
    "grossProfitRatio": 0.3323117569,
    "researchAndDevelopmentExpenses": 528000000,
    "generalAndAdministrativeExpenses": 0,
    "sellingAndMarketingExpenses": 0,
    "sellingGeneralAndAdministrativeExpenses": 2232000000,
    "otherExpenses": 738000000,
    "operatingExpenses": 3498000000,
    "costAndExpenses": 16134000000,
    "interestIncome": 0,
    "interestExpense": 0,
    "depreciationAndAmortization": 738000000,
    "ebitda": 3529000000,
    "ebitdaratio": 0.1864729194,
    "operatingIncome": 2791000000,
    "operatingIncomeRatio": 0.1474768824,
    "totalOtherIncomeExpensesNet": -330000000,
    "incomeBeforeTax": 2461000000,
    "incomeBeforeTaxRatio": 0.1300396301,
    "incomeTaxExpense": 796000000,
    "netIncome": 1665000000,
    "netIncomeRatio": 0.0879788639,
    "eps": 2.22,
    "epsdiluted": 2.18,
    "weightedAverageShsOut": 750000000,
    "weightedAverageShsOutDil": 762013730,
    "link": "https://www.sec.gov/Archives/edgar/data/18230/000095013198003989/0000950131-98-003989-index.html",
    "finalLink": "https://www.sec.gov/Archives/edgar/data/18230/"
  },
  {
    "date": "1996-12-31",
    "symbol": "CAT",
    "reportedCurrency": "USD",
    "cik": "0000018230",
    "fillingDate": "1997-06-30",
    "acceptedDate": "1997-06-30 00:00:00",
    "calendarYear": "1996",
    "period": "FY",
    "revenue": 16522000000,
    "costOfRevenue": 11136000000,
    "grossProfit": 5386000000,
    "grossProfitRatio": 0.3259895896,
    "researchAndDevelopmentExpenses": 0,
    "generalAndAdministrativeExpenses": 0,
    "sellingAndMarketingExpenses": 0,
    "sellingGeneralAndAdministrativeExpenses": 2403000000,
    "otherExpenses": 696000000,
    "operatingExpenses": 3099000000,
    "costAndExpenses": 14235000000,
    "interestIncome": 0,
    "interestExpense": 0,
    "depreciationAndAmortization": 696000000,
    "ebitda": 2983000000,
    "ebitdaratio": 0.1805471493,
    "operatingIncome": 2287000000,
    "operatingIncomeRatio": 0.1384214986,
    "totalOtherIncomeExpensesNet": -313000000,
    "incomeBeforeTax": 1974000000,
    "incomeBeforeTaxRatio": 0.1194770609,
    "incomeTaxExpense": 613000000,
    "netIncome": 1361000000,
    "netIncomeRatio": 0.0823750151,
    "eps": 1.77,
    "epsdiluted": 1.75,
    "weightedAverageShsOut": 770014144,
    "weightedAverageShsOutDil": 777777778,
    "link": "https://www.sec.gov/Archives/edgar/data/18230/000095013197004218/0000950131-97-004218-index.html",
    "finalLink": "https://www.sec.gov/Archives/edgar/data/18230/"
  },
  {
    "date": "1995-12-31",
    "symbol": "CAT",
    "reportedCurrency": "USD",
    "cik": "0000018230",
    "fillingDate": "1996-05-28",
    "acceptedDate": "1996-05-28 00:00:00",
    "calendarYear": "1995",
    "period": "FY",
    "revenue": 16072000000,
    "costOfRevenue": 11318000000,
    "grossProfit": 4754000000,
    "grossProfitRatio": 0.2957939273,
    "researchAndDevelopmentExpenses": 0,
    "generalAndAdministrativeExpenses": 0,
    "sellingAndMarketingExpenses": 0,
    "sellingGeneralAndAdministrativeExpenses": 2098000000,
    "otherExpenses": 682000000,
    "operatingExpenses": 2780000000,
    "costAndExpenses": 14098000000,
    "interestIncome": 0,
    "interestExpense": 0,
    "depreciationAndAmortization": 682000000,
    "ebitda": 2656000000,
    "ebitdaratio": 0.1652563464,
    "operatingIncome": 1974000000,
    "operatingIncomeRatio": 0.1228222997,
    "totalOtherIncomeExpensesNet": -337000000,
    "incomeBeforeTax": 1637000000,
    "incomeBeforeTaxRatio": 0.1018541563,
    "incomeTaxExpense": 501000000,
    "netIncome": 1136000000,
    "netIncomeRatio": 0.0706819313,
    "eps": 1.43,
    "epsdiluted": 1.42,
    "weightedAverageShsOut": 794405594,
    "weightedAverageShsOutDil": 800000000,
    "link": "https://www.sec.gov/Archives/edgar/data/18230/000095013196002501/0000950131-96-002501-index.html",
    "finalLink": "https://www.sec.gov/Archives/edgar/data/18230/"
  },
  {
    "date": "1994-12-31",
    "symbol": "CAT",
    "reportedCurrency": "USD",
    "cik": "0000018230",
    "fillingDate": "1995-02-23",
    "acceptedDate": "1995-02-23 00:00:00",
    "calendarYear": "1994",
    "period": "FY",
    "revenue": 14328000000,
    "costOfRevenue": 10151000000,
    "grossProfit": 4177000000,
    "grossProfitRatio": 0.2915270798,
    "researchAndDevelopmentExpenses": 0,
    "generalAndAdministrativeExpenses": 0,
    "sellingAndMarketingExpenses": 0,
    "sellingGeneralAndAdministrativeExpenses": 1850000000,
    "otherExpenses": 683000000,
    "operatingExpenses": 2533000000,
    "costAndExpenses": 12684000000,
    "interestIncome": 0,
    "interestExpense": 0,
    "depreciationAndAmortization": 683000000,
    "ebitda": 2327000000,
    "ebitdaratio": 0.1624092686,
    "operatingIncome": 1644000000,
    "operatingIncomeRatio": 0.1147403685,
    "totalOtherIncomeExpensesNet": -335000000,
    "incomeBeforeTax": 1309000000,
    "incomeBeforeTaxRatio": 0.0913595757,
    "incomeTaxExpense": 354000000,
    "netIncome": 955000000,
    "netIncomeRatio": 0.066652708,
    "eps": 1.18,
    "epsdiluted": 1.16,
    "weightedAverageShsOut": 812765957,
    "weightedAverageShsOutDil": 822400000,
    "link": "https://www.sec.gov/Archives/edgar/data/18230/000095013195000431/0000950131-95-000431-index.html",
    "finalLink": "https://www.sec.gov/Archives/edgar/data/18230/"
  },
  {
    "date": "1993-12-31",
    "symbol": "CAT",
    "reportedCurrency": "USD",
    "cik": "0000018230",
    "fillingDate": "1994-03-02",
    "acceptedDate": "1994-03-02 00:00:00",
    "calendarYear": "1993",
    "period": "FY",
    "revenue": 11615000000,
    "costOfRevenue": 8407000000,
    "grossProfit": 3208000000,
    "grossProfitRatio": 0.276194576,
    "researchAndDevelopmentExpenses": 0,
    "generalAndAdministrativeExpenses": 0,
    "sellingAndMarketingExpenses": 0,
    "sellingGeneralAndAdministrativeExpenses": 1742000000,
    "otherExpenses": 668000000,
    "operatingExpenses": 2410000000,
    "costAndExpenses": 10817000000,
    "interestIncome": 0,
    "interestExpense": 0,
    "depreciationAndAmortization": 668000000,
    "ebitda": 1466000000,
    "ebitdaratio": 0.1262160999,
    "operatingIncome": 798000000,
    "operatingIncomeRatio": 0.0687042617,
    "totalOtherIncomeExpensesNet": -75000000,
    "incomeBeforeTax": 723000000,
    "incomeBeforeTaxRatio": 0.0622470943,
    "incomeTaxExpense": 42000000,
    "netIncome": 652000000,
    "netIncomeRatio": 0.0561343091,
    "eps": 0.76,
    "epsdiluted": 0.76,
    "weightedAverageShsOut": 852287582,
    "weightedAverageShsOutDil": 857894737,
    "link": "https://www.sec.gov/Archives/edgar/data/18230/000001823094000007/0000018230-94-000007-index.html",
    "finalLink": "https://www.sec.gov/Archives/edgar/data/18230/"
  },
  {
    "date": "1992-12-31",
    "symbol": "CAT",
    "reportedCurrency": "USD",
    "cik": "0000018230",
    "fillingDate": "1992-12-31",
    "acceptedDate": "1992-12-30 19:00:00",
    "calendarYear": "1992",
    "period": "FY",
    "revenue": 10194000000,
    "costOfRevenue": 7790000000,
    "grossProfit": 2404000000,
    "grossProfitRatio": 0.2358249951,
    "researchAndDevelopmentExpenses": 0,
    "generalAndAdministrativeExpenses": 0,
    "sellingAndMarketingExpenses": 0,
    "sellingGeneralAndAdministrativeExpenses": 1719000000,
    "otherExpenses": 654000000,
    "operatingExpenses": 2373000000,
    "costAndExpenses": 10163000000,
    "interestIncome": 0,
    "interestExpense": 0,
    "depreciationAndAmortization": 654000000,
    "ebitda": 685000000,
    "ebitdaratio": 0.06719639,
    "operatingIncome": 31000000,
    "operatingIncomeRatio": 0.0030410045,
    "totalOtherIncomeExpensesNet": -363000000,
    "incomeBeforeTax": -332000000,
    "incomeBeforeTaxRatio": -0.0325681774,
    "incomeTaxExpense": -114000000,
    "netIncome": -2435000000,
    "netIncomeRatio": -0.2388659996,
    "eps": -3.02,
    "epsdiluted": -3.02,
    "weightedAverageShsOut": 807628524,
    "weightedAverageShsOutDil": 807628524,
    "link": "",
    "finalLink": ""
  },
  {
    "date": "1991-12-31",
    "symbol": "CAT",
    "reportedCurrency": "USD",
    "cik": "0000018230",
    "fillingDate": "1991-12-31",
    "acceptedDate": "1991-12-30 19:00:00",
    "calendarYear": "1991",
    "period": "FY",
    "revenue": 10182000000,
    "costOfRevenue": 7849000000,
    "grossProfit": 2333000000,
    "grossProfitRatio": 0.229129837,
    "researchAndDevelopmentExpenses": 0,
    "generalAndAdministrativeExpenses": 0,
    "sellingAndMarketingExpenses": 0,
    "sellingGeneralAndAdministrativeExpenses": 1911000000,
    "otherExpenses": 602000000,
    "operatingExpenses": 2513000000,
    "costAndExpenses": 10362000000,
    "interestIncome": 0,
    "interestExpense": 0,
    "depreciationAndAmortization": 602000000,
    "ebitda": 422000000,
    "ebitdaratio": 0.0414456885,
    "operatingIncome": -180000000,
    "operatingIncomeRatio": -0.0176782557,
    "totalOtherIncomeExpensesNet": -376000000,
    "incomeBeforeTax": -556000000,
    "incomeBeforeTaxRatio": -0.0546061677,
    "incomeTaxExpense": -152000000,
    "netIncome": -404000000,
    "netIncomeRatio": -0.0396778629,
    "eps": -0.5,
    "epsdiluted": -0.5,
    "weightedAverageShsOut": 808000000,
    "weightedAverageShsOutDil": 808000000,
    "link": "",
    "finalLink": ""
  },
  {
    "date": "1990-12-31",
    "symbol": "CAT",
    "reportedCurrency": "USD",
    "cik": "0000018230",
    "fillingDate": "1990-12-31",
    "acceptedDate": "1990-12-30 19:00:00",
    "calendarYear": "1990",
    "period": "FY",
    "revenue": 11436000000,
    "costOfRevenue": 8685000000,
    "grossProfit": 2751000000,
    "grossProfitRatio": 0.2405561385,
    "researchAndDevelopmentExpenses": 0,
    "generalAndAdministrativeExpenses": 0,
    "sellingAndMarketingExpenses": 0,
    "sellingGeneralAndAdministrativeExpenses": 1676000000,
    "otherExpenses": 533000000,
    "operatingExpenses": 2209000000,
    "costAndExpenses": 10894000000,
    "interestIncome": 0,
    "interestExpense": 0,
    "depreciationAndAmortization": 533000000,
    "ebitda": 1075000000,
    "ebitdaratio": 0.0940013991,
    "operatingIncome": 542000000,
    "operatingIncomeRatio": 0.0473941938,
    "totalOtherIncomeExpensesNet": -254000000,
    "incomeBeforeTax": 288000000,
    "incomeBeforeTaxRatio": 0.0251836306,
    "incomeTaxExpense": 78000000,
    "netIncome": 210000000,
    "netIncomeRatio": 0.018363064,
    "eps": 0.26,
    "epsdiluted": 0.26,
    "weightedAverageShsOut": 807692308,
    "weightedAverageShsOutDil": 807692308,
    "link": "",
    "finalLink": ""
  },
  {
    "date": "1989-12-31",
    "symbol": "CAT",
    "reportedCurrency": "USD",
    "cik": "0000018230",
    "fillingDate": "1989-12-31",
    "acceptedDate": "1989-12-30 19:00:00",
    "calendarYear": "1989",
    "period": "FY",
    "revenue": 11126000000,
    "costOfRevenue": 8256000000,
    "grossProfit": 2870000000,
    "grossProfitRatio": 0.2579543412,
    "researchAndDevelopmentExpenses": 0,
    "generalAndAdministrativeExpenses": 0,
    "sellingAndMarketingExpenses": 0,
    "sellingGeneralAndAdministrativeExpenses": 1573000000,
    "otherExpenses": 471000000,
    "operatingExpenses": 2044000000,
    "costAndExpenses": 10300000000,
    "interestIncome": 0,
    "interestExpense": 0,
    "depreciationAndAmortization": 471000000,
    "ebitda": 1297000000,
    "ebitdaratio": 0.1165737911,
    "operatingIncome": 826000000,
    "operatingIncomeRatio": 0.0742405177,
    "totalOtherIncomeExpensesNet": -167000000,
    "incomeBeforeTax": 659000000,
    "incomeBeforeTaxRatio": 0.059230631,
    "incomeTaxExpense": 162000000,
    "netIncome": 497000000,
    "netIncomeRatio": 0.044670142,
    "eps": 0.62,
    "epsdiluted": 0.62,
    "weightedAverageShsOut": 808130081,
    "weightedAverageShsOutDil": 808130081,
    "link": "",
    "finalLink": ""
  },
  {
    "date": "1988-12-31",
    "symbol": "CAT",
    "reportedCurrency": "USD",
    "cik": "0000018230",
    "fillingDate": "1988-12-31",
    "acceptedDate": "1988-12-30 19:00:00",
    "calendarYear": "1988",
    "period": "FY",
    "revenue": 10435000000,
    "costOfRevenue": 7577000000,
    "grossProfit": 2858000000,
    "grossProfitRatio": 0.2738859607,
    "researchAndDevelopmentExpenses": 0,
    "generalAndAdministrativeExpenses": 0,
    "sellingAndMarketingExpenses": 0,
    "sellingGeneralAndAdministrativeExpenses": 1424000000,
    "otherExpenses": 434000000,
    "operatingExpenses": 1858000000,
    "costAndExpenses": 9435000000,
    "interestIncome": 0,
    "interestExpense": 0,
    "depreciationAndAmortization": 434000000,
    "ebitda": 1434000000,
    "ebitdaratio": 0.137422137,
    "operatingIncome": 1000000000,
    "operatingIncomeRatio": 0.0958313368,
    "totalOtherIncomeExpensesNet": -122000000,
    "incomeBeforeTax": 878000000,
    "incomeBeforeTaxRatio": 0.0841399138,
    "incomeTaxExpense": 262000000,
    "netIncome": 616000000,
    "netIncomeRatio": 0.0590321035,
    "eps": 0.76,
    "epsdiluted": 0.76,
    "weightedAverageShsOut": 810526316,
    "weightedAverageShsOutDil": 810526316,
    "link": "",
    "finalLink": ""
  },
  {
    "date": "1987-12-31",
    "symbol": "CAT",
    "reportedCurrency": "USD",
    "cik": "0000018230",
    "fillingDate": "1987-12-31",
    "acceptedDate": "1987-12-30 19:00:00",
    "calendarYear": "1987",
    "period": "FY",
    "revenue": 8180000000,
    "costOfRevenue": 6120000000,
    "grossProfit": 2060000000,
    "grossProfitRatio": 0.2518337408,
    "researchAndDevelopmentExpenses": 0,
    "generalAndAdministrativeExpenses": 0,
    "sellingAndMarketingExpenses": 0,
    "sellingGeneralAndAdministrativeExpenses": 1175000000,
    "otherExpenses": 403000000,
    "operatingExpenses": 1578000000,
    "costAndExpenses": 7698000000,
    "interestIncome": 0,
    "interestExpense": 0,
    "depreciationAndAmortization": 403000000,
    "ebitda": 885000000,
    "ebitdaratio": 0.108190709,
    "operatingIncome": 482000000,
    "operatingIncomeRatio": 0.0589242054,
    "totalOtherIncomeExpensesNet": -47000000,
    "incomeBeforeTax": 435000000,
    "incomeBeforeTaxRatio": 0.0531784841,
    "incomeTaxExpense": 116000000,
    "netIncome": 319000000,
    "netIncomeRatio": 0.038997555,
    "eps": 0.4,
    "epsdiluted": 0.4,
    "weightedAverageShsOut": 797500000,
    "weightedAverageShsOutDil": 797500000,
    "link": "",
    "finalLink": ""
  },
  {
    "date": "1986-12-31",
    "symbol": "CAT",
    "reportedCurrency": "USD",
    "cik": "0000018230",
    "fillingDate": "1986-12-31",
    "acceptedDate": "1986-12-30 19:00:00",
    "calendarYear": "1986",
    "period": "FY",
    "revenue": 7321000000,
    "costOfRevenue": 5516000000,
    "grossProfit": 1805000000,
    "grossProfitRatio": 0.2465510176,
    "researchAndDevelopmentExpenses": 0,
    "generalAndAdministrativeExpenses": 0,
    "sellingAndMarketingExpenses": 0,
    "sellingGeneralAndAdministrativeExpenses": 1120000000,
    "otherExpenses": 436000000,
    "operatingExpenses": 1556000000,
    "costAndExpenses": 7072000000,
    "interestIncome": 0,
    "interestExpense": 0,
    "depreciationAndAmortization": 436000000,
    "ebitda": 685000000,
    "ebitdaratio": 0.0935664527,
    "operatingIncome": 249000000,
    "operatingIncomeRatio": 0.034011747,
    "totalOtherIncomeExpensesNet": -150000000,
    "incomeBeforeTax": 99000000,
    "incomeBeforeTaxRatio": 0.0135227428,
    "incomeTaxExpense": 23000000,
    "netIncome": 76000000,
    "netIncomeRatio": 0.0103810955,
    "eps": 0.1,
    "epsdiluted": 0.1,
    "weightedAverageShsOut": 760000000,
    "weightedAverageShsOutDil": 760000000,
    "link": "",
    "finalLink": ""
  },
  {
    "date": "1985-12-31",
    "symbol": "CAT",
    "reportedCurrency": "USD",
    "cik": "0000018230",
    "fillingDate": "1985-12-31",
    "acceptedDate": "1985-12-30 19:00:00",
    "calendarYear": "1985",
    "period": "FY",
    "revenue": 6725000000,
    "costOfRevenue": 4880000000,
    "grossProfit": 1845000000,
    "grossProfitRatio": 0.2743494424,
    "researchAndDevelopmentExpenses": 0,
    "generalAndAdministrativeExpenses": 0,
    "sellingAndMarketingExpenses": 0,
    "sellingGeneralAndAdministrativeExpenses": 1067000000,
    "otherExpenses": 476000000,
    "operatingExpenses": 1543000000,
    "costAndExpenses": 6423000000,
    "interestIncome": 0,
    "interestExpense": 0,
    "depreciationAndAmortization": 476000000,
    "ebitda": 778000000,
    "ebitdaratio": 0.1156877323,
    "operatingIncome": 302000000,
    "operatingIncomeRatio": 0.0449070632,
    "totalOtherIncomeExpensesNet": -77000000,
    "incomeBeforeTax": 225000000,
    "incomeBeforeTaxRatio": 0.0334572491,
    "incomeTaxExpense": 27000000,
    "netIncome": 198000000,
    "netIncomeRatio": 0.0294423792,
    "eps": 0.26,
    "epsdiluted": 0.26,
    "weightedAverageShsOut": 776470588,
    "weightedAverageShsOutDil": 776470588,
    "link": "",
    "finalLink": ""
  }
]