[
  {
    "date": "2025-06-30",
    "symbol": "CB",
    "reportedCurrency": "USD",
    "cik": "0000896159",
    "fillingDate": "2025-07-28",
    "acceptedDate": "2025-07-28 16:20:05",
    "calendarYear": "2025",
    "period": "Q2",
    "revenue": 14898000000,
    "costOfRevenue": 10410000000,
    "grossProfit": 4488000000,
    "grossProfitRatio": 0.3012484897,
    "researchAndDevelopmentExpenses": 0,
    "generalAndAdministrativeExpenses": 1125000000,
    "sellingAndMarketingExpenses": 0,
    "sellingGeneralAndAdministrativeExpenses": 1125000000,
    "otherExpenses": -353000000,
    "operatingExpenses": 772000000,
    "costAndExpenses": 11182000000,
    "interestIncome": 8000000,
    "interestExpense": 181000000,
    "depreciationAndAmortization": 74000000,
    "ebitda": 3971000000,
    "ebitdaratio": 0.2665458451,
    "operatingIncome": 3232000000,
    "operatingIncomeRatio": 0.2169418714,
    "totalOtherIncomeExpensesNet": 484000000,
    "incomeBeforeTax": 3716000000,
    "incomeBeforeTaxRatio": 0.2494294536,
    "incomeTaxExpense": 717000000,
    "netIncome": 2968000000,
    "netIncomeRatio": 0.199221372,
    "eps": 7.35,
    "epsdiluted": 7.35,
    "weightedAverageShsOut": 403800000,
    "weightedAverageShsOutDil": 403800000,
    "link": "https://www.sec.gov/Archives/edgar/data/896159/000089615925000012/0000896159-25-000012-index.htm",
    "finalLink": "https://www.sec.gov/Archives/edgar/data/896159/000089615925000012/cb-20250630.htm"
  },
  {
    "date": "2025-03-31",
    "symbol": "CB",
    "reportedCurrency": "USD",
    "cik": "0000896159",
    "fillingDate": "2025-04-28",
    "acceptedDate": "2025-04-28 16:12:05",
    "calendarYear": "2025",
    "period": "Q1",
    "revenue": 13480000000,
    "costOfRevenue": 10528000000,
    "grossProfit": 2952000000,
    "grossProfitRatio": 0.2189910979,
    "researchAndDevelopmentExpenses": 0,
    "generalAndAdministrativeExpenses": 1080000000,
    "sellingAndMarketingExpenses": 0,
    "sellingGeneralAndAdministrativeExpenses": 1080000000,
    "otherExpenses": 208000000,
    "operatingExpenses": 1288000000,
    "costAndExpenses": 11816000000,
    "interestIncome": 17000000,
    "interestExpense": 181000000,
    "depreciationAndAmortization": 75000000,
    "ebitda": 1920000000,
    "ebitdaratio": 0.1424332344,
    "operatingIncome": 1752000000,
    "operatingIncomeRatio": 0.1299703264,
    "totalOtherIncomeExpensesNet": -88000000,
    "incomeBeforeTax": 1664000000,
    "incomeBeforeTaxRatio": 0.1234421365,
    "incomeTaxExpense": 321000000,
    "netIncome": 1331000000,
    "netIncomeRatio": 0.0987388724,
    "eps": 3.32,
    "epsdiluted": 3.29,
    "weightedAverageShsOut": 400748485,
    "weightedAverageShsOutDil": 404700000,
    "link": "https://www.sec.gov/Archives/edgar/data/896159/000089615925000007/0000896159-25-000007-index.htm",
    "finalLink": "https://www.sec.gov/Archives/edgar/data/896159/000089615925000007/cb-20250331.htm"
  },
  {
    "date": "2024-12-31",
    "symbol": "CB",
    "reportedCurrency": "USD",
    "cik": "0000896159",
    "fillingDate": "2025-02-27",
    "acceptedDate": "2025-02-27 15:56:15",
    "calendarYear": "2024",
    "period": "Q4",
    "revenue": 14180000000,
    "costOfRevenue": 9944000000,
    "grossProfit": 4236000000,
    "grossProfitRatio": 0.2987306065,
    "researchAndDevelopmentExpenses": 0,
    "generalAndAdministrativeExpenses": 1122000000,
    "sellingAndMarketingExpenses": 0,
    "sellingGeneralAndAdministrativeExpenses": 1122000000,
    "otherExpenses": -5000000,
    "operatingExpenses": 1117000000,
    "costAndExpenses": 11061000000,
    "interestIncome": 22000000,
    "interestExpense": 189000000,
    "depreciationAndAmortization": 82000000,
    "ebitda": 3390000000,
    "ebitdaratio": 0.2390691114,
    "operatingIncome": 3308000000,
    "operatingIncomeRatio": 0.2332863188,
    "totalOtherIncomeExpensesNet": -189000000,
    "incomeBeforeTax": 3119000000,
    "incomeBeforeTaxRatio": 0.2199576869,
    "incomeTaxExpense": 479000000,
    "netIncome": 2575000000,
    "netIncomeRatio": 0.1815937941,
    "eps": 6.39,
    "epsdiluted": 6.33,
    "weightedAverageShsOut": 406900000,
    "weightedAverageShsOutDil": 427741000,
    "link": "https://www.sec.gov/Archives/edgar/data/896159/000089615925000004/0000896159-25-000004-index.htm",
    "finalLink": "https://www.sec.gov/Archives/edgar/data/896159/000089615925000004/cb-20241231.htm"
  },
  {
    "date": "2024-09-30",
    "symbol": "CB",
    "reportedCurrency": "USD",
    "cik": "0000896159",
    "fillingDate": "2024-10-30",
    "acceptedDate": "2024-10-30 13:30:51",
    "calendarYear": "2024",
    "period": "Q3",
    "revenue": 15102000000,
    "costOfRevenue": 11036000000,
    "grossProfit": 4066000000,
    "grossProfitRatio": 0.2692358628,
    "researchAndDevelopmentExpenses": 0,
    "generalAndAdministrativeExpenses": 1094000000,
    "sellingAndMarketingExpenses": 0,
    "sellingGeneralAndAdministrativeExpenses": 1094000000,
    "otherExpenses": -22000000,
    "operatingExpenses": 1072000000,
    "costAndExpenses": 12108000000,
    "interestIncome": 20000000,
    "interestExpense": 192000000,
    "depreciationAndAmortization": 81000000,
    "ebitda": 3267000000,
    "ebitdaratio": 0.2163289631,
    "operatingIncome": 3186000000,
    "operatingIncomeRatio": 0.210965435,
    "totalOtherIncomeExpensesNet": -192000000,
    "incomeBeforeTax": 2994000000,
    "incomeBeforeTaxRatio": 0.1982518872,
    "incomeTaxExpense": 504000000,
    "netIncome": 2324000000,
    "netIncomeRatio": 0.1538869024,
    "eps": 5.77,
    "epsdiluted": 5.7,
    "weightedAverageShsOut": 403831412,
    "weightedAverageShsOutDil": 407878727,
    "link": "https://www.sec.gov/Archives/edgar/data/896159/000089615924000013/0000896159-24-000013-index.htm",
    "finalLink": "https://www.sec.gov/Archives/edgar/data/896159/000089615924000013/cb-20240930.htm"
  },
  {
    "date": "2024-06-30",
    "symbol": "CB",
    "reportedCurrency": "USD",
    "cik": "0000896159",
    "fillingDate": "2024-07-26",
    "acceptedDate": "2024-07-26 15:52:33",
    "calendarYear": "2024",
    "period": "Q2",
    "revenue": 13932000000,
    "costOfRevenue": 9905000000,
    "grossProfit": 4027000000,
    "grossProfitRatio": 0.2890467987,
    "researchAndDevelopmentExpenses": 0,
    "generalAndAdministrativeExpenses": 1094000000,
    "sellingAndMarketingExpenses": 0,
    "sellingGeneralAndAdministrativeExpenses": 1094000000,
    "otherExpenses": 227000000,
    "operatingExpenses": 1321000000,
    "costAndExpenses": 11226000000,
    "interestIncome": 23000000,
    "interestExpense": 182000000,
    "depreciationAndAmortization": 80000000,
    "ebitda": 2968000000,
    "ebitdaratio": 0.2130347402,
    "operatingIncome": 2888000000,
    "operatingIncomeRatio": 0.2072925639,
    "totalOtherIncomeExpensesNet": -182000000,
    "incomeBeforeTax": 2706000000,
    "incomeBeforeTaxRatio": 0.1942291128,
    "incomeTaxExpense": 490000000,
    "netIncome": 2230000000,
    "netIncomeRatio": 0.1600631639,
    "eps": 5.51,
    "epsdiluted": 5.46,
    "weightedAverageShsOut": 404615765,
    "weightedAverageShsOutDil": 408606667,
    "link": "https://www.sec.gov/Archives/edgar/data/896159/000089615924000010/0000896159-24-000010-index.htm",
    "finalLink": "https://www.sec.gov/Archives/edgar/data/896159/000089615924000010/cb-20240630.htm"
  },
  {
    "date": "2024-03-31",
    "symbol": "CB",
    "reportedCurrency": "USD",
    "cik": "0000896159",
    "fillingDate": "2024-04-26",
    "acceptedDate": "2024-04-26 14:53:38",
    "calendarYear": "2024",
    "period": "Q1",
    "revenue": 12905000000,
    "costOfRevenue": 9093000000,
    "grossProfit": 3812000000,
    "grossProfitRatio": 0.295389384,
    "researchAndDevelopmentExpenses": 0,
    "generalAndAdministrativeExpenses": 1070000000,
    "sellingAndMarketingExpenses": 0,
    "sellingGeneralAndAdministrativeExpenses": 1070000000,
    "otherExpenses": 106000000,
    "operatingExpenses": 1176000000,
    "costAndExpenses": 10269000000,
    "interestIncome": 15000000,
    "interestExpense": 178000000,
    "depreciationAndAmortization": 80000000,
    "ebitda": 2894000000,
    "ebitdaratio": 0.2242541651,
    "operatingIncome": 2814000000,
    "operatingIncomeRatio": 0.2180550174,
    "totalOtherIncomeExpensesNet": -178000000,
    "incomeBeforeTax": 2636000000,
    "incomeBeforeTaxRatio": 0.204261914,
    "incomeTaxExpense": 342000000,
    "netIncome": 2143000000,
    "netIncomeRatio": 0.1660596668,
    "eps": 5.28,
    "epsdiluted": 5.23,
    "weightedAverageShsOut": 405662694,
    "weightedAverageShsOutDil": 409739635,
    "link": "https://www.sec.gov/Archives/edgar/data/896159/000089615924000006/0000896159-24-000006-index.htm",
    "finalLink": "https://www.sec.gov/Archives/edgar/data/896159/000089615924000006/cb-20240331.htm"
  },
  {
    "date": "2023-12-31",
    "symbol": "CB",
    "reportedCurrency": "USD",
    "cik": "0000896159",
    "fillingDate": "2024-02-23",
    "acceptedDate": "2024-02-23 17:08:16",
    "calendarYear": "2023",
    "period": "Q4",
    "revenue": 13237000000,
    "costOfRevenue": 0,
    "grossProfit": 13237000000,
    "grossProfitRatio": 1,
    "researchAndDevelopmentExpenses": 0,
    "generalAndAdministrativeExpenses": 1048000000,
    "sellingAndMarketingExpenses": 0,
    "sellingGeneralAndAdministrativeExpenses": 1048000000,
    "otherExpenses": 9577000000,
    "operatingExpenses": 10625000000,
    "costAndExpenses": 10625000000,
    "interestIncome": 0,
    "interestExpense": 173000000,
    "depreciationAndAmortization": 84000000,
    "ebitda": 2869000000,
    "ebitdaratio": 0.2167409534,
    "operatingIncome": 2612000000,
    "operatingIncomeRatio": 0.197325678,
    "totalOtherIncomeExpensesNet": 0,
    "incomeBeforeTax": 2612000000,
    "incomeBeforeTaxRatio": 0.197325678,
    "incomeTaxExpense": -678000000,
    "netIncome": 3300000000,
    "netIncomeRatio": 0.2493012012,
    "eps": 8.1,
    "epsdiluted": 8.04,
    "weightedAverageShsOut": 407200000,
    "weightedAverageShsOutDil": 410700000,
    "link": "https://www.sec.gov/Archives/edgar/data/896159/000089615924000003/0000896159-24-000003-index.htm",
    "finalLink": "https://www.sec.gov/Archives/edgar/data/896159/000089615924000003/cb-20231231.htm"
  },
  {
    "date": "2023-09-30",
    "symbol": "CB",
    "reportedCurrency": "USD",
    "cik": "0000896159",
    "fillingDate": "2023-11-01",
    "acceptedDate": "2023-11-01 16:14:17",
    "calendarYear": "2023",
    "period": "Q3",
    "revenue": 13921000000,
    "costOfRevenue": 0,
    "grossProfit": 13921000000,
    "grossProfitRatio": 1,
    "researchAndDevelopmentExpenses": 0,
    "generalAndAdministrativeExpenses": 1060000000,
    "sellingAndMarketingExpenses": 0,
    "sellingGeneralAndAdministrativeExpenses": 1060000000,
    "otherExpenses": 10408000000,
    "operatingExpenses": 11468000000,
    "costAndExpenses": 11468000000,
    "interestIncome": 0,
    "interestExpense": 174000000,
    "depreciationAndAmortization": 84000000,
    "ebitda": 2711000000,
    "ebitdaratio": 0.1947417571,
    "operatingIncome": 2453000000,
    "operatingIncomeRatio": 0.1762086057,
    "totalOtherIncomeExpensesNet": 0,
    "incomeBeforeTax": 2453000000,
    "incomeBeforeTaxRatio": 0.1762086057,
    "incomeTaxExpense": 413000000,
    "netIncome": 2043000000,
    "netIncomeRatio": 0.1467566985,
    "eps": 5,
    "epsdiluted": 4.95,
    "weightedAverageShsOut": 409505454,
    "weightedAverageShsOutDil": 412600000,
    "link": "https://www.sec.gov/Archives/edgar/data/896159/000089615923000016/0000896159-23-000016-index.htm",
    "finalLink": "https://www.sec.gov/Archives/edgar/data/896159/000089615923000016/cb-20230930.htm"
  },
  {
    "date": "2023-06-30",
    "symbol": "CB",
    "reportedCurrency": "USD",
    "cik": "0000896159",
    "fillingDate": "2023-07-28",
    "acceptedDate": "2023-07-28 14:46:32",
    "calendarYear": "2023",
    "period": "Q2",
    "revenue": 11828000000,
    "costOfRevenue": 0,
    "grossProfit": 11828000000,
    "grossProfitRatio": 1,
    "researchAndDevelopmentExpenses": 0,
    "generalAndAdministrativeExpenses": 969000000,
    "sellingAndMarketingExpenses": 0,
    "sellingGeneralAndAdministrativeExpenses": 969000000,
    "otherExpenses": 8674000000,
    "operatingExpenses": 9643000000,
    "costAndExpenses": 9643000000,
    "interestIncome": 0,
    "interestExpense": 165000000,
    "depreciationAndAmortization": 70000000,
    "ebitda": 2420000000,
    "ebitdaratio": 0.204599256,
    "operatingIncome": 2185000000,
    "operatingIncomeRatio": 0.1847311464,
    "totalOtherIncomeExpensesNet": 0,
    "incomeBeforeTax": 2185000000,
    "incomeBeforeTaxRatio": 0.1847311464,
    "incomeTaxExpense": 392000000,
    "netIncome": 1793000000,
    "netIncomeRatio": 0.1515894488,
    "eps": 4.37,
    "epsdiluted": 4.32,
    "weightedAverageShsOut": 412487400,
    "weightedAverageShsOutDil": 415600000,
    "link": "https://www.sec.gov/Archives/edgar/data/896159/000089615923000013/0000896159-23-000013-index.htm",
    "finalLink": "https://www.sec.gov/Archives/edgar/data/896159/000089615923000013/cb-20230630.htm"
  },
  {
    "date": "2023-03-31",
    "symbol": "CB",
    "reportedCurrency": "USD",
    "cik": "0000896159",
    "fillingDate": "2023-05-02",
    "acceptedDate": "2023-05-02 17:21:49",
    "calendarYear": "2023",
    "period": "Q1",
    "revenue": 11147000000,
    "costOfRevenue": 0,
    "grossProfit": 11147000000,
    "grossProfitRatio": 1,
    "researchAndDevelopmentExpenses": 0,
    "generalAndAdministrativeExpenses": 930000000,
    "sellingAndMarketingExpenses": 0,
    "sellingGeneralAndAdministrativeExpenses": 930000000,
    "otherExpenses": 7941000000,
    "operatingExpenses": 8871000000,
    "costAndExpenses": 8871000000,
    "interestIncome": 0,
    "interestExpense": 160000000,
    "depreciationAndAmortization": 72000000,
    "ebitda": 2508000000,
    "ebitdaratio": 0.2249932717,
    "operatingIncome": 2276000000,
    "operatingIncomeRatio": 0.204180497,
    "totalOtherIncomeExpensesNet": 0,
    "incomeBeforeTax": 2276000000,
    "incomeBeforeTaxRatio": 0.204180497,
    "incomeTaxExpense": 384000000,
    "netIncome": 1892000000,
    "netIncomeRatio": 0.1697317664,
    "eps": 4.57,
    "epsdiluted": 4.53,
    "weightedAverageShsOut": 414289150,
    "weightedAverageShsOutDil": 417900000,
    "link": "https://www.sec.gov/Archives/edgar/data/896159/000089615923000010/0000896159-23-000010-index.htm",
    "finalLink": "https://www.sec.gov/Archives/edgar/data/896159/000089615923000010/cb-20230331.htm"
  },
  {
    "date": "2022-12-31",
    "symbol": "CB",
    "reportedCurrency": "USD",
    "cik": "0000896159",
    "fillingDate": "2023-02-24",
    "acceptedDate": "2023-02-24 15:47:16",
    "calendarYear": "2022",
    "period": "Q4",
    "revenue": 11500000000,
    "costOfRevenue": 0,
    "grossProfit": 11500000000,
    "grossProfitRatio": 1,
    "researchAndDevelopmentExpenses": 0,
    "generalAndAdministrativeExpenses": 916000000,
    "sellingAndMarketingExpenses": 0,
    "sellingGeneralAndAdministrativeExpenses": 916000000,
    "otherExpenses": 8930000000,
    "operatingExpenses": 9846000000,
    "costAndExpenses": 9846000000,
    "interestIncome": 0,
    "interestExpense": 154000000,
    "depreciationAndAmortization": 74000000,
    "ebitda": 1882000000,
    "ebitdaratio": 0.1636521739,
    "operatingIncome": 1654000000,
    "operatingIncomeRatio": 0.143826087,
    "totalOtherIncomeExpensesNet": 0,
    "incomeBeforeTax": 1654000000,
    "incomeBeforeTaxRatio": 0.143826087,
    "incomeTaxExpense": 342000000,
    "netIncome": 1312000000,
    "netIncomeRatio": 0.1140869565,
    "eps": 3.16,
    "epsdiluted": 3.13,
    "weightedAverageShsOut": 414594856,
    "weightedAverageShsOutDil": 418900000,
    "link": "https://www.sec.gov/Archives/edgar/data/896159/000089615923000007/0000896159-23-000007-index.htm",
    "finalLink": "https://www.sec.gov/Archives/edgar/data/896159/000089615923000007/cb-20221231.htm"
  },
  {
    "date": "2022-09-30",
    "symbol": "CB",
    "reportedCurrency": "USD",
    "cik": "0000896159",
    "fillingDate": "2022-10-28",
    "acceptedDate": "2022-10-28 16:08:42",
    "calendarYear": "2022",
    "period": "Q3",
    "revenue": 11986000000,
    "costOfRevenue": 0,
    "grossProfit": 11986000000,
    "grossProfitRatio": 1,
    "researchAndDevelopmentExpenses": 0,
    "generalAndAdministrativeExpenses": 883000000,
    "sellingAndMarketingExpenses": 0,
    "sellingGeneralAndAdministrativeExpenses": 883000000,
    "otherExpenses": 10048000000,
    "operatingExpenses": 10931000000,
    "costAndExpenses": 10931000000,
    "interestIncome": 0,
    "interestExpense": 150000000,
    "depreciationAndAmortization": 69000000,
    "ebitda": 1274000000,
    "ebitdaratio": 0.1062906725,
    "operatingIncome": 1055000000,
    "operatingIncomeRatio": 0.0880193559,
    "totalOtherIncomeExpensesNet": 0,
    "incomeBeforeTax": 1055000000,
    "incomeBeforeTaxRatio": 0.0880193559,
    "incomeTaxExpense": 263000000,
    "netIncome": 792000000,
    "netIncomeRatio": 0.0660770899,
    "eps": 1.9,
    "epsdiluted": 1.89,
    "weightedAverageShsOut": 416542101,
    "weightedAverageShsOutDil": 419618956,
    "link": "https://www.sec.gov/Archives/edgar/data/896159/000089615922000014/0000896159-22-000014-index.htm",
    "finalLink": "https://www.sec.gov/Archives/edgar/data/896159/000089615922000014/cb-20220930.htm"
  },
  {
    "date": "2022-06-30",
    "symbol": "CB",
    "reportedCurrency": "USD",
    "cik": "0000896159",
    "fillingDate": "2022-07-29",
    "acceptedDate": "2022-07-29 14:16:03",
    "calendarYear": "2022",
    "period": "Q2",
    "revenue": 9916000000,
    "costOfRevenue": 0,
    "grossProfit": 9916000000,
    "grossProfitRatio": 1,
    "researchAndDevelopmentExpenses": 0,
    "generalAndAdministrativeExpenses": 818000000,
    "sellingAndMarketingExpenses": 0,
    "sellingGeneralAndAdministrativeExpenses": 818000000,
    "otherExpenses": 7617000000,
    "operatingExpenses": 8435000000,
    "costAndExpenses": 8435000000,
    "interestIncome": 0,
    "interestExpense": 134000000,
    "depreciationAndAmortization": 71000000,
    "ebitda": 1686000000,
    "ebitdaratio": 0.1700282372,
    "operatingIncome": 1481000000,
    "operatingIncomeRatio": 0.1493545785,
    "totalOtherIncomeExpensesNet": 0,
    "incomeBeforeTax": 1481000000,
    "incomeBeforeTaxRatio": 0.1493545785,
    "incomeTaxExpense": 291000000,
    "netIncome": 1190000000,
    "netIncomeRatio": 0.1200080678,
    "eps": 2.82,
    "epsdiluted": 2.8,
    "weightedAverageShsOut": 421624660,
    "weightedAverageShsOutDil": 425418346,
    "link": "https://www.sec.gov/Archives/edgar/data/896159/000089615922000011/0000896159-22-000011-index.htm",
    "finalLink": "https://www.sec.gov/Archives/edgar/data/896159/000089615922000011/cb-20220630.htm"
  },
  {
    "date": "2022-03-31",
    "symbol": "CB",
    "reportedCurrency": "USD",
    "cik": "0000896159",
    "fillingDate": "2022-04-29",
    "acceptedDate": "2022-04-29 13:41:49",
    "calendarYear": "2022",
    "period": "Q1",
    "revenue": 9551000000,
    "costOfRevenue": 0,
    "grossProfit": 9551000000,
    "grossProfitRatio": 1,
    "researchAndDevelopmentExpenses": 0,
    "generalAndAdministrativeExpenses": 778000000,
    "sellingAndMarketingExpenses": 0,
    "sellingGeneralAndAdministrativeExpenses": 778000000,
    "otherExpenses": 6467000000,
    "operatingExpenses": 7245000000,
    "costAndExpenses": 7245000000,
    "interestIncome": 0,
    "interestExpense": 132000000,
    "depreciationAndAmortization": 71000000,
    "ebitda": 2509000000,
    "ebitdaratio": 0.2626950058,
    "operatingIncome": 2306000000,
    "operatingIncomeRatio": 0.2414406868,
    "totalOtherIncomeExpensesNet": 0,
    "incomeBeforeTax": 2306000000,
    "incomeBeforeTaxRatio": 0.2414406868,
    "incomeTaxExpense": 353000000,
    "netIncome": 1953000000,
    "netIncomeRatio": 0.2044812062,
    "eps": 4.59,
    "epsdiluted": 4.54,
    "weightedAverageShsOut": 425805105,
    "weightedAverageShsOutDil": 429790834,
    "link": "https://www.sec.gov/Archives/edgar/data/896159/000089615922000008/0000896159-22-000008-index.htm",
    "finalLink": "https://www.sec.gov/Archives/edgar/data/896159/000089615922000008/cb-20220331.htm"
  },
  {
    "date": "2021-12-31",
    "symbol": "CB",
    "reportedCurrency": "USD",
    "cik": "0000896159",
    "fillingDate": "2022-02-24",
    "acceptedDate": "2022-02-24 17:10:38",
    "calendarYear": "2021",
    "period": "Q4",
    "revenue": 10480000000,
    "costOfRevenue": 24000000,
    "grossProfit": 10480000000,
    "grossProfitRatio": 1,
    "researchAndDevelopmentExpenses": 0,
    "generalAndAdministrativeExpenses": 811000000,
    "sellingAndMarketingExpenses": 0,
    "sellingGeneralAndAdministrativeExpenses": 811000000,
    "otherExpenses": 7124000000,
    "operatingExpenses": 7935000000,
    "costAndExpenses": 7935000000,
    "interestIncome": 0,
    "interestExpense": 126000000,
    "depreciationAndAmortization": 71000000,
    "ebitda": 2742000000,
    "ebitdaratio": 0.2616412214,
    "operatingIncome": 2545000000,
    "operatingIncomeRatio": 0.2428435115,
    "totalOtherIncomeExpensesNet": 0,
    "incomeBeforeTax": 2545000000,
    "incomeBeforeTaxRatio": 0.2428435115,
    "incomeTaxExpense": 404000000,
    "netIncome": 2141000000,
    "netIncomeRatio": 0.2042938931,
    "eps": 4.99,
    "epsdiluted": 4.95,
    "weightedAverageShsOut": 426572612,
    "weightedAverageShsOutDil": 432800000,
    "link": "https://www.sec.gov/Archives/edgar/data/896159/000089615922000005/0000896159-22-000005-index.htm",
    "finalLink": "https://www.sec.gov/Archives/edgar/data/896159/000089615922000005/cb-20211231.htm"
  },
  {
    "date": "2021-09-30",
    "symbol": "CB",
    "reportedCurrency": "USD",
    "cik": "0000896159",
    "fillingDate": "2021-10-28",
    "acceptedDate": "2021-10-28 09:59:06",
    "calendarYear": "2021",
    "period": "Q3",
    "revenue": 10821000000,
    "costOfRevenue": 0,
    "grossProfit": 10821000000,
    "grossProfitRatio": 1,
    "researchAndDevelopmentExpenses": 0,
    "generalAndAdministrativeExpenses": 806000000,
    "sellingAndMarketingExpenses": 0,
    "sellingGeneralAndAdministrativeExpenses": 806000000,
    "otherExpenses": 7964000000,
    "operatingExpenses": 8770000000,
    "costAndExpenses": 8770000000,
    "interestIncome": 0,
    "interestExpense": 122000000,
    "depreciationAndAmortization": 71000000,
    "ebitda": 2244000000,
    "ebitdaratio": 0.2073745495,
    "operatingIncome": 2051000000,
    "operatingIncomeRatio": 0.1895388596,
    "totalOtherIncomeExpensesNet": 0,
    "incomeBeforeTax": 2051000000,
    "incomeBeforeTaxRatio": 0.1895388596,
    "incomeTaxExpense": 218000000,
    "netIncome": 1833000000,
    "netIncomeRatio": 0.1693928472,
    "eps": 4.21,
    "epsdiluted": 4.18,
    "weightedAverageShsOut": 435318088,
    "weightedAverageShsOutDil": 438441638,
    "link": "https://www.sec.gov/Archives/edgar/data/896159/000089615921000013/0000896159-21-000013-index.htm",
    "finalLink": "https://www.sec.gov/Archives/edgar/data/896159/000089615921000013/cb-20210930.htm"
  },
  {
    "date": "2021-06-30",
    "symbol": "CB",
    "reportedCurrency": "USD",
    "cik": "0000896159",
    "fillingDate": "2021-07-29",
    "acceptedDate": "2021-07-29 16:57:50",
    "calendarYear": "2021",
    "period": "Q2",
    "revenue": 9679000000,
    "costOfRevenue": 0,
    "grossProfit": 9679000000,
    "grossProfitRatio": 1,
    "researchAndDevelopmentExpenses": 0,
    "generalAndAdministrativeExpenses": 775000000,
    "sellingAndMarketingExpenses": 0,
    "sellingGeneralAndAdministrativeExpenses": 775000000,
    "otherExpenses": 6322000000,
    "operatingExpenses": 7097000000,
    "costAndExpenses": 7097000000,
    "interestIncome": 0,
    "interestExpense": 122000000,
    "depreciationAndAmortization": 73000000,
    "ebitda": 2777000000,
    "ebitdaratio": 0.2869098047,
    "operatingIncome": 2582000000,
    "operatingIncomeRatio": 0.2667630954,
    "totalOtherIncomeExpensesNet": 0,
    "incomeBeforeTax": 2582000000,
    "incomeBeforeTaxRatio": 0.2667630954,
    "incomeTaxExpense": 317000000,
    "netIncome": 2265000000,
    "netIncomeRatio": 0.2340117781,
    "eps": 5.09,
    "epsdiluted": 5.06,
    "weightedAverageShsOut": 445094678,
    "weightedAverageShsOutDil": 447951920,
    "link": "https://www.sec.gov/Archives/edgar/data/896159/000089615921000009/0000896159-21-000009-index.htm",
    "finalLink": "https://www.sec.gov/Archives/edgar/data/896159/000089615921000009/cb-20210630.htm"
  },
  {
    "date": "2021-03-31",
    "symbol": "CB",
    "reportedCurrency": "USD",
    "cik": "0000896159",
    "fillingDate": "2021-04-30",
    "acceptedDate": "2021-04-30 13:12:56",
    "calendarYear": "2021",
    "period": "Q1",
    "revenue": 9975000000,
    "costOfRevenue": 0,
    "grossProfit": 9975000000,
    "grossProfitRatio": 1,
    "researchAndDevelopmentExpenses": 0,
    "generalAndAdministrativeExpenses": 744000000,
    "sellingAndMarketingExpenses": 0,
    "sellingGeneralAndAdministrativeExpenses": 744000000,
    "otherExpenses": 6593000000,
    "operatingExpenses": 7337000000,
    "costAndExpenses": 7337000000,
    "interestIncome": 0,
    "interestExpense": 122000000,
    "depreciationAndAmortization": 72000000,
    "ebitda": 2832000000,
    "ebitdaratio": 0.2839097744,
    "operatingIncome": 2638000000,
    "operatingIncomeRatio": 0.2644611529,
    "totalOtherIncomeExpensesNet": 0,
    "incomeBeforeTax": 2638000000,
    "incomeBeforeTaxRatio": 0.2644611529,
    "incomeTaxExpense": 338000000,
    "netIncome": 2300000000,
    "netIncomeRatio": 0.2305764411,
    "eps": 5.1,
    "epsdiluted": 5.07,
    "weightedAverageShsOut": 450539568,
    "weightedAverageShsOutDil": 453335539,
    "link": "https://www.sec.gov/Archives/edgar/data/896159/000089615921000006/0000896159-21-000006-index.htm",
    "finalLink": "https://www.sec.gov/Archives/edgar/data/896159/000089615921000006/cb-20210331.htm"
  },
  {
    "date": "2020-12-31",
    "symbol": "CB",
    "reportedCurrency": "USD",
    "cik": "0000896159",
    "fillingDate": "2021-02-25",
    "acceptedDate": "2021-02-25 16:51:27",
    "calendarYear": "2020",
    "period": "Q4",
    "revenue": 9898000000,
    "costOfRevenue": 0,
    "grossProfit": 9898000000,
    "grossProfitRatio": 1,
    "researchAndDevelopmentExpenses": 0,
    "generalAndAdministrativeExpenses": 778000000,
    "sellingAndMarketingExpenses": 0,
    "sellingGeneralAndAdministrativeExpenses": 778000000,
    "otherExpenses": 6368000000,
    "operatingExpenses": 7146000000,
    "costAndExpenses": 7146000000,
    "interestIncome": 0,
    "interestExpense": 126000000,
    "depreciationAndAmortization": 73000000,
    "ebitda": 2951000000,
    "ebitdaratio": 0.2981410386,
    "operatingIncome": 2752000000,
    "operatingIncomeRatio": 0.2780359669,
    "totalOtherIncomeExpensesNet": 0,
    "incomeBeforeTax": 2752000000,
    "incomeBeforeTaxRatio": 0.2780359669,
    "incomeTaxExpense": 334000000,
    "netIncome": 2418000000,
    "netIncomeRatio": 0.2442917761,
    "eps": 5.36,
    "epsdiluted": 5.34,
    "weightedAverageShsOut": 450732625,
    "weightedAverageShsOutDil": 453300000,
    "link": "https://www.sec.gov/Archives/edgar/data/896159/000089615921000003/0000896159-21-000003-index.htm",
    "finalLink": "https://www.sec.gov/Archives/edgar/data/896159/000089615921000003/cb-20201231.htm"
  },
  {
    "date": "2020-09-30",
    "symbol": "CB",
    "reportedCurrency": "USD",
    "cik": "0000896159",
    "fillingDate": "2020-10-30",
    "acceptedDate": "2020-10-30 13:04:59",
    "calendarYear": "2020",
    "period": "Q3",
    "revenue": 9488000000,
    "costOfRevenue": 0,
    "grossProfit": 9488000000,
    "grossProfitRatio": 1,
    "researchAndDevelopmentExpenses": 0,
    "generalAndAdministrativeExpenses": 733000000,
    "sellingAndMarketingExpenses": 0,
    "sellingGeneralAndAdministrativeExpenses": 733000000,
    "otherExpenses": 7419000000,
    "operatingExpenses": 8152000000,
    "costAndExpenses": 8152000000,
    "interestIncome": 0,
    "interestExpense": 130000000,
    "depreciationAndAmortization": 72000000,
    "ebitda": 1538000000,
    "ebitdaratio": 0.1620994941,
    "operatingIncome": 1336000000,
    "operatingIncomeRatio": 0.1408094435,
    "totalOtherIncomeExpensesNet": 0,
    "incomeBeforeTax": 1336000000,
    "incomeBeforeTaxRatio": 0.1408094435,
    "incomeTaxExpense": 142000000,
    "netIncome": 1194000000,
    "netIncomeRatio": 0.1258431703,
    "eps": 2.64,
    "epsdiluted": 2.63,
    "weightedAverageShsOut": 451794046,
    "weightedAverageShsOutDil": 453265480,
    "link": "https://www.sec.gov/Archives/edgar/data/896159/000089615920000014/0000896159-20-000014-index.htm",
    "finalLink": "https://www.sec.gov/Archives/edgar/data/896159/000089615920000014/cb-20200930.htm"
  },
  {
    "date": "2020-06-30",
    "symbol": "CB",
    "reportedCurrency": "USD",
    "cik": "0000896159",
    "fillingDate": "2020-07-31",
    "acceptedDate": "2020-07-31 09:05:25",
    "calendarYear": "2020",
    "period": "Q2",
    "revenue": 9025000000,
    "costOfRevenue": 0,
    "grossProfit": 9025000000,
    "grossProfitRatio": 1,
    "researchAndDevelopmentExpenses": 0,
    "generalAndAdministrativeExpenses": 727000000,
    "sellingAndMarketingExpenses": 0,
    "sellingGeneralAndAdministrativeExpenses": 727000000,
    "otherExpenses": 8691000000,
    "operatingExpenses": 9418000000,
    "costAndExpenses": 9418000000,
    "interestIncome": 0,
    "interestExpense": 128000000,
    "depreciationAndAmortization": 72000000,
    "ebitda": -193000000,
    "ebitdaratio": -0.0213850416,
    "operatingIncome": -393000000,
    "operatingIncomeRatio": -0.0435457064,
    "totalOtherIncomeExpensesNet": 0,
    "incomeBeforeTax": -393000000,
    "incomeBeforeTaxRatio": -0.0435457064,
    "incomeTaxExpense": -62000000,
    "netIncome": -331000000,
    "netIncomeRatio": -0.0366759003,
    "eps": -0.73,
    "epsdiluted": -0.73,
    "weightedAverageShsOut": 451402807,
    "weightedAverageShsOutDil": 451402807,
    "link": "https://www.sec.gov/Archives/edgar/data/896159/000089615920000010/0000896159-20-000010-index.htm",
    "finalLink": "https://www.sec.gov/Archives/edgar/data/896159/000089615920000010/cb-20200630.htm"
  },
  {
    "date": "2020-03-31",
    "symbol": "CB",
    "reportedCurrency": "USD",
    "cik": "0000896159",
    "fillingDate": "2020-04-29",
    "acceptedDate": "2020-04-29 16:54:19",
    "calendarYear": "2020",
    "period": "Q1",
    "revenue": 7641000000,
    "costOfRevenue": 0,
    "grossProfit": 7641000000,
    "grossProfitRatio": 1,
    "researchAndDevelopmentExpenses": 0,
    "generalAndAdministrativeExpenses": 741000000,
    "sellingAndMarketingExpenses": 0,
    "sellingGeneralAndAdministrativeExpenses": 741000000,
    "otherExpenses": 6433000000,
    "operatingExpenses": 7174000000,
    "costAndExpenses": 7174000000,
    "interestIncome": 0,
    "interestExpense": 132000000,
    "depreciationAndAmortization": 73000000,
    "ebitda": 672000000,
    "ebitdaratio": 0.0879466038,
    "operatingIncome": 467000000,
    "operatingIncomeRatio": 0.0611176548,
    "totalOtherIncomeExpensesNet": 0,
    "incomeBeforeTax": 467000000,
    "incomeBeforeTaxRatio": 0.0611176548,
    "incomeTaxExpense": 215000000,
    "netIncome": 252000000,
    "netIncomeRatio": 0.0329799764,
    "eps": 0.56,
    "epsdiluted": 0.55,
    "weightedAverageShsOut": 451868658,
    "weightedAverageShsOutDil": 454520268,
    "link": "https://www.sec.gov/Archives/edgar/data/896159/000089615920000006/0000896159-20-000006-index.htm",
    "finalLink": "https://www.sec.gov/Archives/edgar/data/896159/000089615920000006/cb-3312020x10q.htm"
  },
  {
    "date": "2019-12-31",
    "symbol": "CB",
    "reportedCurrency": "USD",
    "cik": "0000896159",
    "fillingDate": "2020-02-27",
    "acceptedDate": "2020-02-27 14:44:51",
    "calendarYear": "2019",
    "period": "Q4",
    "revenue": 8762000000,
    "costOfRevenue": 0,
    "grossProfit": 8762000000,
    "grossProfitRatio": 1,
    "researchAndDevelopmentExpenses": 0,
    "generalAndAdministrativeExpenses": 810000000,
    "sellingAndMarketingExpenses": 0,
    "sellingGeneralAndAdministrativeExpenses": 810000000,
    "otherExpenses": 6610000000,
    "operatingExpenses": 7420000000,
    "costAndExpenses": 7420000000,
    "interestIncome": 0,
    "interestExpense": 134000000,
    "depreciationAndAmortization": 76000000,
    "ebitda": 1552000000,
    "ebitdaratio": 0.1771285095,
    "operatingIncome": 1342000000,
    "operatingIncomeRatio": 0.1531613787,
    "totalOtherIncomeExpensesNet": 0,
    "incomeBeforeTax": 1342000000,
    "incomeBeforeTaxRatio": 0.1531613787,
    "incomeTaxExpense": 169000000,
    "netIncome": 1173000000,
    "netIncomeRatio": 0.1338735449,
    "eps": 2.6,
    "epsdiluted": 2.57,
    "weightedAverageShsOut": 451971567,
    "weightedAverageShsOutDil": 455900000,
    "link": "https://www.sec.gov/Archives/edgar/data/896159/000089615920000003/0000896159-20-000003-index.htm",
    "finalLink": "https://www.sec.gov/Archives/edgar/data/896159/000089615920000003/cb-12312019x10k.htm"
  },
  {
    "date": "2019-09-30",
    "symbol": "CB",
    "reportedCurrency": "USD",
    "cik": "0000896159",
    "fillingDate": "2019-10-31",
    "acceptedDate": "2019-10-31 12:37:31",
    "calendarYear": "2019",
    "period": "Q3",
    "revenue": 9038000000,
    "costOfRevenue": 0,
    "grossProfit": 9038000000,
    "grossProfitRatio": 1,
    "researchAndDevelopmentExpenses": 0,
    "generalAndAdministrativeExpenses": 752000000,
    "sellingAndMarketingExpenses": 0,
    "sellingGeneralAndAdministrativeExpenses": 752000000,
    "otherExpenses": 6965000000,
    "operatingExpenses": 7717000000,
    "costAndExpenses": 7717000000,
    "interestIncome": 0,
    "interestExpense": 138000000,
    "depreciationAndAmortization": 76000000,
    "ebitda": 1535000000,
    "ebitdaratio": 0.1698384598,
    "operatingIncome": 1321000000,
    "operatingIncomeRatio": 0.146160655,
    "totalOtherIncomeExpensesNet": 0,
    "incomeBeforeTax": 1321000000,
    "incomeBeforeTaxRatio": 0.146160655,
    "incomeTaxExpense": 230000000,
    "netIncome": 1091000000,
    "netIncomeRatio": 0.120712547,
    "eps": 2.4,
    "epsdiluted": 2.38,
    "weightedAverageShsOut": 454975143,
    "weightedAverageShsOutDil": 458150369,
    "link": "https://www.sec.gov/Archives/edgar/data/896159/000089615919000016/0000896159-19-000016-index.htm",
    "finalLink": "https://www.sec.gov/Archives/edgar/data/896159/000089615919000016/cb-93019x10q.htm"
  },
  {
    "date": "2019-06-30",
    "symbol": "CB",
    "reportedCurrency": "USD",
    "cik": "0000896159",
    "fillingDate": "2019-07-31",
    "acceptedDate": "2019-07-31 15:46:22",
    "calendarYear": "2019",
    "period": "Q2",
    "revenue": 8524000000,
    "costOfRevenue": 0,
    "grossProfit": 8524000000,
    "grossProfitRatio": 1,
    "researchAndDevelopmentExpenses": 0,
    "generalAndAdministrativeExpenses": 758000000,
    "sellingAndMarketingExpenses": 0,
    "sellingGeneralAndAdministrativeExpenses": 758000000,
    "otherExpenses": 6408000000,
    "operatingExpenses": 7166000000,
    "costAndExpenses": 7166000000,
    "interestIncome": 0,
    "interestExpense": 140000000,
    "depreciationAndAmortization": 77000000,
    "ebitda": 1575000000,
    "ebitdaratio": 0.1847724073,
    "operatingIncome": 1358000000,
    "operatingIncomeRatio": 0.1593148756,
    "totalOtherIncomeExpensesNet": 0,
    "incomeBeforeTax": 1358000000,
    "incomeBeforeTaxRatio": 0.1593148756,
    "incomeTaxExpense": 208000000,
    "netIncome": 1150000000,
    "netIncomeRatio": 0.1349131863,
    "eps": 2.52,
    "epsdiluted": 2.5,
    "weightedAverageShsOut": 457224455,
    "weightedAverageShsOutDil": 460169692,
    "link": "https://www.sec.gov/Archives/edgar/data/896159/000089615919000013/0000896159-19-000013-index.htm",
    "finalLink": "https://www.sec.gov/Archives/edgar/data/896159/000089615919000013/cb-63019x10q.htm"
  },
  {
    "date": "2019-03-31",
    "symbol": "CB",
    "reportedCurrency": "USD",
    "cik": "0000896159",
    "fillingDate": "2019-05-02",
    "acceptedDate": "2019-05-02 15:28:29",
    "calendarYear": "2019",
    "period": "Q1",
    "revenue": 7906000000,
    "costOfRevenue": 0,
    "grossProfit": 7906000000,
    "grossProfitRatio": 1,
    "researchAndDevelopmentExpenses": 0,
    "generalAndAdministrativeExpenses": 710000000,
    "sellingAndMarketingExpenses": 0,
    "sellingGeneralAndAdministrativeExpenses": 710000000,
    "otherExpenses": 5968000000,
    "operatingExpenses": 6678000000,
    "costAndExpenses": 6678000000,
    "interestIncome": 0,
    "interestExpense": 140000000,
    "depreciationAndAmortization": 76000000,
    "ebitda": 1444000000,
    "ebitdaratio": 0.1826460916,
    "operatingIncome": 1228000000,
    "operatingIncomeRatio": 0.1553250696,
    "totalOtherIncomeExpensesNet": 0,
    "incomeBeforeTax": 1228000000,
    "incomeBeforeTaxRatio": 0.1553250696,
    "incomeTaxExpense": 188000000,
    "netIncome": 1040000000,
    "netIncomeRatio": 0.1315456615,
    "eps": 2.27,
    "epsdiluted": 2.25,
    "weightedAverageShsOut": 458805185,
    "weightedAverageShsOutDil": 461536940,
    "link": "https://www.sec.gov/Archives/edgar/data/896159/000089615919000009/0000896159-19-000009-index.htm",
    "finalLink": "https://www.sec.gov/Archives/edgar/data/896159/000089615919000009/cb-33119x10q.htm"
  },
  {
    "date": "2018-12-31",
    "symbol": "CB",
    "reportedCurrency": "USD",
    "cik": "0000896159",
    "fillingDate": "2019-02-28",
    "acceptedDate": "2019-02-28 17:28:33",
    "calendarYear": "2018",
    "period": "Q4",
    "revenue": 7606000000,
    "costOfRevenue": 20000000,
    "grossProfit": 7606000000,
    "grossProfitRatio": 1,
    "researchAndDevelopmentExpenses": 0,
    "generalAndAdministrativeExpenses": 728000000,
    "sellingAndMarketingExpenses": 0,
    "sellingGeneralAndAdministrativeExpenses": 728000000,
    "otherExpenses": 6364000000,
    "operatingExpenses": 7092000000,
    "costAndExpenses": 7092000000,
    "interestIncome": 0,
    "interestExpense": 153000000,
    "depreciationAndAmortization": 86000000,
    "ebitda": 753000000,
    "ebitdaratio": 0.0990007889,
    "operatingIncome": 514000000,
    "operatingIncomeRatio": 0.0675782277,
    "totalOtherIncomeExpensesNet": 0,
    "incomeBeforeTax": 514000000,
    "incomeBeforeTaxRatio": 0.0675782277,
    "incomeTaxExpense": 159000000,
    "netIncome": 355000000,
    "netIncomeRatio": 0.0466736787,
    "eps": 0.77,
    "epsdiluted": 0.77,
    "weightedAverageShsOut": 460636999,
    "weightedAverageShsOutDil": 463420222,
    "link": "https://www.sec.gov/Archives/edgar/data/896159/000089615919000005/0000896159-19-000005-index.htm",
    "finalLink": "https://www.sec.gov/Archives/edgar/data/896159/000089615919000005/cb-12312018x10k.htm"
  },
  {
    "date": "2018-09-30",
    "symbol": "CB",
    "reportedCurrency": "USD",
    "cik": "0000896159",
    "fillingDate": "2018-10-30",
    "acceptedDate": "2018-10-30 15:43:15",
    "calendarYear": "2018",
    "period": "Q3",
    "revenue": 8736000000,
    "costOfRevenue": 14000000,
    "grossProfit": 8736000000,
    "grossProfitRatio": 1,
    "researchAndDevelopmentExpenses": 0,
    "generalAndAdministrativeExpenses": 719000000,
    "sellingAndMarketingExpenses": 0,
    "sellingGeneralAndAdministrativeExpenses": 719000000,
    "otherExpenses": 6603000000,
    "operatingExpenses": 7322000000,
    "costAndExpenses": 7322000000,
    "interestIncome": 0,
    "interestExpense": 164000000,
    "depreciationAndAmortization": 83000000,
    "ebitda": 1661000000,
    "ebitdaratio": 0.1901327839,
    "operatingIncome": 1414000000,
    "operatingIncomeRatio": 0.1618589744,
    "totalOtherIncomeExpensesNet": 0,
    "incomeBeforeTax": 1414000000,
    "incomeBeforeTaxRatio": 0.1618589744,
    "incomeTaxExpense": 183000000,
    "netIncome": 1231000000,
    "netIncomeRatio": 0.1409111722,
    "eps": 2.66,
    "epsdiluted": 2.64,
    "weightedAverageShsOut": 462981973,
    "weightedAverageShsOutDil": 466016498,
    "link": "https://www.sec.gov/Archives/edgar/data/896159/000089615918000019/0000896159-18-000019-index.htm",
    "finalLink": "https://www.sec.gov/Archives/edgar/data/896159/000089615918000019/cb-93018x10q.htm"
  },
  {
    "date": "2018-06-30",
    "symbol": "CB",
    "reportedCurrency": "USD",
    "cik": "0000896159",
    "fillingDate": "2018-08-01",
    "acceptedDate": "2018-08-01 15:38:04",
    "calendarYear": "2018",
    "period": "Q2",
    "revenue": 8500000000,
    "costOfRevenue": 0,
    "grossProfit": 8500000000,
    "grossProfitRatio": 1,
    "researchAndDevelopmentExpenses": 0,
    "generalAndAdministrativeExpenses": 747000000,
    "sellingAndMarketingExpenses": 0,
    "sellingGeneralAndAdministrativeExpenses": 747000000,
    "otherExpenses": 6241000000,
    "operatingExpenses": 6988000000,
    "costAndExpenses": 6988000000,
    "interestIncome": 0,
    "interestExpense": 167000000,
    "depreciationAndAmortization": 85000000,
    "ebitda": 1764000000,
    "ebitdaratio": 0.2075294118,
    "operatingIncome": 1512000000,
    "operatingIncomeRatio": 0.1778823529,
    "totalOtherIncomeExpensesNet": 0,
    "incomeBeforeTax": 1512000000,
    "incomeBeforeTaxRatio": 0.1778823529,
    "incomeTaxExpense": 218000000,
    "netIncome": 1294000000,
    "netIncomeRatio": 0.1522352941,
    "eps": 2.78,
    "epsdiluted": 2.76,
    "weightedAverageShsOut": 465276597,
    "weightedAverageShsOutDil": 468380324,
    "link": "https://www.sec.gov/Archives/edgar/data/896159/000089615918000013/0000896159-18-000013-index.htm",
    "finalLink": "https://www.sec.gov/Archives/edgar/data/896159/000089615918000013/cb-63018x10q.htm"
  },
  {
    "date": "2018-03-31",
    "symbol": "CB",
    "reportedCurrency": "USD",
    "cik": "0000896159",
    "fillingDate": "2018-05-02",
    "acceptedDate": "2018-05-02 16:39:23",
    "calendarYear": "2018",
    "period": "Q1",
    "revenue": 7837000000,
    "costOfRevenue": 0,
    "grossProfit": 7837000000,
    "grossProfitRatio": 1,
    "researchAndDevelopmentExpenses": 0,
    "generalAndAdministrativeExpenses": 692000000,
    "sellingAndMarketingExpenses": 0,
    "sellingGeneralAndAdministrativeExpenses": 692000000,
    "otherExpenses": 5928000000,
    "operatingExpenses": 6620000000,
    "costAndExpenses": 6620000000,
    "interestIncome": 0,
    "interestExpense": 157000000,
    "depreciationAndAmortization": 85000000,
    "ebitda": 1459000000,
    "ebitdaratio": 0.1861681766,
    "operatingIncome": 1217000000,
    "operatingIncomeRatio": 0.1552890137,
    "totalOtherIncomeExpensesNet": 0,
    "incomeBeforeTax": 1217000000,
    "incomeBeforeTaxRatio": 0.1552890137,
    "incomeTaxExpense": 135000000,
    "netIncome": 1082000000,
    "netIncomeRatio": 0.1380630343,
    "eps": 2.32,
    "epsdiluted": 2.3,
    "weightedAverageShsOut": 465703240,
    "weightedAverageShsOutDil": 469473591,
    "link": "https://www.sec.gov/Archives/edgar/data/896159/000089615918000006/0000896159-18-000006-index.htm",
    "finalLink": "https://www.sec.gov/Archives/edgar/data/896159/000089615918000006/cb-33118x10q.htm"
  },
  {
    "date": "2017-12-31",
    "symbol": "CB",
    "reportedCurrency": "USD",
    "cik": "0000896159",
    "fillingDate": "2018-02-23",
    "acceptedDate": "2018-02-23 15:38:08",
    "calendarYear": "2017",
    "period": "Q4",
    "revenue": 8042000000,
    "costOfRevenue": 0,
    "grossProfit": 8042000000,
    "grossProfitRatio": 1,
    "researchAndDevelopmentExpenses": 0,
    "generalAndAdministrativeExpenses": 737000000,
    "sellingAndMarketingExpenses": 0,
    "sellingGeneralAndAdministrativeExpenses": 737000000,
    "otherExpenses": 6154000000,
    "operatingExpenses": 6891000000,
    "costAndExpenses": 6891000000,
    "interestIncome": 0,
    "interestExpense": 156000000,
    "depreciationAndAmortization": 66000000,
    "ebitda": 1373000000,
    "ebitdaratio": 0.1707286745,
    "operatingIncome": 1151000000,
    "operatingIncomeRatio": 0.1431236011,
    "totalOtherIncomeExpensesNet": 0,
    "incomeBeforeTax": 1151000000,
    "incomeBeforeTaxRatio": 0.1431236011,
    "incomeTaxExpense": -382000000,
    "netIncome": 1533000000,
    "netIncomeRatio": 0.1906242228,
    "eps": 3.29,
    "epsdiluted": 3.27,
    "weightedAverageShsOut": 465429008,
    "weightedAverageShsOutDil": 469484754,
    "link": "https://www.sec.gov/Archives/edgar/data/896159/000089615918000002/0000896159-18-000002-index.htm",
    "finalLink": "https://www.sec.gov/Archives/edgar/data/896159/000089615918000002/cb-12312017x10k.htm"
  },
  {
    "date": "2017-09-30",
    "symbol": "CB",
    "reportedCurrency": "USD",
    "cik": "0000896159",
    "fillingDate": "2017-11-01",
    "acceptedDate": "2017-11-01 17:01:25",
    "calendarYear": "2017",
    "period": "Q3",
    "revenue": 8634000000,
    "costOfRevenue": 0,
    "grossProfit": 8634000000,
    "grossProfitRatio": 1,
    "researchAndDevelopmentExpenses": 0,
    "generalAndAdministrativeExpenses": 714000000,
    "sellingAndMarketingExpenses": 0,
    "sellingGeneralAndAdministrativeExpenses": 714000000,
    "otherExpenses": 8075000000,
    "operatingExpenses": 8789000000,
    "costAndExpenses": 8789000000,
    "interestIncome": 0,
    "interestExpense": 150000000,
    "depreciationAndAmortization": 65000000,
    "ebitda": 60000000,
    "ebitdaratio": 0.0069492703,
    "operatingIncome": -155000000,
    "operatingIncomeRatio": -0.0179522817,
    "totalOtherIncomeExpensesNet": 0,
    "incomeBeforeTax": -155000000,
    "incomeBeforeTaxRatio": -0.0179522817,
    "incomeTaxExpense": -85000000,
    "netIncome": -70000000,
    "netIncomeRatio": -0.008107482,
    "eps": -0.15,
    "epsdiluted": -0.15,
    "weightedAverageShsOut": 466370784,
    "weightedAverageShsOutDil": 466370784,
    "link": "https://www.sec.gov/Archives/edgar/data/896159/000089615917000020/0000896159-17-000020-index.htm",
    "finalLink": "https://www.sec.gov/Archives/edgar/data/896159/000089615917000020/cb-93017x10q.htm"
  },
  {
    "date": "2017-06-30",
    "symbol": "CB",
    "reportedCurrency": "USD",
    "cik": "0000896159",
    "fillingDate": "2017-08-03",
    "acceptedDate": "2017-08-03 14:59:49",
    "calendarYear": "2017",
    "period": "Q2",
    "revenue": 8124000000,
    "costOfRevenue": 0,
    "grossProfit": 8124000000,
    "grossProfitRatio": 1,
    "researchAndDevelopmentExpenses": 0,
    "generalAndAdministrativeExpenses": 706000000,
    "sellingAndMarketingExpenses": 0,
    "sellingGeneralAndAdministrativeExpenses": 706000000,
    "otherExpenses": 5913000000,
    "operatingExpenses": 6619000000,
    "costAndExpenses": 6619000000,
    "interestIncome": 0,
    "interestExpense": 147000000,
    "depreciationAndAmortization": 65000000,
    "ebitda": 1717000000,
    "ebitdaratio": 0.2113490891,
    "operatingIncome": 1505000000,
    "operatingIncomeRatio": 0.1852535697,
    "totalOtherIncomeExpensesNet": 0,
    "incomeBeforeTax": 1505000000,
    "incomeBeforeTaxRatio": 0.1852535697,
    "incomeTaxExpense": 200000000,
    "netIncome": 1305000000,
    "netIncomeRatio": 0.1606351551,
    "eps": 2.79,
    "epsdiluted": 2.77,
    "weightedAverageShsOut": 467981077,
    "weightedAverageShsOutDil": 471853937,
    "link": "https://www.sec.gov/Archives/edgar/data/896159/000089615917000015/0000896159-17-000015-index.htm",
    "finalLink": "https://www.sec.gov/Archives/edgar/data/896159/000089615917000015/cb-63017x10q.htm"
  },
  {
    "date": "2017-03-31",
    "symbol": "CB",
    "reportedCurrency": "USD",
    "cik": "0000896159",
    "fillingDate": "2017-05-04",
    "acceptedDate": "2017-05-04 15:19:44",
    "calendarYear": "2017",
    "period": "Q1",
    "revenue": 7540000000,
    "costOfRevenue": 0,
    "grossProfit": 7540000000,
    "grossProfitRatio": 1,
    "researchAndDevelopmentExpenses": 0,
    "generalAndAdministrativeExpenses": 676000000,
    "sellingAndMarketingExpenses": 0,
    "sellingGeneralAndAdministrativeExpenses": 676000000,
    "otherExpenses": 5643000000,
    "operatingExpenses": 6319000000,
    "costAndExpenses": 6319000000,
    "interestIncome": 0,
    "interestExpense": 154000000,
    "depreciationAndAmortization": 64000000,
    "ebitda": 1439000000,
    "ebitdaratio": 0.1908488064,
    "operatingIncome": 1221000000,
    "operatingIncomeRatio": 0.1619363395,
    "totalOtherIncomeExpensesNet": 0,
    "incomeBeforeTax": 1221000000,
    "incomeBeforeTaxRatio": 0.1619363395,
    "incomeTaxExpense": 128000000,
    "netIncome": 1093000000,
    "netIncomeRatio": 0.1449602122,
    "eps": 2.33,
    "epsdiluted": 2.31,
    "weightedAverageShsOut": 468903086,
    "weightedAverageShsOutDil": 472731690,
    "link": "https://www.sec.gov/Archives/edgar/data/896159/000089615917000010/0000896159-17-000010-index.htm",
    "finalLink": "https://www.sec.gov/Archives/edgar/data/896159/000089615917000010/cb-3311710xq.htm"
  },
  {
    "date": "2016-12-31",
    "symbol": "CB",
    "reportedCurrency": "USD",
    "cik": "0000896159",
    "fillingDate": "2017-02-28",
    "acceptedDate": "2017-02-28 16:56:33",
    "calendarYear": "2016",
    "period": "Q4",
    "revenue": 8157000000,
    "costOfRevenue": 11000000,
    "grossProfit": 8157000000,
    "grossProfitRatio": 1,
    "researchAndDevelopmentExpenses": 0,
    "generalAndAdministrativeExpenses": 798000000,
    "sellingAndMarketingExpenses": 0,
    "sellingGeneralAndAdministrativeExpenses": 708000000,
    "otherExpenses": 5580000000,
    "operatingExpenses": 6288000000,
    "costAndExpenses": 6288000000,
    "interestIncome": 0,
    "interestExpense": 154000000,
    "depreciationAndAmortization": 3000000,
    "ebitda": 2026000000,
    "ebitdaratio": 0.2483756283,
    "operatingIncome": 1869000000,
    "operatingIncomeRatio": 0.229128356,
    "totalOtherIncomeExpensesNet": 0,
    "incomeBeforeTax": 1869000000,
    "incomeBeforeTaxRatio": 0.229128356,
    "incomeTaxExpense": 259000000,
    "netIncome": 1610000000,
    "netIncomeRatio": 0.1973764865,
    "eps": 3.44,
    "epsdiluted": 3.41,
    "weightedAverageShsOut": 468258439,
    "weightedAverageShsOutDil": 471613230,
    "link": "https://www.sec.gov/Archives/edgar/data/896159/000089615917000004/0000896159-17-000004-index.htm",
    "finalLink": "https://www.sec.gov/Archives/edgar/data/896159/000089615917000004/cb-12312016x10k.htm"
  },
  {
    "date": "2016-09-30",
    "symbol": "CB",
    "reportedCurrency": "USD",
    "cik": "0000896159",
    "fillingDate": "2016-11-03",
    "acceptedDate": "2016-11-03 17:29:23",
    "calendarYear": "2016",
    "period": "Q3",
    "revenue": 8549000000,
    "costOfRevenue": 0,
    "grossProfit": 8549000000,
    "grossProfitRatio": 1,
    "researchAndDevelopmentExpenses": 0,
    "generalAndAdministrativeExpenses": 772000000,
    "sellingAndMarketingExpenses": 0,
    "sellingGeneralAndAdministrativeExpenses": 772000000,
    "otherExpenses": 6140000000,
    "operatingExpenses": 6912000000,
    "costAndExpenses": 6912000000,
    "interestIncome": 0,
    "interestExpense": 152000000,
    "depreciationAndAmortization": 4000000,
    "ebitda": 3719000000,
    "ebitdaratio": 0.43502164,
    "operatingIncome": 1637000000,
    "operatingIncomeRatio": 0.1914843841,
    "totalOtherIncomeExpensesNet": 0,
    "incomeBeforeTax": 1637000000,
    "incomeBeforeTaxRatio": 0.1914843841,
    "incomeTaxExpense": 277000000,
    "netIncome": 1360000000,
    "netIncomeRatio": 0.1590829337,
    "eps": 2.9,
    "epsdiluted": 2.88,
    "weightedAverageShsOut": 468021093,
    "weightedAverageShsOutDil": 471396362,
    "link": "https://www.sec.gov/Archives/edgar/data/896159/000089615916000038/0000896159-16-000038-index.htm",
    "finalLink": "https://www.sec.gov/Archives/edgar/data/896159/000089615916000038/cb-93016x10q.htm"
  },
  {
    "date": "2016-06-30",
    "symbol": "CB",
    "reportedCurrency": "USD",
    "cik": "0000896159",
    "fillingDate": "2016-08-05",
    "acceptedDate": "2016-08-05 13:48:22",
    "calendarYear": "2016",
    "period": "Q2",
    "revenue": 7900000000,
    "costOfRevenue": 0,
    "grossProfit": 7900000000,
    "grossProfitRatio": 1,
    "researchAndDevelopmentExpenses": 0,
    "generalAndAdministrativeExpenses": 829000000,
    "sellingAndMarketingExpenses": 0,
    "sellingGeneralAndAdministrativeExpenses": 829000000,
    "otherExpenses": 6190000000,
    "operatingExpenses": 7019000000,
    "costAndExpenses": 7019000000,
    "interestIncome": 0,
    "interestExpense": 153000000,
    "depreciationAndAmortization": 5000000,
    "ebitda": 2171000000,
    "ebitdaratio": 0.2748101266,
    "operatingIncome": 881000000,
    "operatingIncomeRatio": 0.1115189873,
    "totalOtherIncomeExpensesNet": 0,
    "incomeBeforeTax": 881000000,
    "incomeBeforeTaxRatio": 0.1115189873,
    "incomeTaxExpense": 155000000,
    "netIncome": 726000000,
    "netIncomeRatio": 0.0918987342,
    "eps": 1.55,
    "epsdiluted": 1.54,
    "weightedAverageShsOut": 467701328,
    "weightedAverageShsOutDil": 471157297,
    "link": "https://www.sec.gov/Archives/edgar/data/896159/000089615916000036/0000896159-16-000036-index.htm",
    "finalLink": "https://www.sec.gov/Archives/edgar/data/896159/000089615916000036/cb-63016x10q.htm"
  },
  {
    "date": "2016-03-31",
    "symbol": "CB",
    "reportedCurrency": "USD",
    "cik": "0000896159",
    "fillingDate": "2016-05-10",
    "acceptedDate": "2016-05-09 18:20:07",
    "calendarYear": "2016",
    "period": "Q1",
    "revenue": 6874000000,
    "costOfRevenue": 3000000,
    "grossProfit": 6874000000,
    "grossProfitRatio": 1,
    "researchAndDevelopmentExpenses": 0,
    "generalAndAdministrativeExpenses": 772000000,
    "sellingAndMarketingExpenses": 0,
    "sellingGeneralAndAdministrativeExpenses": 772000000,
    "otherExpenses": 5539000000,
    "operatingExpenses": 6311000000,
    "costAndExpenses": 6311000000,
    "interestIncome": 0,
    "interestExpense": 146000000,
    "depreciationAndAmortization": 7000000,
    "ebitda": 1573000000,
    "ebitdaratio": 0.2288332848,
    "operatingIncome": 563000000,
    "operatingIncomeRatio": 0.0819028222,
    "totalOtherIncomeExpensesNet": 0,
    "incomeBeforeTax": 563000000,
    "incomeBeforeTaxRatio": 0.0819028222,
    "incomeTaxExpense": 124000000,
    "netIncome": 439000000,
    "netIncomeRatio": 0.0638638347,
    "eps": 0.98,
    "epsdiluted": 0.97,
    "weightedAverageShsOut": 446739586,
    "weightedAverageShsOutDil": 450009742,
    "link": "https://www.sec.gov/Archives/edgar/data/896159/000089615916000030/0000896159-16-000030-index.htm",
    "finalLink": "https://www.sec.gov/Archives/edgar/data/896159/000089615916000030/cb-33116x10q.htm"
  },
  {
    "date": "2015-12-31",
    "symbol": "CB",
    "reportedCurrency": "USD",
    "cik": "0000896159",
    "fillingDate": "2016-02-26",
    "acceptedDate": "2016-02-26 17:40:22",
    "calendarYear": "2015",
    "period": "Q4",
    "revenue": 4692000000,
    "costOfRevenue": 0,
    "grossProfit": 4692000000,
    "grossProfitRatio": 1,
    "researchAndDevelopmentExpenses": 0,
    "generalAndAdministrativeExpenses": 570000000,
    "sellingAndMarketingExpenses": 0,
    "sellingGeneralAndAdministrativeExpenses": 570000000,
    "otherExpenses": 3372000000,
    "operatingExpenses": 3942000000,
    "costAndExpenses": 3942000000,
    "interestIncome": 0,
    "interestExpense": 93000000,
    "depreciationAndAmortization": 35000000,
    "ebitda": -1833000000,
    "ebitdaratio": -0.3906649616,
    "operatingIncome": 750000000,
    "operatingIncomeRatio": 0.1598465473,
    "totalOtherIncomeExpensesNet": 0,
    "incomeBeforeTax": 750000000,
    "incomeBeforeTaxRatio": 0.1598465473,
    "incomeTaxExpense": 67000000,
    "netIncome": 683000000,
    "netIncomeRatio": 0.1455669224,
    "eps": 1.53,
    "epsdiluted": 1.53,
    "weightedAverageShsOut": 446739586,
    "weightedAverageShsOutDil": 446739586,
    "link": "https://www.sec.gov/Archives/edgar/data/896159/000089615916000027/0000896159-16-000027-index.htm",
    "finalLink": "https://www.sec.gov/Archives/edgar/data/896159/000089615916000027/cb-1231201510k.htm"
  },
  {
    "date": "2015-09-30",
    "symbol": "CB",
    "reportedCurrency": "USD",
    "cik": "0000896159",
    "fillingDate": "2015-11-04",
    "acceptedDate": "2015-11-04 15:57:46",
    "calendarYear": "2015",
    "period": "Q3",
    "revenue": 4822000000,
    "costOfRevenue": 0,
    "grossProfit": 4822000000,
    "grossProfitRatio": 1,
    "researchAndDevelopmentExpenses": 0,
    "generalAndAdministrativeExpenses": 568000000,
    "sellingAndMarketingExpenses": 0,
    "sellingGeneralAndAdministrativeExpenses": 568000000,
    "otherExpenses": 3594000000,
    "operatingExpenses": 4162000000,
    "costAndExpenses": 4162000000,
    "interestIncome": 0,
    "interestExpense": 68000000,
    "depreciationAndAmortization": 51000000,
    "ebitda": 1465000000,
    "ebitdaratio": 0.303815844,
    "operatingIncome": 660000000,
    "operatingIncomeRatio": 0.1368726669,
    "totalOtherIncomeExpensesNet": 0,
    "incomeBeforeTax": 660000000,
    "incomeBeforeTaxRatio": 0.1368726669,
    "incomeTaxExpense": 132000000,
    "netIncome": 528000000,
    "netIncomeRatio": 0.1094981336,
    "eps": 1.63,
    "epsdiluted": 1.62,
    "weightedAverageShsOut": 324210936,
    "weightedAverageShsOutDil": 327173420,
    "link": "https://www.sec.gov/Archives/edgar/data/896159/000089615915000021/0000896159-15-000021-index.htm",
    "finalLink": "https://www.sec.gov/Archives/edgar/data/896159/000089615915000021/ace-9302015x10q.htm"
  },
  {
    "date": "2015-06-30",
    "symbol": "CB",
    "reportedCurrency": "USD",
    "cik": "0000896159",
    "fillingDate": "2015-08-04",
    "acceptedDate": "2015-08-04 10:08:06",
    "calendarYear": "2015",
    "period": "Q2",
    "revenue": 5054000000,
    "costOfRevenue": 0,
    "grossProfit": 5054000000,
    "grossProfitRatio": 1,
    "researchAndDevelopmentExpenses": 0,
    "generalAndAdministrativeExpenses": 578000000,
    "sellingAndMarketingExpenses": 0,
    "sellingGeneralAndAdministrativeExpenses": 578000000,
    "otherExpenses": 3391000000,
    "operatingExpenses": 3969000000,
    "costAndExpenses": 3969000000,
    "interestIncome": 0,
    "interestExpense": 71000000,
    "depreciationAndAmortization": 55000000,
    "ebitda": 2367000000,
    "ebitdaratio": 0.4683419074,
    "operatingIncome": 1085000000,
    "operatingIncomeRatio": 0.2146814404,
    "totalOtherIncomeExpensesNet": 0,
    "incomeBeforeTax": 1085000000,
    "incomeBeforeTaxRatio": 0.2146814404,
    "incomeTaxExpense": 143000000,
    "netIncome": 942000000,
    "netIncomeRatio": 0.1863870202,
    "eps": 2.89,
    "epsdiluted": 2.86,
    "weightedAverageShsOut": 325463196,
    "weightedAverageShsOutDil": 328685758,
    "link": "https://www.sec.gov/Archives/edgar/data/896159/000089615915000015/0000896159-15-000015-index.htm",
    "finalLink": "https://www.sec.gov/Archives/edgar/data/896159/000089615915000015/ace-6302015x10q.htm"
  },
  {
    "date": "2015-03-31",
    "symbol": "CB",
    "reportedCurrency": "USD",
    "cik": "0000896159",
    "fillingDate": "2015-04-29",
    "acceptedDate": "2015-04-29 14:34:26",
    "calendarYear": "2015",
    "period": "Q1",
    "revenue": 4400000000,
    "costOfRevenue": 0,
    "grossProfit": 4400000000,
    "grossProfitRatio": 1,
    "researchAndDevelopmentExpenses": 0,
    "generalAndAdministrativeExpenses": 554000000,
    "sellingAndMarketingExpenses": 0,
    "sellingGeneralAndAdministrativeExpenses": 554000000,
    "otherExpenses": 3045000000,
    "operatingExpenses": 3599000000,
    "costAndExpenses": 3599000000,
    "interestIncome": 0,
    "interestExpense": 68000000,
    "depreciationAndAmortization": 30000000,
    "ebitda": 1768000000,
    "ebitdaratio": 0.4018181818,
    "operatingIncome": 801000000,
    "operatingIncomeRatio": 0.1820454545,
    "totalOtherIncomeExpensesNet": 0,
    "incomeBeforeTax": 801000000,
    "incomeBeforeTaxRatio": 0.1820454545,
    "incomeTaxExpense": 120000000,
    "netIncome": 681000000,
    "netIncomeRatio": 0.1547727273,
    "eps": 2.08,
    "epsdiluted": 2.05,
    "weightedAverageShsOut": 328212376,
    "weightedAverageShsOutDil": 331692720,
    "link": "https://www.sec.gov/Archives/edgar/data/896159/000089615915000011/0000896159-15-000011-index.htm",
    "finalLink": "https://www.sec.gov/Archives/edgar/data/896159/000089615915000011/ace-3312015x10q.htm"
  },
  {
    "date": "2014-12-31",
    "symbol": "CB",
    "reportedCurrency": "USD",
    "cik": "0000896159",
    "fillingDate": "2015-02-27",
    "acceptedDate": "2015-02-27 15:45:00",
    "calendarYear": "2014",
    "period": "Q4",
    "revenue": 4734000000,
    "costOfRevenue": 0,
    "grossProfit": 4734000000,
    "grossProfitRatio": 1,
    "researchAndDevelopmentExpenses": 0,
    "generalAndAdministrativeExpenses": 590000000,
    "sellingAndMarketingExpenses": 0,
    "sellingGeneralAndAdministrativeExpenses": 590000000,
    "otherExpenses": 3357000000,
    "operatingExpenses": 3947000000,
    "costAndExpenses": 3947000000,
    "interestIncome": 0,
    "interestExpense": 67000000,
    "depreciationAndAmortization": 30000000,
    "ebitda": -2029000000,
    "ebitdaratio": -0.4286016054,
    "operatingIncome": 787000000,
    "operatingIncomeRatio": 0.166244191,
    "totalOtherIncomeExpensesNet": 0,
    "incomeBeforeTax": 787000000,
    "incomeBeforeTaxRatio": 0.166244191,
    "incomeTaxExpense": 232000000,
    "netIncome": 555000000,
    "netIncomeRatio": 0.1172370089,
    "eps": 1.69,
    "epsdiluted": 1.69,
    "weightedAverageShsOut": 328212376,
    "weightedAverageShsOutDil": 328212376,
    "link": "https://www.sec.gov/Archives/edgar/data/896159/000089615915000006/0000896159-15-000006-index.htm",
    "finalLink": "https://www.sec.gov/Archives/edgar/data/896159/000089615915000006/ace-12312014x10k.htm"
  },
  {
    "date": "2014-09-30",
    "symbol": "CB",
    "reportedCurrency": "USD",
    "cik": "0000896159",
    "fillingDate": "2014-10-29",
    "acceptedDate": "2014-10-29 14:34:25",
    "calendarYear": "2014",
    "period": "Q3",
    "revenue": 5194000000,
    "costOfRevenue": 0,
    "grossProfit": 5194000000,
    "grossProfitRatio": 1,
    "researchAndDevelopmentExpenses": 0,
    "generalAndAdministrativeExpenses": 554000000,
    "sellingAndMarketingExpenses": 0,
    "sellingGeneralAndAdministrativeExpenses": 554000000,
    "otherExpenses": 3679000000,
    "operatingExpenses": 4233000000,
    "costAndExpenses": 4233000000,
    "interestIncome": 0,
    "interestExpense": 70000000,
    "depreciationAndAmortization": 27000000,
    "ebitda": 2089000000,
    "ebitdaratio": 0.4021948402,
    "operatingIncome": 961000000,
    "operatingIncomeRatio": 0.1850211783,
    "totalOtherIncomeExpensesNet": 0,
    "incomeBeforeTax": 961000000,
    "incomeBeforeTaxRatio": 0.1850211783,
    "incomeTaxExpense": 176000000,
    "netIncome": 785000000,
    "netIncomeRatio": 0.1511359261,
    "eps": 2.35,
    "epsdiluted": 2.32,
    "weightedAverageShsOut": 334472324,
    "weightedAverageShsOutDil": 337673980,
    "link": "https://www.sec.gov/Archives/edgar/data/896159/000089615914000015/0000896159-14-000015-index.htm",
    "finalLink": "https://www.sec.gov/Archives/edgar/data/896159/000089615914000015/ace-9302014x10q.htm"
  },
  {
    "date": "2014-06-30",
    "symbol": "CB",
    "reportedCurrency": "USD",
    "cik": "0000896159",
    "fillingDate": "2014-07-30",
    "acceptedDate": "2014-07-30 12:04:20",
    "calendarYear": "2014",
    "period": "Q2",
    "revenue": 4832000000,
    "costOfRevenue": 0,
    "grossProfit": 4832000000,
    "grossProfitRatio": 1,
    "researchAndDevelopmentExpenses": 0,
    "generalAndAdministrativeExpenses": 566000000,
    "sellingAndMarketingExpenses": 0,
    "sellingGeneralAndAdministrativeExpenses": 566000000,
    "otherExpenses": 3354000000,
    "operatingExpenses": 3920000000,
    "costAndExpenses": 3920000000,
    "interestIncome": 0,
    "interestExpense": 72000000,
    "depreciationAndAmortization": 30000000,
    "ebitda": 1998000000,
    "ebitdaratio": 0.4134933775,
    "operatingIncome": 912000000,
    "operatingIncomeRatio": 0.1887417219,
    "totalOtherIncomeExpensesNet": 0,
    "incomeBeforeTax": 912000000,
    "incomeBeforeTaxRatio": 0.1887417219,
    "incomeTaxExpense": 133000000,
    "netIncome": 779000000,
    "netIncomeRatio": 0.1612168874,
    "eps": 2.3,
    "epsdiluted": 2.28,
    "weightedAverageShsOut": 337846228,
    "weightedAverageShsOutDil": 341132587,
    "link": "https://www.sec.gov/Archives/edgar/data/896159/000089615914000010/0000896159-14-000010-index.htm",
    "finalLink": "https://www.sec.gov/Archives/edgar/data/896159/000089615914000010/ace-6302014x10q.htm"
  },
  {
    "date": "2014-03-31",
    "symbol": "CB",
    "reportedCurrency": "USD",
    "cik": "0000896159",
    "fillingDate": "2014-05-02",
    "acceptedDate": "2014-05-02 12:11:44",
    "calendarYear": "2014",
    "period": "Q1",
    "revenue": 4413000000,
    "costOfRevenue": 0,
    "grossProfit": 4413000000,
    "grossProfitRatio": 1,
    "researchAndDevelopmentExpenses": 0,
    "generalAndAdministrativeExpenses": 535000000,
    "sellingAndMarketingExpenses": 0,
    "sellingGeneralAndAdministrativeExpenses": 535000000,
    "otherExpenses": 3051000000,
    "operatingExpenses": 3586000000,
    "costAndExpenses": 3586000000,
    "interestIncome": 0,
    "interestExpense": 71000000,
    "depreciationAndAmortization": 21000000,
    "ebitda": 1817000000,
    "ebitdaratio": 0.4117380467,
    "operatingIncome": 827000000,
    "operatingIncomeRatio": 0.1874008611,
    "totalOtherIncomeExpensesNet": 0,
    "incomeBeforeTax": 827000000,
    "incomeBeforeTaxRatio": 0.1874008611,
    "incomeTaxExpense": 93000000,
    "netIncome": 734000000,
    "netIncomeRatio": 0.1663267618,
    "eps": 2.16,
    "epsdiluted": 2.14,
    "weightedAverageShsOut": 338869562,
    "weightedAverageShsOutDil": 342040736,
    "link": "https://www.sec.gov/Archives/edgar/data/896159/000089615914000007/0000896159-14-000007-index.htm",
    "finalLink": "https://www.sec.gov/Archives/edgar/data/896159/000089615914000007/ace-3312014x10q.htm"
  },
  {
    "date": "2013-12-31",
    "symbol": "CB",
    "reportedCurrency": "USD",
    "cik": "0000896159",
    "fillingDate": "2014-02-28",
    "acceptedDate": "2014-02-28 15:52:51",
    "calendarYear": "2013",
    "period": "Q4",
    "revenue": 5083000000,
    "costOfRevenue": 0,
    "grossProfit": 5083000000,
    "grossProfitRatio": 1,
    "researchAndDevelopmentExpenses": 0,
    "generalAndAdministrativeExpenses": 570000000,
    "sellingAndMarketingExpenses": 0,
    "sellingGeneralAndAdministrativeExpenses": 570000000,
    "otherExpenses": 3427000000,
    "operatingExpenses": 3997000000,
    "costAndExpenses": 3997000000,
    "interestIncome": 0,
    "interestExpense": 70000000,
    "depreciationAndAmortization": 27000000,
    "ebitda": 1183000000,
    "ebitdaratio": 0.2327365729,
    "operatingIncome": 1086000000,
    "operatingIncomeRatio": 0.2136533543,
    "totalOtherIncomeExpensesNet": 0,
    "incomeBeforeTax": 1086000000,
    "incomeBeforeTaxRatio": 0.2136533543,
    "incomeTaxExpense": 88000000,
    "netIncome": 998000000,
    "netIncomeRatio": 0.1963407437,
    "eps": 2.95,
    "epsdiluted": 2.95,
    "weightedAverageShsOut": 338869562,
    "weightedAverageShsOutDil": 338869562,
    "link": "https://www.sec.gov/Archives/edgar/data/896159/000089615914000003/0000896159-14-000003-index.htm",
    "finalLink": "https://www.sec.gov/Archives/edgar/data/896159/000089615914000003/ace-12312013x10k.htm"
  },
  {
    "date": "2013-09-30",
    "symbol": "CB",
    "reportedCurrency": "USD",
    "cik": "0000896159",
    "fillingDate": "2013-10-30",
    "acceptedDate": "2013-10-30 17:25:42",
    "calendarYear": "2013",
    "period": "Q3",
    "revenue": 5186000000,
    "costOfRevenue": 0,
    "grossProfit": 5186000000,
    "grossProfitRatio": 1,
    "researchAndDevelopmentExpenses": 0,
    "generalAndAdministrativeExpenses": 563000000,
    "sellingAndMarketingExpenses": 0,
    "sellingGeneralAndAdministrativeExpenses": 563000000,
    "otherExpenses": 3552000000,
    "operatingExpenses": 4115000000,
    "costAndExpenses": 4115000000,
    "interestIncome": 0,
    "interestExpense": 72000000,
    "depreciationAndAmortization": 30000000,
    "ebitda": 2316000000,
    "ebitdaratio": 0.4465869649,
    "operatingIncome": 1071000000,
    "operatingIncomeRatio": 0.2065175472,
    "totalOtherIncomeExpensesNet": 0,
    "incomeBeforeTax": 1071000000,
    "incomeBeforeTaxRatio": 0.2065175472,
    "incomeTaxExpense": 155000000,
    "netIncome": 916000000,
    "netIncomeRatio": 0.1766293868,
    "eps": 2.68,
    "epsdiluted": 2.66,
    "weightedAverageShsOut": 340888648,
    "weightedAverageShsOutDil": 343817737,
    "link": "https://www.sec.gov/Archives/edgar/data/896159/000089615913000016/0000896159-13-000016-index.htm",
    "finalLink": "https://www.sec.gov/Archives/edgar/data/896159/000089615913000016/ace-9302013x10q.htm"
  },
  {
    "date": "2013-06-30",
    "symbol": "CB",
    "reportedCurrency": "USD",
    "cik": "0000896159",
    "fillingDate": "2013-07-31",
    "acceptedDate": "2013-07-31 16:19:15",
    "calendarYear": "2013",
    "period": "Q2",
    "revenue": 4694000000,
    "costOfRevenue": 0,
    "grossProfit": 4694000000,
    "grossProfitRatio": 1,
    "researchAndDevelopmentExpenses": 0,
    "generalAndAdministrativeExpenses": 478000000,
    "sellingAndMarketingExpenses": 0,
    "sellingGeneralAndAdministrativeExpenses": 564000000,
    "otherExpenses": 3124000000,
    "operatingExpenses": 3688000000,
    "costAndExpenses": 3688000000,
    "interestIncome": 0,
    "interestExpense": 73000000,
    "depreciationAndAmortization": 23000000,
    "ebitda": 1102000000,
    "ebitdaratio": 0.2347677887,
    "operatingIncome": 1006000000,
    "operatingIncomeRatio": 0.2143161483,
    "totalOtherIncomeExpensesNet": 0,
    "incomeBeforeTax": 1006000000,
    "incomeBeforeTaxRatio": 0.2143161483,
    "incomeTaxExpense": 115000000,
    "netIncome": 891000000,
    "netIncomeRatio": 0.1898167874,
    "eps": 2.61,
    "epsdiluted": 2.59,
    "weightedAverageShsOut": 340086269,
    "weightedAverageShsOutDil": 344101265,
    "link": "https://www.sec.gov/Archives/edgar/data/896159/000089615913000012/0000896159-13-000012-index.htm",
    "finalLink": "https://www.sec.gov/Archives/edgar/data/896159/000089615913000012/ace-6302013x10q.htm"
  },
  {
    "date": "2013-03-31",
    "symbol": "CB",
    "reportedCurrency": "USD",
    "cik": "0000896159",
    "fillingDate": "2013-05-01",
    "acceptedDate": "2013-05-01 12:01:30",
    "calendarYear": "2013",
    "period": "Q1",
    "revenue": 4314000000,
    "costOfRevenue": 0,
    "grossProfit": 4314000000,
    "grossProfitRatio": 1,
    "researchAndDevelopmentExpenses": 0,
    "generalAndAdministrativeExpenses": 429000000,
    "sellingAndMarketingExpenses": 0,
    "sellingGeneralAndAdministrativeExpenses": 514000000,
    "otherExpenses": 2725000000,
    "operatingExpenses": 3239000000,
    "costAndExpenses": 3239000000,
    "interestIncome": 0,
    "interestExpense": 60000000,
    "depreciationAndAmortization": 15000000,
    "ebitda": 1150000000,
    "ebitdaratio": 0.2665739453,
    "operatingIncome": 1075000000,
    "operatingIncomeRatio": 0.249188688,
    "totalOtherIncomeExpensesNet": 0,
    "incomeBeforeTax": 1075000000,
    "incomeBeforeTaxRatio": 0.249188688,
    "incomeTaxExpense": 122000000,
    "netIncome": 953000000,
    "netIncomeRatio": 0.2209086694,
    "eps": 2.8,
    "epsdiluted": 2.77,
    "weightedAverageShsOut": 340778142,
    "weightedAverageShsOutDil": 343906368,
    "link": "https://www.sec.gov/Archives/edgar/data/896159/000089615913000007/0000896159-13-000007-index.htm",
    "finalLink": "https://www.sec.gov/Archives/edgar/data/896159/000089615913000007/ace-3312013x10q.htm"
  },
  {
    "date": "2012-12-31",
    "symbol": "CB",
    "reportedCurrency": "USD",
    "cik": "0000896159",
    "fillingDate": "2013-02-28",
    "acceptedDate": "2013-02-28 15:46:45",
    "calendarYear": "2012",
    "period": "Q4",
    "revenue": 4716000000,
    "costOfRevenue": 0,
    "grossProfit": 4716000000,
    "grossProfitRatio": 1,
    "researchAndDevelopmentExpenses": 0,
    "generalAndAdministrativeExpenses": 462000000,
    "sellingAndMarketingExpenses": 0,
    "sellingGeneralAndAdministrativeExpenses": 553000000,
    "otherExpenses": 3533000000,
    "operatingExpenses": 4086000000,
    "costAndExpenses": 4086000000,
    "interestIncome": 0,
    "interestExpense": 63000000,
    "depreciationAndAmortization": 0,
    "ebitda": 708000000,
    "ebitdaratio": 0.1501272265,
    "operatingIncome": 630000000,
    "operatingIncomeRatio": 0.1335877863,
    "totalOtherIncomeExpensesNet": 0,
    "incomeBeforeTax": 630000000,
    "incomeBeforeTaxRatio": 0.1335877863,
    "incomeTaxExpense": -135000000,
    "netIncome": 765000000,
    "netIncomeRatio": 0.1622137405,
    "eps": 2.24,
    "epsdiluted": 2.22,
    "weightedAverageShsOut": 340821273,
    "weightedAverageShsOutDil": 343741899,
    "link": "https://www.sec.gov/Archives/edgar/data/896159/000089615913000003/0000896159-13-000003-index.htm",
    "finalLink": "https://www.sec.gov/Archives/edgar/data/896159/000089615913000003/ace-12312012x10k.htm"
  },
  {
    "date": "2012-09-30",
    "symbol": "CB",
    "reportedCurrency": "USD",
    "cik": "0000896159",
    "fillingDate": "2012-10-31",
    "acceptedDate": "2012-10-31 14:49:28",
    "calendarYear": "2012",
    "period": "Q3",
    "revenue": 5152000000,
    "costOfRevenue": 0,
    "grossProfit": 5152000000,
    "grossProfitRatio": 1,
    "researchAndDevelopmentExpenses": 0,
    "generalAndAdministrativeExpenses": 519000000,
    "sellingAndMarketingExpenses": 0,
    "sellingGeneralAndAdministrativeExpenses": 519000000,
    "otherExpenses": 3846000000,
    "operatingExpenses": 4365000000,
    "costAndExpenses": 4365000000,
    "interestIncome": 0,
    "interestExpense": 63000000,
    "depreciationAndAmortization": 12000000,
    "ebitda": 862000000,
    "ebitdaratio": 0.1673136646,
    "operatingIncome": 787000000,
    "operatingIncomeRatio": 0.1527562112,
    "totalOtherIncomeExpensesNet": 0,
    "incomeBeforeTax": 787000000,
    "incomeBeforeTaxRatio": 0.1527562112,
    "incomeTaxExpense": 147000000,
    "netIncome": 640000000,
    "netIncomeRatio": 0.1242236025,
    "eps": 1.88,
    "epsdiluted": 1.87,
    "weightedAverageShsOut": 340207037,
    "weightedAverageShsOutDil": 342872713,
    "link": "https://www.sec.gov/Archives/edgar/data/896159/000089615912000007/0000896159-12-000007-index.htm",
    "finalLink": "https://www.sec.gov/Archives/edgar/data/896159/000089615912000007/ace-9302012x10q.htm"
  },
  {
    "date": "2012-06-30",
    "symbol": "CB",
    "reportedCurrency": "USD",
    "cik": "0000896159",
    "fillingDate": "2012-08-01",
    "acceptedDate": "2012-08-01 16:17:50",
    "calendarYear": "2012",
    "period": "Q2",
    "revenue": 3912000000,
    "costOfRevenue": 0,
    "grossProfit": 3912000000,
    "grossProfitRatio": 1,
    "researchAndDevelopmentExpenses": 0,
    "generalAndAdministrativeExpenses": 514000000,
    "sellingAndMarketingExpenses": 0,
    "sellingGeneralAndAdministrativeExpenses": 514000000,
    "otherExpenses": 2922000000,
    "operatingExpenses": 3436000000,
    "costAndExpenses": 3436000000,
    "interestIncome": 0,
    "interestExpense": 62000000,
    "depreciationAndAmortization": 12000000,
    "ebitda": 550000000,
    "ebitdaratio": 0.140593047,
    "operatingIncome": 476000000,
    "operatingIncomeRatio": 0.1216768916,
    "totalOtherIncomeExpensesNet": 0,
    "incomeBeforeTax": 476000000,
    "incomeBeforeTaxRatio": 0.1216768916,
    "incomeTaxExpense": 148000000,
    "netIncome": 328000000,
    "netIncomeRatio": 0.0838445808,
    "eps": 0.97,
    "epsdiluted": 0.96,
    "weightedAverageShsOut": 339766067,
    "weightedAverageShsOutDil": 342674038,
    "link": "https://www.sec.gov/Archives/edgar/data/896159/000119312512328826/0001193125-12-328826-index.htm",
    "finalLink": "https://www.sec.gov/Archives/edgar/data/896159/000119312512328826/d359498d10q.htm"
  },
  {
    "date": "2012-03-31",
    "symbol": "CB",
    "reportedCurrency": "USD",
    "cik": "0000896159",
    "fillingDate": "2012-05-02",
    "acceptedDate": "2012-05-02 16:48:13",
    "calendarYear": "2012",
    "period": "Q1",
    "revenue": 4203000000,
    "costOfRevenue": 0,
    "grossProfit": 4203000000,
    "grossProfitRatio": 1,
    "researchAndDevelopmentExpenses": 0,
    "generalAndAdministrativeExpenses": 510000000,
    "sellingAndMarketingExpenses": 0,
    "sellingGeneralAndAdministrativeExpenses": 510000000,
    "otherExpenses": 2610000000,
    "operatingExpenses": 3120000000,
    "costAndExpenses": 3120000000,
    "interestIncome": 0,
    "interestExpense": 62000000,
    "depreciationAndAmortization": 12000000,
    "ebitda": 1157000000,
    "ebitdaratio": 0.2752795622,
    "operatingIncome": 1083000000,
    "operatingIncomeRatio": 0.2576730906,
    "totalOtherIncomeExpensesNet": 0,
    "incomeBeforeTax": 1083000000,
    "incomeBeforeTaxRatio": 0.2576730906,
    "incomeTaxExpense": 110000000,
    "netIncome": 973000000,
    "netIncomeRatio": 0.2315013086,
    "eps": 2.87,
    "epsdiluted": 2.84,
    "weightedAverageShsOut": 338567341,
    "weightedAverageShsOutDil": 341690982,
    "link": "https://www.sec.gov/Archives/edgar/data/896159/000119312512204875/0001193125-12-204875-index.htm",
    "finalLink": "https://www.sec.gov/Archives/edgar/data/896159/000119312512204875/d313747d10q.htm"
  },
  {
    "date": "2011-12-31",
    "symbol": "CB",
    "reportedCurrency": "USD",
    "cik": "0000896159",
    "fillingDate": "2012-02-24",
    "acceptedDate": "2012-02-24 16:11:01",
    "calendarYear": "2011",
    "period": "Q4",
    "revenue": 4479000000,
    "costOfRevenue": 6880000000,
    "grossProfit": 4479000000,
    "grossProfitRatio": 1,
    "researchAndDevelopmentExpenses": 0,
    "generalAndAdministrativeExpenses": 526000000,
    "sellingAndMarketingExpenses": 0,
    "sellingGeneralAndAdministrativeExpenses": 526000000,
    "otherExpenses": 3081000000,
    "operatingExpenses": 3607000000,
    "costAndExpenses": 3607000000,
    "interestIncome": 0,
    "interestExpense": 63000000,
    "depreciationAndAmortization": 0,
    "ebitda": 935000000,
    "ebitdaratio": 0.2087519536,
    "operatingIncome": 872000000,
    "operatingIncomeRatio": 0.1946863139,
    "totalOtherIncomeExpensesNet": 0,
    "incomeBeforeTax": 872000000,
    "incomeBeforeTaxRatio": 0.1946863139,
    "incomeTaxExpense": 122000000,
    "netIncome": 750000000,
    "netIncomeRatio": 0.1674480911,
    "eps": 2.22,
    "epsdiluted": 2.22,
    "weightedAverageShsOut": 338219205,
    "weightedAverageShsOutDil": 338567341,
    "link": "https://www.sec.gov/Archives/edgar/data/896159/000119312512078111/0001193125-12-078111-index.htm",
    "finalLink": "https://www.sec.gov/Archives/edgar/data/896159/000119312512078111/d267038d10k.htm"
  },
  {
    "date": "2011-09-30",
    "symbol": "CB",
    "reportedCurrency": "USD",
    "cik": "0000896159",
    "fillingDate": "2011-11-03",
    "acceptedDate": "2011-11-03 15:44:02",
    "calendarYear": "2011",
    "period": "Q3",
    "revenue": 4294000000,
    "costOfRevenue": 0,
    "grossProfit": 4294000000,
    "grossProfitRatio": 1,
    "researchAndDevelopmentExpenses": 0,
    "generalAndAdministrativeExpenses": 517000000,
    "sellingAndMarketingExpenses": 0,
    "sellingGeneralAndAdministrativeExpenses": 520000000,
    "otherExpenses": 3648000000,
    "operatingExpenses": 4168000000,
    "costAndExpenses": 4168000000,
    "interestIncome": 0,
    "interestExpense": 62000000,
    "depreciationAndAmortization": 0,
    "ebitda": 0,
    "ebitdaratio": 0,
    "operatingIncome": 126000000,
    "operatingIncomeRatio": 0.0293432697,
    "totalOtherIncomeExpensesNet": 0,
    "incomeBeforeTax": 126000000,
    "incomeBeforeTaxRatio": 0.0293432697,
    "incomeTaxExpense": 165000000,
    "netIncome": -39000000,
    "netIncomeRatio": -0.0090824406,
    "eps": -0.0916,
    "epsdiluted": -0.0909,
    "weightedAverageShsOut": 338400000,
    "weightedAverageShsOutDil": 340900000,
    "link": "https://www.sec.gov/Archives/edgar/data/896159/000119312511294993/0001193125-11-294993-index.htm",
    "finalLink": "https://www.sec.gov/Archives/edgar/data/896159/000119312511294993/d237239d10q.htm"
  },
  {
    "date": "2011-06-30",
    "symbol": "CB",
    "reportedCurrency": "USD",
    "cik": "0000896159",
    "fillingDate": "2011-08-04",
    "acceptedDate": "2011-08-04 15:56:32",
    "calendarYear": "2011",
    "period": "Q2",
    "revenue": 4253000000,
    "costOfRevenue": 0,
    "grossProfit": 4253000000,
    "grossProfitRatio": 1,
    "researchAndDevelopmentExpenses": 0,
    "generalAndAdministrativeExpenses": 515000000,
    "sellingAndMarketingExpenses": 0,
    "sellingGeneralAndAdministrativeExpenses": 518000000,
    "otherExpenses": 3020000000,
    "operatingExpenses": 3538000000,
    "costAndExpenses": 3538000000,
    "interestIncome": 0,
    "interestExpense": 62000000,
    "depreciationAndAmortization": 0,
    "ebitda": 0,
    "ebitdaratio": 0,
    "operatingIncome": 715000000,
    "operatingIncomeRatio": 0.1681166236,
    "totalOtherIncomeExpensesNet": 0,
    "incomeBeforeTax": 715000000,
    "incomeBeforeTaxRatio": 0.1681166236,
    "incomeTaxExpense": 121000000,
    "netIncome": 594000000,
    "netIncomeRatio": 0.139666118,
    "eps": 1.79,
    "epsdiluted": 1.77,
    "weightedAverageShsOut": 338920580,
    "weightedAverageShsOutDil": 341688968,
    "link": "https://www.sec.gov/Archives/edgar/data/896159/000119312511210283/0001193125-11-210283-index.htm",
    "finalLink": "https://www.sec.gov/Archives/edgar/data/896159/000119312511210283/d10q.htm"
  },
  {
    "date": "2011-03-31",
    "symbol": "CB",
    "reportedCurrency": "USD",
    "cik": "0000896159",
    "fillingDate": "2011-05-06",
    "acceptedDate": "2011-05-06 13:04:01",
    "calendarYear": "2011",
    "period": "Q1",
    "revenue": 3808000000,
    "costOfRevenue": 6880000000,
    "grossProfit": 3808000000,
    "grossProfitRatio": 1,
    "researchAndDevelopmentExpenses": 0,
    "generalAndAdministrativeExpenses": 494000000,
    "sellingAndMarketingExpenses": 0,
    "sellingGeneralAndAdministrativeExpenses": 499000000,
    "otherExpenses": 2963000000,
    "operatingExpenses": 3462000000,
    "costAndExpenses": 3462000000,
    "interestIncome": 0,
    "interestExpense": 63000000,
    "depreciationAndAmortization": 0,
    "ebitda": 0,
    "ebitdaratio": 0,
    "operatingIncome": 346000000,
    "operatingIncomeRatio": 0.0908613445,
    "totalOtherIncomeExpensesNet": 0,
    "incomeBeforeTax": 346000000,
    "incomeBeforeTaxRatio": 0.0908613445,
    "incomeTaxExpense": 96000000,
    "netIncome": 250000000,
    "netIncomeRatio": 0.0656512605,
    "eps": 0.77,
    "epsdiluted": 0.76,
    "weightedAverageShsOut": 337088217,
    "weightedAverageShsOutDil": 339661199,
    "link": "https://www.sec.gov/Archives/edgar/data/896159/000119312511130234/0001193125-11-130234-index.htm",
    "finalLink": "https://www.sec.gov/Archives/edgar/data/896159/000119312511130234/d10q.htm"
  },
  {
    "date": "2010-12-31",
    "symbol": "CB",
    "reportedCurrency": "USD",
    "cik": "0000896159",
    "fillingDate": "2011-02-25",
    "acceptedDate": "2011-02-25 16:30:11",
    "calendarYear": "2010",
    "period": "Q4",
    "revenue": 4409000000,
    "costOfRevenue": 0,
    "grossProfit": 4409000000,
    "grossProfitRatio": 1,
    "researchAndDevelopmentExpenses": 0,
    "generalAndAdministrativeExpenses": 502000000,
    "sellingAndMarketingExpenses": 0,
    "sellingGeneralAndAdministrativeExpenses": 502000000,
    "otherExpenses": 2773000000,
    "operatingExpenses": 3275000000,
    "costAndExpenses": 3275000000,
    "interestIncome": 0,
    "interestExpense": 62000000,
    "depreciationAndAmortization": 0,
    "ebitda": 1196000000,
    "ebitdaratio": 0.271263325,
    "operatingIncome": 1134000000,
    "operatingIncomeRatio": 0.2572011794,
    "totalOtherIncomeExpensesNet": 0,
    "incomeBeforeTax": 1134000000,
    "incomeBeforeTaxRatio": 0.2572011794,
    "incomeTaxExpense": 133000000,
    "netIncome": 1001000000,
    "netIncomeRatio": 0.227035609,
    "eps": 2.97,
    "epsdiluted": 2.97,
    "weightedAverageShsOut": 337088217,
    "weightedAverageShsOutDil": 337088217,
    "link": "https://www.sec.gov/Archives/edgar/data/896159/000119312511047473/0001193125-11-047473-index.htm",
    "finalLink": "https://www.sec.gov/Archives/edgar/data/896159/000119312511047473/d10k.htm"
  },
  {
    "date": "2010-09-30",
    "symbol": "CB",
    "reportedCurrency": "USD",
    "cik": "0000896159",
    "fillingDate": "2010-11-08",
    "acceptedDate": "2010-11-08 13:56:09",
    "calendarYear": "2010",
    "period": "Q3",
    "revenue": 3888000000,
    "costOfRevenue": 0,
    "grossProfit": 3888000000,
    "grossProfitRatio": 1,
    "researchAndDevelopmentExpenses": 0,
    "generalAndAdministrativeExpenses": 433000000,
    "sellingAndMarketingExpenses": 0,
    "sellingGeneralAndAdministrativeExpenses": 433000000,
    "otherExpenses": 2620000000,
    "operatingExpenses": 3053000000,
    "costAndExpenses": 3053000000,
    "interestIncome": 0,
    "interestExpense": 58000000,
    "depreciationAndAmortization": 0,
    "ebitda": 893000000,
    "ebitdaratio": 0.22968107,
    "operatingIncome": 835000000,
    "operatingIncomeRatio": 0.2147633745,
    "totalOtherIncomeExpensesNet": 0,
    "incomeBeforeTax": 835000000,
    "incomeBeforeTaxRatio": 0.2147633745,
    "incomeTaxExpense": 160000000,
    "netIncome": 675000000,
    "netIncomeRatio": 0.1736111111,
    "eps": 1.99,
    "epsdiluted": 1.97,
    "weightedAverageShsOut": 339229422,
    "weightedAverageShsOutDil": 341900000,
    "link": "https://www.sec.gov/Archives/edgar/data/896159/000119312510251774/0001193125-10-251774-index.htm",
    "finalLink": "https://www.sec.gov/Archives/edgar/data/896159/000119312510251774/d10q.htm"
  },
  {
    "date": "2010-06-30",
    "symbol": "CB",
    "reportedCurrency": "USD",
    "cik": "0000896159",
    "fillingDate": "2010-08-06",
    "acceptedDate": "2010-08-06 09:43:43",
    "calendarYear": "2010",
    "period": "Q2",
    "revenue": 3760000000,
    "costOfRevenue": 0,
    "grossProfit": 3760000000,
    "grossProfitRatio": 1,
    "researchAndDevelopmentExpenses": 0,
    "generalAndAdministrativeExpenses": 463000000,
    "sellingAndMarketingExpenses": 0,
    "sellingGeneralAndAdministrativeExpenses": 463000000,
    "otherExpenses": 2478000000,
    "operatingExpenses": 2941000000,
    "costAndExpenses": 2941000000,
    "interestIncome": 0,
    "interestExpense": 52000000,
    "depreciationAndAmortization": 0,
    "ebitda": 871000000,
    "ebitdaratio": 0.2316489362,
    "operatingIncome": 819000000,
    "operatingIncomeRatio": 0.2178191489,
    "totalOtherIncomeExpensesNet": 0,
    "incomeBeforeTax": 819000000,
    "incomeBeforeTaxRatio": 0.2178191489,
    "incomeTaxExpense": 142000000,
    "netIncome": 677000000,
    "netIncomeRatio": 0.1800531915,
    "eps": 2,
    "epsdiluted": 1.98,
    "weightedAverageShsOut": 338478484,
    "weightedAverageShsOutDil": 341200000,
    "link": "https://www.sec.gov/Archives/edgar/data/896159/000119312510180546/0001193125-10-180546-index.htm",
    "finalLink": "https://www.sec.gov/Archives/edgar/data/896159/000119312510180546/d10q.htm"
  },
  {
    "date": "2010-03-31",
    "symbol": "CB",
    "reportedCurrency": "USD",
    "cik": "0000896159",
    "fillingDate": "2010-05-07",
    "acceptedDate": "2010-05-06 20:37:17",
    "calendarYear": "2010",
    "period": "Q1",
    "revenue": 3949000000,
    "costOfRevenue": 4000000,
    "grossProfit": 3949000000,
    "grossProfitRatio": 1,
    "researchAndDevelopmentExpenses": 0,
    "generalAndAdministrativeExpenses": 460000000,
    "sellingAndMarketingExpenses": 0,
    "sellingGeneralAndAdministrativeExpenses": 460000000,
    "otherExpenses": 2610000000,
    "operatingExpenses": 3070000000,
    "costAndExpenses": 3070000000,
    "interestIncome": 0,
    "interestExpense": 52000000,
    "depreciationAndAmortization": 0,
    "ebitda": 931000000,
    "ebitdaratio": 0.2357558876,
    "operatingIncome": 879000000,
    "operatingIncomeRatio": 0.222587997,
    "totalOtherIncomeExpensesNet": 0,
    "incomeBeforeTax": 879000000,
    "incomeBeforeTaxRatio": 0.222587997,
    "incomeTaxExpense": 124000000,
    "netIncome": 755000000,
    "netIncomeRatio": 0.1911876424,
    "eps": 2.23,
    "epsdiluted": 2.22,
    "weightedAverageShsOut": 338610718,
    "weightedAverageShsOutDil": 339900000,
    "link": "https://www.sec.gov/Archives/edgar/data/896159/000119312510111376/0001193125-10-111376-index.htm",
    "finalLink": "https://www.sec.gov/Archives/edgar/data/896159/000119312510111376/d10q.htm"
  },
  {
    "date": "2009-12-31",
    "symbol": "CB",
    "reportedCurrency": "USD",
    "cik": "0000896159",
    "fillingDate": "2010-02-25",
    "acceptedDate": "2010-02-25 15:44:09",
    "calendarYear": "2009",
    "period": "Q4",
    "revenue": 4272000000,
    "costOfRevenue": 0,
    "grossProfit": 4272000000,
    "grossProfitRatio": 1,
    "researchAndDevelopmentExpenses": 0,
    "generalAndAdministrativeExpenses": 486000000,
    "sellingAndMarketingExpenses": 0,
    "sellingGeneralAndAdministrativeExpenses": 486000000,
    "otherExpenses": 2625000000,
    "operatingExpenses": 3111000000,
    "costAndExpenses": 3111000000,
    "interestIncome": 0,
    "interestExpense": 56000000,
    "depreciationAndAmortization": 0,
    "ebitda": 1217000000,
    "ebitdaratio": 0.2848782772,
    "operatingIncome": 1161000000,
    "operatingIncomeRatio": 0.2717696629,
    "totalOtherIncomeExpensesNet": 0,
    "incomeBeforeTax": 1161000000,
    "incomeBeforeTaxRatio": 0.2717696629,
    "incomeTaxExpense": 208000000,
    "netIncome": 953000000,
    "netIncomeRatio": 0.2230805243,
    "eps": 2.81,
    "epsdiluted": 2.81,
    "weightedAverageShsOut": 337398729,
    "weightedAverageShsOutDil": 338610718,
    "link": "https://www.sec.gov/Archives/edgar/data/896159/000119312510040605/0001193125-10-040605-index.htm",
    "finalLink": "https://www.sec.gov/Archives/edgar/data/896159/000119312510040605/d10k.htm"
  },
  {
    "date": "2009-09-30",
    "symbol": "CB",
    "reportedCurrency": "USD",
    "cik": "0000896159",
    "fillingDate": "2009-11-09",
    "acceptedDate": "2009-11-06 18:00:39",
    "calendarYear": "2009",
    "period": "Q3",
    "revenue": 3681000000,
    "costOfRevenue": 0,
    "grossProfit": 3681000000,
    "grossProfitRatio": 1,
    "researchAndDevelopmentExpenses": 0,
    "generalAndAdministrativeExpenses": 451000000,
    "sellingAndMarketingExpenses": 0,
    "sellingGeneralAndAdministrativeExpenses": 451000000,
    "otherExpenses": 2642000000,
    "operatingExpenses": 3093000000,
    "costAndExpenses": 3093000000,
    "interestIncome": 0,
    "interestExpense": 60000000,
    "depreciationAndAmortization": 0,
    "ebitda": 648000000,
    "ebitdaratio": 0.1760391198,
    "operatingIncome": 588000000,
    "operatingIncomeRatio": 0.1597392013,
    "totalOtherIncomeExpensesNet": 0,
    "incomeBeforeTax": 588000000,
    "incomeBeforeTaxRatio": 0.1597392013,
    "incomeTaxExpense": 94000000,
    "netIncome": 494000000,
    "netIncomeRatio": 0.1342026623,
    "eps": 1.47,
    "epsdiluted": 1.46,
    "weightedAverageShsOut": 336159387,
    "weightedAverageShsOutDil": 338400000,
    "link": "https://www.sec.gov/Archives/edgar/data/896159/000119312509227842/0001193125-09-227842-index.htm",
    "finalLink": "https://www.sec.gov/Archives/edgar/data/896159/000119312509227842/d10q.htm"
  },
  {
    "date": "2009-06-30",
    "symbol": "CB",
    "reportedCurrency": "USD",
    "cik": "0000896159",
    "fillingDate": "2009-08-07",
    "acceptedDate": "2009-08-07 14:22:56",
    "calendarYear": "2009",
    "period": "Q2",
    "revenue": 3547000000,
    "costOfRevenue": 0,
    "grossProfit": 3547000000,
    "grossProfitRatio": 1,
    "researchAndDevelopmentExpenses": 0,
    "generalAndAdministrativeExpenses": 454000000,
    "sellingAndMarketingExpenses": 0,
    "sellingGeneralAndAdministrativeExpenses": 454000000,
    "otherExpenses": 2457000000,
    "operatingExpenses": 2911000000,
    "costAndExpenses": 2911000000,
    "interestIncome": 0,
    "interestExpense": 56000000,
    "depreciationAndAmortization": 0,
    "ebitda": 692000000,
    "ebitdaratio": 0.195094446,
    "operatingIncome": 636000000,
    "operatingIncomeRatio": 0.1793064562,
    "totalOtherIncomeExpensesNet": 0,
    "incomeBeforeTax": 636000000,
    "incomeBeforeTaxRatio": 0.1793064562,
    "incomeTaxExpense": 101000000,
    "netIncome": 535000000,
    "netIncomeRatio": 0.1508316888,
    "eps": 1.58,
    "epsdiluted": 1.58,
    "weightedAverageShsOut": 336898236,
    "weightedAverageShsOutDil": 337508296,
    "link": "https://www.sec.gov/Archives/edgar/data/896159/000119312509168881/0001193125-09-168881-index.htm",
    "finalLink": "https://www.sec.gov/Archives/edgar/data/896159/000119312509168881/d10q.htm"
  },
  {
    "date": "2009-03-31",
    "symbol": "CB",
    "reportedCurrency": "USD",
    "cik": "0000896159",
    "fillingDate": "2009-05-08",
    "acceptedDate": "2009-05-08 15:53:40",
    "calendarYear": "2009",
    "period": "Q1",
    "revenue": 3575000000,
    "costOfRevenue": 0,
    "grossProfit": 3575000000,
    "grossProfitRatio": 1,
    "researchAndDevelopmentExpenses": 0,
    "generalAndAdministrativeExpenses": 420000000,
    "sellingAndMarketingExpenses": 0,
    "sellingGeneralAndAdministrativeExpenses": 420000000,
    "otherExpenses": 2463000000,
    "operatingExpenses": 2883000000,
    "costAndExpenses": 2883000000,
    "interestIncome": 0,
    "interestExpense": 53000000,
    "depreciationAndAmortization": 0,
    "ebitda": 745000000,
    "ebitdaratio": 0.2083916084,
    "operatingIncome": 692000000,
    "operatingIncomeRatio": 0.1935664336,
    "totalOtherIncomeExpensesNet": 0,
    "incomeBeforeTax": 692000000,
    "incomeBeforeTaxRatio": 0.1935664336,
    "incomeTaxExpense": 125000000,
    "netIncome": 567000000,
    "netIncomeRatio": 0.1586013986,
    "eps": 1.69,
    "epsdiluted": 1.69,
    "weightedAverageShsOut": 335474828,
    "weightedAverageShsOutDil": 336115564,
    "link": "https://www.sec.gov/Archives/edgar/data/896159/000119312509105303/0001193125-09-105303-index.htm",
    "finalLink": "https://www.sec.gov/Archives/edgar/data/896159/000119312509105303/d10q.htm"
  },
  {
    "date": "2008-12-31",
    "symbol": "CB",
    "reportedCurrency": "USD",
    "cik": "0000896159",
    "fillingDate": "2009-02-27",
    "acceptedDate": "2009-02-27 14:43:28",
    "calendarYear": "2008",
    "period": "Q4",
    "revenue": 3103000000,
    "costOfRevenue": 0,
    "grossProfit": 3103000000,
    "grossProfitRatio": 1,
    "researchAndDevelopmentExpenses": 0,
    "generalAndAdministrativeExpenses": 444000000,
    "sellingAndMarketingExpenses": 0,
    "sellingGeneralAndAdministrativeExpenses": 444000000,
    "otherExpenses": 2552000000,
    "operatingExpenses": 2996000000,
    "costAndExpenses": 2996000000,
    "interestIncome": 0,
    "interestExpense": 54000000,
    "depreciationAndAmortization": 0,
    "ebitda": 161000000,
    "ebitdaratio": 0.0518852723,
    "operatingIncome": 107000000,
    "operatingIncomeRatio": 0.0344827586,
    "totalOtherIncomeExpensesNet": 0,
    "incomeBeforeTax": 107000000,
    "incomeBeforeTaxRatio": 0.0344827586,
    "incomeTaxExpense": 87000000,
    "netIncome": 20000000,
    "netIncomeRatio": 0.0064453754,
    "eps": 0.0596,
    "epsdiluted": 0.0596,
    "weightedAverageShsOut": 333985390,
    "weightedAverageShsOutDil": 335474828,
    "link": "https://www.sec.gov/Archives/edgar/data/896159/000119312509040758/0001193125-09-040758-index.htm",
    "finalLink": "https://www.sec.gov/Archives/edgar/data/896159/000119312509040758/d10k.htm"
  },
  {
    "date": "2008-09-30",
    "symbol": "CB",
    "reportedCurrency": "USD",
    "cik": "0000896159",
    "fillingDate": "2008-11-07",
    "acceptedDate": "2008-11-07 16:17:37",
    "calendarYear": "2008",
    "period": "Q3",
    "revenue": 3619000000,
    "costOfRevenue": 0,
    "grossProfit": 3619000000,
    "grossProfitRatio": 1,
    "researchAndDevelopmentExpenses": 0,
    "generalAndAdministrativeExpenses": 457000000,
    "sellingAndMarketingExpenses": 0,
    "sellingGeneralAndAdministrativeExpenses": 457000000,
    "otherExpenses": 3115000000,
    "operatingExpenses": 3572000000,
    "costAndExpenses": 3572000000,
    "interestIncome": 0,
    "interestExpense": 68000000,
    "depreciationAndAmortization": 0,
    "ebitda": 115000000,
    "ebitdaratio": 0.0317767339,
    "operatingIncome": 47000000,
    "operatingIncomeRatio": 0.012987013,
    "totalOtherIncomeExpensesNet": 0,
    "incomeBeforeTax": 47000000,
    "incomeBeforeTaxRatio": 0.012987013,
    "incomeTaxExpense": -7000000,
    "netIncome": 54000000,
    "netIncomeRatio": 0.014921249,
    "eps": 0.16,
    "epsdiluted": 0.16,
    "weightedAverageShsOut": 327889473,
    "weightedAverageShsOutDil": 333000000,
    "link": "https://www.sec.gov/Archives/edgar/data/896159/000119312508230027/0001193125-08-230027-index.htm",
    "finalLink": "https://www.sec.gov/Archives/edgar/data/896159/000119312508230027/d10q.htm"
  },
  {
    "date": "2008-06-30",
    "symbol": "CB",
    "reportedCurrency": "USD",
    "cik": "0000896159",
    "fillingDate": "2008-08-08",
    "acceptedDate": "2008-08-08 10:36:44",
    "calendarYear": "2008",
    "period": "Q2",
    "revenue": 3834000000,
    "costOfRevenue": 0,
    "grossProfit": 3834000000,
    "grossProfitRatio": 1,
    "researchAndDevelopmentExpenses": 0,
    "generalAndAdministrativeExpenses": 461000000,
    "sellingAndMarketingExpenses": 0,
    "sellingGeneralAndAdministrativeExpenses": 461000000,
    "otherExpenses": 2490000000,
    "operatingExpenses": 2951000000,
    "costAndExpenses": 2951000000,
    "interestIncome": 0,
    "interestExpense": 62000000,
    "depreciationAndAmortization": 0,
    "ebitda": 945000000,
    "ebitdaratio": 0.2464788732,
    "operatingIncome": 883000000,
    "operatingIncomeRatio": 0.2303077726,
    "totalOtherIncomeExpensesNet": 0,
    "incomeBeforeTax": 883000000,
    "incomeBeforeTaxRatio": 0.2303077726,
    "incomeTaxExpense": 137000000,
    "netIncome": 746000000,
    "netIncomeRatio": 0.1945748565,
    "eps": 2.24,
    "epsdiluted": 2.2,
    "weightedAverageShsOut": 333236903,
    "weightedAverageShsOutDil": 335480745,
    "link": "https://www.sec.gov/Archives/edgar/data/896159/000119312508171282/0001193125-08-171282-index.htm",
    "finalLink": "https://www.sec.gov/Archives/edgar/data/896159/000119312508171282/d10q.htm"
  },
  {
    "date": "2008-03-31",
    "symbol": "CB",
    "reportedCurrency": "USD",
    "cik": "0000896159",
    "fillingDate": "2008-05-08",
    "acceptedDate": "2008-05-08 15:47:30",
    "calendarYear": "2008",
    "period": "Q1",
    "revenue": 3076000000,
    "costOfRevenue": 0,
    "grossProfit": 3076000000,
    "grossProfitRatio": 1,
    "researchAndDevelopmentExpenses": 0,
    "generalAndAdministrativeExpenses": 375000000,
    "sellingAndMarketingExpenses": 0,
    "sellingGeneralAndAdministrativeExpenses": 375000000,
    "otherExpenses": 2171000000,
    "operatingExpenses": 2546000000,
    "costAndExpenses": 2546000000,
    "interestIncome": 0,
    "interestExpense": 46000000,
    "depreciationAndAmortization": 2000000,
    "ebitda": 578000000,
    "ebitdaratio": 0.1879063719,
    "operatingIncome": 530000000,
    "operatingIncomeRatio": 0.1723016905,
    "totalOtherIncomeExpensesNet": 0,
    "incomeBeforeTax": 530000000,
    "incomeBeforeTaxRatio": 0.1723016905,
    "incomeTaxExpense": 153000000,
    "netIncome": 377000000,
    "netIncomeRatio": 0.1225617685,
    "eps": 1.15,
    "epsdiluted": 1.1,
    "weightedAverageShsOut": 330749894,
    "weightedAverageShsOutDil": 333044594,
    "link": "https://www.sec.gov/Archives/edgar/data/896159/000119312508107734/0001193125-08-107734-index.htm",
    "finalLink": "https://www.sec.gov/Archives/edgar/data/896159/000119312508107734/d10q.htm"
  },
  {
    "date": "2007-12-31",
    "symbol": "CB",
    "reportedCurrency": "USD",
    "cik": "0000896159",
    "fillingDate": "2008-02-29",
    "acceptedDate": "2008-02-28 20:21:34",
    "calendarYear": "2007",
    "period": "Q4",
    "revenue": 3495000000,
    "costOfRevenue": 0,
    "grossProfit": 3495000000,
    "grossProfitRatio": 1,
    "researchAndDevelopmentExpenses": 0,
    "generalAndAdministrativeExpenses": 385000000,
    "sellingAndMarketingExpenses": 0,
    "sellingGeneralAndAdministrativeExpenses": 385000000,
    "otherExpenses": 2397000000,
    "operatingExpenses": 2782000000,
    "costAndExpenses": 2782000000,
    "interestIncome": 0,
    "interestExpense": 43000000,
    "depreciationAndAmortization": -1000000,
    "ebitda": 755000000,
    "ebitdaratio": 0.2160228898,
    "operatingIncome": 713000000,
    "operatingIncomeRatio": 0.2040057225,
    "totalOtherIncomeExpensesNet": 0,
    "incomeBeforeTax": 713000000,
    "incomeBeforeTaxRatio": 0.2040057225,
    "incomeTaxExpense": 141000000,
    "netIncome": 572000000,
    "netIncomeRatio": 0.1636623748,
    "eps": 1.7,
    "epsdiluted": 1.7,
    "weightedAverageShsOut": 336607143,
    "weightedAverageShsOutDil": 336607143,
    "link": "https://www.sec.gov/Archives/edgar/data/896159/000119312508042242/0001193125-08-042242-index.htm",
    "finalLink": "https://www.sec.gov/Archives/edgar/data/896159/000119312508042242/d10k.htm"
  },
  {
    "date": "2007-09-30",
    "symbol": "CB",
    "reportedCurrency": "USD",
    "cik": "0000896159",
    "fillingDate": "2007-11-07",
    "acceptedDate": "2007-11-07 17:07:00",
    "calendarYear": "2007",
    "period": "Q3",
    "revenue": 3642000000,
    "costOfRevenue": 0,
    "grossProfit": 3642000000,
    "grossProfitRatio": 1,
    "researchAndDevelopmentExpenses": 0,
    "generalAndAdministrativeExpenses": 358000000,
    "sellingAndMarketingExpenses": 0,
    "sellingGeneralAndAdministrativeExpenses": 358000000,
    "otherExpenses": 2488000000,
    "operatingExpenses": 2846000000,
    "costAndExpenses": 2846000000,
    "interestIncome": 0,
    "interestExpense": 44000000,
    "depreciationAndAmortization": 1000000,
    "ebitda": 841000000,
    "ebitdaratio": 0.2309170785,
    "operatingIncome": 796000000,
    "operatingIncomeRatio": 0.2185612301,
    "totalOtherIncomeExpensesNet": 0,
    "incomeBeforeTax": 796000000,
    "incomeBeforeTaxRatio": 0.2185612301,
    "incomeTaxExpense": 140000000,
    "netIncome": 656000000,
    "netIncomeRatio": 0.1801208127,
    "eps": 2,
    "epsdiluted": 1.95,
    "weightedAverageShsOut": 325201688,
    "weightedAverageShsOutDil": 330621041,
    "link": "https://www.sec.gov/Archives/edgar/data/896159/000119312507238605/0001193125-07-238605-index.htm",
    "finalLink": "https://www.sec.gov/Archives/edgar/data/896159/000119312507238605/d10q.htm"
  },
  {
    "date": "2007-06-30",
    "symbol": "CB",
    "reportedCurrency": "USD",
    "cik": "0000896159",
    "fillingDate": "2007-08-07",
    "acceptedDate": "2007-08-07 17:18:05",
    "calendarYear": "2007",
    "period": "Q2",
    "revenue": 3468000000,
    "costOfRevenue": 0,
    "grossProfit": 3468000000,
    "grossProfitRatio": 1,
    "researchAndDevelopmentExpenses": 0,
    "generalAndAdministrativeExpenses": 356000000,
    "sellingAndMarketingExpenses": 0,
    "sellingGeneralAndAdministrativeExpenses": 356000000,
    "otherExpenses": 2298000000,
    "operatingExpenses": 2654000000,
    "costAndExpenses": 2654000000,
    "interestIncome": 0,
    "interestExpense": 42000000,
    "depreciationAndAmortization": -4000000,
    "ebitda": 852000000,
    "ebitdaratio": 0.2456747405,
    "operatingIncome": 814000000,
    "operatingIncomeRatio": 0.2347174164,
    "totalOtherIncomeExpensesNet": 0,
    "incomeBeforeTax": 814000000,
    "incomeBeforeTaxRatio": 0.2347174164,
    "incomeTaxExpense": 165000000,
    "netIncome": 649000000,
    "netIncomeRatio": 0.1871395617,
    "eps": 1.98,
    "epsdiluted": 1.93,
    "weightedAverageShsOut": 324541868,
    "weightedAverageShsOutDil": 330073211,
    "link": "https://www.sec.gov/Archives/edgar/data/896159/000119312507173892/0001193125-07-173892-index.htm",
    "finalLink": "https://www.sec.gov/Archives/edgar/data/896159/000119312507173892/d10q.htm"
  },
  {
    "date": "2007-03-31",
    "symbol": "CB",
    "reportedCurrency": "USD",
    "cik": "0000896159",
    "fillingDate": "2007-05-08",
    "acceptedDate": "2007-05-08 17:13:38",
    "calendarYear": "2007",
    "period": "Q1",
    "revenue": 3549000000,
    "costOfRevenue": 0,
    "grossProfit": 3549000000,
    "grossProfitRatio": 1,
    "researchAndDevelopmentExpenses": 0,
    "generalAndAdministrativeExpenses": 356000000,
    "sellingAndMarketingExpenses": 0,
    "sellingGeneralAndAdministrativeExpenses": 356000000,
    "otherExpenses": 2363000000,
    "operatingExpenses": 2719000000,
    "costAndExpenses": 2719000000,
    "interestIncome": 0,
    "interestExpense": 46000000,
    "depreciationAndAmortization": -2000000,
    "ebitda": 874000000,
    "ebitdaratio": 0.246266554,
    "operatingIncome": 830000000,
    "operatingIncomeRatio": 0.2338686954,
    "totalOtherIncomeExpensesNet": 0,
    "incomeBeforeTax": 830000000,
    "incomeBeforeTaxRatio": 0.2338686954,
    "incomeTaxExpense": 129000000,
    "netIncome": 701000000,
    "netIncomeRatio": 0.1975204283,
    "eps": 2.13,
    "epsdiluted": 2.1,
    "weightedAverageShsOut": 329107981,
    "weightedAverageShsOutDil": 333809524,
    "link": "https://www.sec.gov/Archives/edgar/data/896159/000119312507106243/0001193125-07-106243-index.htm",
    "finalLink": "https://www.sec.gov/Archives/edgar/data/896159/000119312507106243/d10q.htm"
  },
  {
    "date": "2006-12-31",
    "symbol": "CB",
    "reportedCurrency": "USD",
    "cik": "0000896159",
    "fillingDate": "2007-03-01",
    "acceptedDate": "2007-02-28 21:19:29",
    "calendarYear": "2006",
    "period": "Q4",
    "revenue": 3469000000,
    "costOfRevenue": 0,
    "grossProfit": 3469000000,
    "grossProfitRatio": 1,
    "researchAndDevelopmentExpenses": 0,
    "generalAndAdministrativeExpenses": 365000000,
    "sellingAndMarketingExpenses": 0,
    "sellingGeneralAndAdministrativeExpenses": 365000000,
    "otherExpenses": 2315000000,
    "operatingExpenses": 2680000000,
    "costAndExpenses": 2680000000,
    "interestIncome": 0,
    "interestExpense": 42000000,
    "depreciationAndAmortization": -10000000,
    "ebitda": 821000000,
    "ebitdaratio": 0.2366676276,
    "operatingIncome": 789000000,
    "operatingIncomeRatio": 0.2274430672,
    "totalOtherIncomeExpensesNet": 0,
    "incomeBeforeTax": 789000000,
    "incomeBeforeTaxRatio": 0.2274430672,
    "incomeTaxExpense": 124000000,
    "netIncome": 665000000,
    "netIncomeRatio": 0.1916978956,
    "eps": 2.02,
    "epsdiluted": 2.02,
    "weightedAverageShsOut": 327418370,
    "weightedAverageShsOutDil": 329107981,
    "link": "https://www.sec.gov/Archives/edgar/data/896159/000119312507043123/0001193125-07-043123-index.htm",
    "finalLink": "https://www.sec.gov/Archives/edgar/data/896159/000119312507043123/d10k.htm"
  },
  {
    "date": "2006-09-30",
    "symbol": "CB",
    "reportedCurrency": "USD",
    "cik": "0000896159",
    "fillingDate": "2006-11-08",
    "acceptedDate": "2006-11-08 14:20:23",
    "calendarYear": "2006",
    "period": "Q3",
    "revenue": 3389000000,
    "costOfRevenue": 0,
    "grossProfit": 3389000000,
    "grossProfitRatio": 1,
    "researchAndDevelopmentExpenses": 0,
    "generalAndAdministrativeExpenses": 353000000,
    "sellingAndMarketingExpenses": 0,
    "sellingGeneralAndAdministrativeExpenses": 353000000,
    "otherExpenses": 2328000000,
    "operatingExpenses": 2681000000,
    "costAndExpenses": 2681000000,
    "interestIncome": 0,
    "interestExpense": 46000000,
    "depreciationAndAmortization": 1000000,
    "ebitda": 755000000,
    "ebitdaratio": 0.222779581,
    "operatingIncome": 708000000,
    "operatingIncomeRatio": 0.2089111832,
    "totalOtherIncomeExpensesNet": 0,
    "incomeBeforeTax": 708000000,
    "incomeBeforeTaxRatio": 0.2089111832,
    "incomeTaxExpense": 130000000,
    "netIncome": 578000000,
    "netIncomeRatio": 0.1705517852,
    "eps": 1.76,
    "epsdiluted": 1.73,
    "weightedAverageShsOut": 328409091,
    "weightedAverageShsOutDil": 334104046,
    "link": "https://www.sec.gov/Archives/edgar/data/896159/000119312506228135/0001193125-06-228135-index.htm",
    "finalLink": "https://www.sec.gov/Archives/edgar/data/896159/000119312506228135/d10q.htm"
  },
  {
    "date": "2006-06-30",
    "symbol": "CB",
    "reportedCurrency": "USD",
    "cik": "0000896159",
    "fillingDate": "2006-08-07",
    "acceptedDate": "2006-08-07 12:20:32",
    "calendarYear": "2006",
    "period": "Q2",
    "revenue": 3289000000,
    "costOfRevenue": 0,
    "grossProfit": 3289000000,
    "grossProfitRatio": 1,
    "researchAndDevelopmentExpenses": 0,
    "generalAndAdministrativeExpenses": 340000000,
    "sellingAndMarketingExpenses": 0,
    "sellingGeneralAndAdministrativeExpenses": 340000000,
    "otherExpenses": 2242000000,
    "operatingExpenses": 2582000000,
    "costAndExpenses": 2582000000,
    "interestIncome": 0,
    "interestExpense": 45000000,
    "depreciationAndAmortization": 3000000,
    "ebitda": 755000000,
    "ebitdaratio": 0.2295530556,
    "operatingIncome": 707000000,
    "operatingIncomeRatio": 0.2149589541,
    "totalOtherIncomeExpensesNet": 0,
    "incomeBeforeTax": 707000000,
    "incomeBeforeTaxRatio": 0.2149589541,
    "incomeTaxExpense": 134000000,
    "netIncome": 573000000,
    "netIncomeRatio": 0.1742170873,
    "eps": 1.75,
    "epsdiluted": 1.72,
    "weightedAverageShsOut": 327428571,
    "weightedAverageShsOutDil": 333139535,
    "link": "https://www.sec.gov/Archives/edgar/data/896159/000119312506163400/0001193125-06-163400-index.htm",
    "finalLink": "https://www.sec.gov/Archives/edgar/data/896159/000119312506163400/d10q.htm"
  },
  {
    "date": "2006-03-31",
    "symbol": "CB",
    "reportedCurrency": "USD",
    "cik": "0000896159",
    "fillingDate": "2006-05-05",
    "acceptedDate": "2006-05-05 15:26:24",
    "calendarYear": "2006",
    "period": "Q1",
    "revenue": 3181000000,
    "costOfRevenue": 0,
    "grossProfit": 3181000000,
    "grossProfitRatio": 1,
    "researchAndDevelopmentExpenses": 0,
    "generalAndAdministrativeExpenses": 398000000,
    "sellingAndMarketingExpenses": 0,
    "sellingGeneralAndAdministrativeExpenses": 398000000,
    "otherExpenses": 2164000000,
    "operatingExpenses": 2562000000,
    "costAndExpenses": 2562000000,
    "interestIncome": 0,
    "interestExpense": 43000000,
    "depreciationAndAmortization": 16000000,
    "ebitda": 678000000,
    "ebitdaratio": 0.2131405218,
    "operatingIncome": 619000000,
    "operatingIncomeRatio": 0.1945928953,
    "totalOtherIncomeExpensesNet": 0,
    "incomeBeforeTax": 619000000,
    "incomeBeforeTaxRatio": 0.1945928953,
    "incomeTaxExpense": 134000000,
    "netIncome": 489000000,
    "netIncomeRatio": 0.1537252436,
    "eps": 1.49,
    "epsdiluted": 1.46,
    "weightedAverageShsOut": 328187919,
    "weightedAverageShsOutDil": 334931507,
    "link": "https://www.sec.gov/Archives/edgar/data/896159/000119312506101973/0001193125-06-101973-index.htm",
    "finalLink": "https://www.sec.gov/Archives/edgar/data/896159/000119312506101973/d10q.htm"
  },
  {
    "date": "2005-12-31",
    "symbol": "CB",
    "reportedCurrency": "USD",
    "cik": "0000896159",
    "fillingDate": "2006-03-16",
    "acceptedDate": "2006-03-16 15:00:57",
    "calendarYear": "2005",
    "period": "Q4",
    "revenue": 3188000000,
    "costOfRevenue": 0,
    "grossProfit": 3188000000,
    "grossProfitRatio": 1,
    "researchAndDevelopmentExpenses": 0,
    "generalAndAdministrativeExpenses": 301000000,
    "sellingAndMarketingExpenses": 0,
    "sellingGeneralAndAdministrativeExpenses": 301000000,
    "otherExpenses": 2647000000,
    "operatingExpenses": 2948000000,
    "costAndExpenses": 2948000000,
    "interestIncome": 0,
    "interestExpense": 46000000,
    "depreciationAndAmortization": 10000000,
    "ebitda": 296000000,
    "ebitdaratio": 0.0928481807,
    "operatingIncome": 240000000,
    "operatingIncomeRatio": 0.0752823087,
    "totalOtherIncomeExpensesNet": 0,
    "incomeBeforeTax": 240000000,
    "incomeBeforeTaxRatio": 0.0752823087,
    "incomeTaxExpense": 4000000,
    "netIncome": 236000000,
    "netIncomeRatio": 0.0740276035,
    "eps": 0.72,
    "epsdiluted": 0.72,
    "weightedAverageShsOut": 328187919,
    "weightedAverageShsOutDil": 328187919,
    "link": "https://www.sec.gov/Archives/edgar/data/896159/000119312506056531/0001193125-06-056531-index.htm",
    "finalLink": "https://www.sec.gov/Archives/edgar/data/896159/000119312506056531/d10k.htm"
  },
  {
    "date": "2005-09-30",
    "symbol": "CB",
    "reportedCurrency": "USD",
    "cik": "0000896159",
    "fillingDate": "2005-11-09",
    "acceptedDate": "2005-11-08 18:01:20",
    "calendarYear": "2005",
    "period": "Q3",
    "revenue": 3494000000,
    "costOfRevenue": 0,
    "grossProfit": 3494000000,
    "grossProfitRatio": 1,
    "researchAndDevelopmentExpenses": 0,
    "generalAndAdministrativeExpenses": 308000000,
    "sellingAndMarketingExpenses": 0,
    "sellingGeneralAndAdministrativeExpenses": 308000000,
    "otherExpenses": 3283000000,
    "operatingExpenses": 3591000000,
    "costAndExpenses": 3591000000,
    "interestIncome": 0,
    "interestExpense": 43000000,
    "depreciationAndAmortization": 26000000,
    "ebitda": -28000000,
    "ebitdaratio": -0.0080137378,
    "operatingIncome": -97000000,
    "operatingIncomeRatio": -0.0277618775,
    "totalOtherIncomeExpensesNet": 0,
    "incomeBeforeTax": -97000000,
    "incomeBeforeTaxRatio": -0.0277618775,
    "incomeTaxExpense": 15000000,
    "netIncome": -112000000,
    "netIncomeRatio": -0.0320549513,
    "eps": -0.43,
    "epsdiluted": -0.43,
    "weightedAverageShsOut": 260465116,
    "weightedAverageShsOutDil": 260465116,
    "link": "https://www.sec.gov/Archives/edgar/data/896159/000119312505220010/0001193125-05-220010-index.htm",
    "finalLink": "https://www.sec.gov/Archives/edgar/data/896159/000119312505220010/d10q.htm"
  },
  {
    "date": "2005-06-30",
    "symbol": "CB",
    "reportedCurrency": "USD",
    "cik": "0000896159",
    "fillingDate": "2005-08-12",
    "acceptedDate": "2005-08-12 15:50:27",
    "calendarYear": "2005",
    "period": "Q2",
    "revenue": 3258000000,
    "costOfRevenue": 0,
    "grossProfit": 3258000000,
    "grossProfitRatio": 1,
    "researchAndDevelopmentExpenses": 0,
    "generalAndAdministrativeExpenses": 316000000,
    "sellingAndMarketingExpenses": 0,
    "sellingGeneralAndAdministrativeExpenses": 316000000,
    "otherExpenses": 2347000000,
    "operatingExpenses": 2663000000,
    "costAndExpenses": 2663000000,
    "interestIncome": 0,
    "interestExpense": 43000000,
    "depreciationAndAmortization": 22755000,
    "ebitda": 660755000,
    "ebitdaratio": 0.2028100061,
    "operatingIncome": 595000000,
    "operatingIncomeRatio": 0.1826273788,
    "totalOtherIncomeExpensesNet": 0,
    "incomeBeforeTax": 595000000,
    "incomeBeforeTaxRatio": 0.1826273788,
    "incomeTaxExpense": 128000000,
    "netIncome": 467000000,
    "netIncomeRatio": 0.1433394721,
    "eps": 1.61,
    "epsdiluted": 1.58,
    "weightedAverageShsOut": 290062112,
    "weightedAverageShsOutDil": 295569620,
    "link": "https://www.sec.gov/Archives/edgar/data/896159/000119312505166897/0001193125-05-166897-index.htm",
    "finalLink": "https://www.sec.gov/Archives/edgar/data/896159/000119312505166897/d10q.htm"
  },
  {
    "date": "2005-03-31",
    "symbol": "CB",
    "reportedCurrency": "USD",
    "cik": "0000896159",
    "fillingDate": "2005-05-10",
    "acceptedDate": "2005-05-10 13:05:40",
    "calendarYear": "2005",
    "period": "Q1",
    "revenue": 3148000000,
    "costOfRevenue": 0,
    "grossProfit": 3148000000,
    "grossProfitRatio": 1,
    "researchAndDevelopmentExpenses": 0,
    "generalAndAdministrativeExpenses": 355537000,
    "sellingAndMarketingExpenses": -19537000,
    "sellingGeneralAndAdministrativeExpenses": 336000000,
    "otherExpenses": 2249000000,
    "operatingExpenses": 2585000000,
    "costAndExpenses": 2585000000,
    "interestIncome": 0,
    "interestExpense": 42000000,
    "depreciationAndAmortization": 31245000,
    "ebitda": 636245000,
    "ebitdaratio": 0.202110864,
    "operatingIncome": 563000000,
    "operatingIncomeRatio": 0.1788437103,
    "totalOtherIncomeExpensesNet": 0,
    "incomeBeforeTax": 563000000,
    "incomeBeforeTaxRatio": 0.1788437103,
    "incomeTaxExpense": 126000000,
    "netIncome": 437000000,
    "netIncomeRatio": 0.1388182973,
    "eps": 1.5,
    "epsdiluted": 1.48,
    "weightedAverageShsOut": 291333333,
    "weightedAverageShsOutDil": 295270270,
    "link": "https://www.sec.gov/Archives/edgar/data/896159/000119312505102338/0001193125-05-102338-index.htm",
    "finalLink": "https://www.sec.gov/Archives/edgar/data/896159/000119312505102338/d10q.htm"
  },
  {
    "date": "2004-12-31",
    "symbol": "CB",
    "reportedCurrency": "USD",
    "cik": "0000896159",
    "fillingDate": "2005-03-16",
    "acceptedDate": "2005-03-16 13:02:52",
    "calendarYear": "2004",
    "period": "Q4",
    "revenue": 3296739000,
    "costOfRevenue": 0,
    "grossProfit": 3296739000,
    "grossProfitRatio": 1,
    "researchAndDevelopmentExpenses": 0,
    "generalAndAdministrativeExpenses": 337268000,
    "sellingAndMarketingExpenses": 0,
    "sellingGeneralAndAdministrativeExpenses": 337268000,
    "otherExpenses": 2705995000,
    "operatingExpenses": 3043263000,
    "costAndExpenses": 3043263000,
    "interestIncome": 0,
    "interestExpense": 43316000,
    "depreciationAndAmortization": 26728000,
    "ebitda": 323520000,
    "ebitdaratio": 0.0981333372,
    "operatingIncome": 253476000,
    "operatingIncomeRatio": 0.0768868873,
    "totalOtherIncomeExpensesNet": 0,
    "incomeBeforeTax": 253476000,
    "incomeBeforeTaxRatio": 0.0768868873,
    "incomeTaxExpense": -28399000,
    "netIncome": 281875000,
    "netIncomeRatio": 0.0855011574,
    "eps": 0.97,
    "epsdiluted": 0.97,
    "weightedAverageShsOut": 290622819,
    "weightedAverageShsOutDil": 290622819,
    "link": "https://www.sec.gov/Archives/edgar/data/896159/000119312505052345/0001193125-05-052345-index.htm",
    "finalLink": "https://www.sec.gov/Archives/edgar/data/896159/000119312505052345/d10k.htm"
  },
  {
    "date": "2004-09-30",
    "symbol": "CB",
    "reportedCurrency": "USD",
    "cik": "0000896159",
    "fillingDate": "2004-11-09",
    "acceptedDate": "2004-11-09 16:28:13",
    "calendarYear": "2004",
    "period": "Q3",
    "revenue": 3073000000,
    "costOfRevenue": 0,
    "grossProfit": 3073000000,
    "grossProfitRatio": 1,
    "researchAndDevelopmentExpenses": 0,
    "generalAndAdministrativeExpenses": 325629000,
    "sellingAndMarketingExpenses": 0,
    "sellingGeneralAndAdministrativeExpenses": 306000000,
    "otherExpenses": 2698000000,
    "operatingExpenses": 3004000000,
    "costAndExpenses": 3004000000,
    "interestIncome": 0,
    "interestExpense": 50000000,
    "depreciationAndAmortization": 26520000,
    "ebitda": 145000000,
    "ebitdaratio": 0.0471851611,
    "operatingIncome": 69000000,
    "operatingIncomeRatio": 0.0224536284,
    "totalOtherIncomeExpensesNet": 0,
    "incomeBeforeTax": 69000000,
    "incomeBeforeTaxRatio": 0.0224536284,
    "incomeTaxExpense": 65000000,
    "netIncome": 4000000,
    "netIncomeRatio": 0.0013016596,
    "eps": -0.0091,
    "epsdiluted": -0.009,
    "weightedAverageShsOut": 287569900,
    "weightedAverageShsOutDil": 292460544,
    "link": "https://www.sec.gov/Archives/edgar/data/896159/000119312504191340/0001193125-04-191340-index.htm",
    "finalLink": "https://www.sec.gov/Archives/edgar/data/896159/000119312504191340/d10q.htm"
  },
  {
    "date": "2004-06-30",
    "symbol": "CB",
    "reportedCurrency": "USD",
    "cik": "0000896159",
    "fillingDate": "2004-08-09",
    "acceptedDate": "2004-08-09 14:07:23",
    "calendarYear": "2004",
    "period": "Q2",
    "revenue": 3067000000,
    "costOfRevenue": 0,
    "grossProfit": 3067000000,
    "grossProfitRatio": 1,
    "researchAndDevelopmentExpenses": 0,
    "generalAndAdministrativeExpenses": 309797000,
    "sellingAndMarketingExpenses": -5797000,
    "sellingGeneralAndAdministrativeExpenses": 304000000,
    "otherExpenses": 2211000000,
    "operatingExpenses": 2515000000,
    "costAndExpenses": 2515000000,
    "interestIncome": 0,
    "interestExpense": 46000000,
    "depreciationAndAmortization": 27936000,
    "ebitda": 625936000,
    "ebitdaratio": 0.2040873818,
    "operatingIncome": 552000000,
    "operatingIncomeRatio": 0.1799804369,
    "totalOtherIncomeExpensesNet": 0,
    "incomeBeforeTax": 552000000,
    "incomeBeforeTaxRatio": 0.1799804369,
    "incomeTaxExpense": 129000000,
    "netIncome": 423000000,
    "netIncomeRatio": 0.1379197913,
    "eps": 1.47,
    "epsdiluted": 1.44,
    "weightedAverageShsOut": 287755102,
    "weightedAverageShsOutDil": 293750000,
    "link": "https://www.sec.gov/Archives/edgar/data/896159/000119312504135650/0001193125-04-135650-index.htm",
    "finalLink": "https://www.sec.gov/Archives/edgar/data/896159/000119312504135650/d10q.htm"
  },
  {
    "date": "2004-03-31",
    "symbol": "CB",
    "reportedCurrency": "USD",
    "cik": "0000896159",
    "fillingDate": "2004-05-10",
    "acceptedDate": "2004-05-10 11:21:15",
    "calendarYear": "2004",
    "period": "Q1",
    "revenue": 2894858000,
    "costOfRevenue": 0,
    "grossProfit": 2894858000,
    "grossProfitRatio": 1,
    "researchAndDevelopmentExpenses": 0,
    "generalAndAdministrativeExpenses": 314905000,
    "sellingAndMarketingExpenses": 0,
    "sellingGeneralAndAdministrativeExpenses": 314905000,
    "otherExpenses": 2010587000,
    "operatingExpenses": 2325492000,
    "costAndExpenses": 2325492000,
    "interestIncome": 0,
    "interestExpense": 44272000,
    "depreciationAndAmortization": 25972000,
    "ebitda": 639610000,
    "ebitdaratio": 0.2209469342,
    "operatingIncome": 569366000,
    "operatingIncomeRatio": 0.1966818407,
    "totalOtherIncomeExpensesNet": 0,
    "incomeBeforeTax": 569366000,
    "incomeBeforeTaxRatio": 0.1966818407,
    "incomeTaxExpense": 122541000,
    "netIncome": 446825000,
    "netIncomeRatio": 0.154351267,
    "eps": 1.56,
    "epsdiluted": 1.53,
    "weightedAverageShsOut": 286426282,
    "weightedAverageShsOutDil": 292042484,
    "link": "https://www.sec.gov/Archives/edgar/data/896159/000119312504083220/0001193125-04-083220-index.htm",
    "finalLink": "https://www.sec.gov/Archives/edgar/data/896159/000119312504083220/d10q.htm"
  },
  {
    "date": "2003-12-31",
    "symbol": "CB",
    "reportedCurrency": "USD",
    "cik": "0000896159",
    "fillingDate": "2004-03-15",
    "acceptedDate": "2004-03-12 19:58:57",
    "calendarYear": "2003",
    "period": "Q4",
    "revenue": 3165533000,
    "costOfRevenue": 0,
    "grossProfit": 3165533000,
    "grossProfitRatio": 1,
    "researchAndDevelopmentExpenses": 0,
    "generalAndAdministrativeExpenses": 320756000,
    "sellingAndMarketingExpenses": 0,
    "sellingGeneralAndAdministrativeExpenses": 320756000,
    "otherExpenses": 2329370000,
    "operatingExpenses": 2650126000,
    "costAndExpenses": 2650126000,
    "interestIncome": 0,
    "interestExpense": 44467000,
    "depreciationAndAmortization": 25446000,
    "ebitda": -1110934000,
    "ebitdaratio": -0.3509469021,
    "operatingIncome": 515407000,
    "operatingIncomeRatio": 0.1628183942,
    "totalOtherIncomeExpensesNet": 0,
    "incomeBeforeTax": 515407000,
    "incomeBeforeTaxRatio": 0.1628183942,
    "incomeTaxExpense": 70802000,
    "netIncome": 444605000,
    "netIncomeRatio": 0.1404518607,
    "eps": 1.55,
    "epsdiluted": 1.55,
    "weightedAverageShsOut": 275602550,
    "weightedAverageShsOutDil": 286426282,
    "link": "https://www.sec.gov/Archives/edgar/data/896159/000119312504040912/0001193125-04-040912-index.htm",
    "finalLink": "https://www.sec.gov/Archives/edgar/data/896159/000119312504040912/d10k.htm"
  },
  {
    "date": "2003-09-30",
    "symbol": "CB",
    "reportedCurrency": "USD",
    "cik": "0000896159",
    "fillingDate": "2003-11-14",
    "acceptedDate": "2003-11-14 09:12:00",
    "calendarYear": "2003",
    "period": "Q3",
    "revenue": 2669770000,
    "costOfRevenue": 0,
    "grossProfit": 2669770000,
    "grossProfitRatio": 1,
    "researchAndDevelopmentExpenses": 0,
    "generalAndAdministrativeExpenses": 293355000,
    "sellingAndMarketingExpenses": 0,
    "sellingGeneralAndAdministrativeExpenses": 293355000,
    "otherExpenses": 1954504000,
    "operatingExpenses": 2247859000,
    "costAndExpenses": 2247859000,
    "interestIncome": 0,
    "interestExpense": 44348000,
    "depreciationAndAmortization": 27881000,
    "ebitda": 494140000,
    "ebitdaratio": 0.1850871049,
    "operatingIncome": 421911000,
    "operatingIncomeRatio": 0.1580327144,
    "totalOtherIncomeExpensesNet": 0,
    "incomeBeforeTax": 421911000,
    "incomeBeforeTaxRatio": 0.1580327144,
    "incomeTaxExpense": 66946000,
    "netIncome": 354965000,
    "netIncomeRatio": 0.1329571461,
    "eps": 1.25,
    "epsdiluted": 1.22,
    "weightedAverageShsOut": 283972000,
    "weightedAverageShsOutDil": 290954918,
    "link": "https://www.sec.gov/Archives/edgar/data/896159/000119312503081108/0001193125-03-081108-index.htm",
    "finalLink": "https://www.sec.gov/Archives/edgar/data/896159/000119312503081108/d10q.htm"
  },
  {
    "date": "2003-06-30",
    "symbol": "CB",
    "reportedCurrency": "USD",
    "cik": "0000896159",
    "fillingDate": "2003-08-14",
    "acceptedDate": "2003-08-13 20:43:34",
    "calendarYear": "2003",
    "period": "Q2",
    "revenue": 2625100000,
    "costOfRevenue": 0,
    "grossProfit": 2625100000,
    "grossProfitRatio": 1,
    "researchAndDevelopmentExpenses": 0,
    "generalAndAdministrativeExpenses": 287288000,
    "sellingAndMarketingExpenses": 0,
    "sellingGeneralAndAdministrativeExpenses": 287288000,
    "otherExpenses": 1879175000,
    "operatingExpenses": 2166463000,
    "costAndExpenses": 2166463000,
    "interestIncome": 0,
    "interestExpense": 43681000,
    "depreciationAndAmortization": 22949000,
    "ebitda": 525267000,
    "ebitdaratio": 0.2000940917,
    "operatingIncome": 458637000,
    "operatingIncomeRatio": 0.1747122014,
    "totalOtherIncomeExpensesNet": 0,
    "incomeBeforeTax": 458637000,
    "incomeBeforeTaxRatio": 0.1747122014,
    "incomeTaxExpense": 88169000,
    "netIncome": 370468000,
    "netIncomeRatio": 0.1411252905,
    "eps": 1.35,
    "epsdiluted": 1.32,
    "weightedAverageShsOut": 274420741,
    "weightedAverageShsOutDil": 280657576,
    "link": "https://www.sec.gov/Archives/edgar/data/896159/000119312503036448/0001193125-03-036448-index.htm",
    "finalLink": "https://www.sec.gov/Archives/edgar/data/896159/000119312503036448/d10q.htm"
  },
  {
    "date": "2003-03-31",
    "symbol": "CB",
    "reportedCurrency": "USD",
    "cik": "0000896159",
    "fillingDate": "2003-05-13",
    "acceptedDate": "2003-05-13 13:23:20",
    "calendarYear": "2003",
    "period": "Q1",
    "revenue": 2237855000,
    "costOfRevenue": 0,
    "grossProfit": 2237855000,
    "grossProfitRatio": 1,
    "researchAndDevelopmentExpenses": 0,
    "generalAndAdministrativeExpenses": 259672000,
    "sellingAndMarketingExpenses": 0,
    "sellingGeneralAndAdministrativeExpenses": 259672000,
    "otherExpenses": 1678309000,
    "operatingExpenses": 1937981000,
    "costAndExpenses": 1937981000,
    "interestIncome": 0,
    "interestExpense": 44929000,
    "depreciationAndAmortization": 15724000,
    "ebitda": 360527000,
    "ebitdaratio": 0.1611038249,
    "operatingIncome": 299874000,
    "operatingIncomeRatio": 0.134000639,
    "totalOtherIncomeExpensesNet": 0,
    "incomeBeforeTax": 299874000,
    "incomeBeforeTaxRatio": 0.134000639,
    "incomeTaxExpense": 52430000,
    "netIncome": 247444000,
    "netIncomeRatio": 0.1105719539,
    "eps": 0.92,
    "epsdiluted": 0.9,
    "weightedAverageShsOut": 268960870,
    "weightedAverageShsOutDil": 274937778,
    "link": "https://www.sec.gov/Archives/edgar/data/896159/000095013103002799/0000950131-03-002799-index.htm",
    "finalLink": "https://www.sec.gov/Archives/edgar/data/896159/000095013103002799/d10q.htm"
  },
  {
    "date": "2002-12-31",
    "symbol": "CB",
    "reportedCurrency": "USD",
    "cik": "0000896159",
    "fillingDate": "2003-03-27",
    "acceptedDate": "2003-03-27 13:16:26",
    "calendarYear": "2002",
    "period": "Q4",
    "revenue": 2083415000,
    "costOfRevenue": 0,
    "grossProfit": 2083415000,
    "grossProfitRatio": 1,
    "researchAndDevelopmentExpenses": 0,
    "generalAndAdministrativeExpenses": 265736000,
    "sellingAndMarketingExpenses": 0,
    "sellingGeneralAndAdministrativeExpenses": 265736000,
    "otherExpenses": 2139271000,
    "operatingExpenses": 2405007000,
    "costAndExpenses": 2405007000,
    "interestIncome": 0,
    "interestExpense": 46861000,
    "depreciationAndAmortization": 0,
    "ebitda": -429086000,
    "ebitdaratio": -0.2059532066,
    "operatingIncome": -321592000,
    "operatingIncomeRatio": -0.1543581092,
    "totalOtherIncomeExpensesNet": 0,
    "incomeBeforeTax": -321592000,
    "incomeBeforeTaxRatio": -0.1543581092,
    "incomeTaxExpense": -152946000,
    "netIncome": -168646000,
    "netIncomeRatio": -0.0809469069,
    "eps": -0.63,
    "epsdiluted": -0.63,
    "weightedAverageShsOut": 268960870,
    "weightedAverageShsOutDil": 268960870,
    "link": "https://www.sec.gov/Archives/edgar/data/896159/000095013103001690/0000950131-03-001690-index.htm",
    "finalLink": "https://www.sec.gov/Archives/edgar/data/896159/000095013103001690/d10k.htm"
  },
  {
    "date": "2002-09-30",
    "symbol": "CB",
    "reportedCurrency": "USD",
    "cik": "0000896159",
    "fillingDate": "2002-11-14",
    "acceptedDate": "2002-11-14 12:54:33",
    "calendarYear": "2002",
    "period": "Q3",
    "revenue": 1876005000,
    "costOfRevenue": 0,
    "grossProfit": 1876005000,
    "grossProfitRatio": 1,
    "researchAndDevelopmentExpenses": 0,
    "generalAndAdministrativeExpenses": 250668000,
    "sellingAndMarketingExpenses": 0,
    "sellingGeneralAndAdministrativeExpenses": 250668000,
    "otherExpenses": 1689181000,
    "operatingExpenses": 1939849000,
    "costAndExpenses": 1939849000,
    "interestIncome": 0,
    "interestExpense": 48679000,
    "depreciationAndAmortization": 0,
    "ebitda": 432482000,
    "ebitdaratio": 0.2305335007,
    "operatingIncome": -63844000,
    "operatingIncomeRatio": -0.0340318922,
    "totalOtherIncomeExpensesNet": 0,
    "incomeBeforeTax": -63844000,
    "incomeBeforeTaxRatio": -0.0340318922,
    "incomeTaxExpense": -7334000,
    "netIncome": -56510000,
    "netIncomeRatio": -0.030122521,
    "eps": -0.24,
    "epsdiluted": -0.24,
    "weightedAverageShsOut": 235458333,
    "weightedAverageShsOutDil": 235458333,
    "link": "https://www.sec.gov/Archives/edgar/data/896159/000090256102000571/0000902561-02-000571-index.htm",
    "finalLink": "https://www.sec.gov/Archives/edgar/data/896159/000090256102000571/form10-q.txt"
  },
  {
    "date": "2002-06-30",
    "symbol": "CB",
    "reportedCurrency": "USD",
    "cik": "0000896159",
    "fillingDate": "2002-08-14",
    "acceptedDate": "2002-08-14 11:56:05",
    "calendarYear": "2002",
    "period": "Q2",
    "revenue": 1624722000,
    "costOfRevenue": 0,
    "grossProfit": 1624722000,
    "grossProfitRatio": 1,
    "researchAndDevelopmentExpenses": 0,
    "generalAndAdministrativeExpenses": 229726000,
    "sellingAndMarketingExpenses": 0,
    "sellingGeneralAndAdministrativeExpenses": 229726000,
    "otherExpenses": 1270420000,
    "operatingExpenses": 1500146000,
    "costAndExpenses": 1500146000,
    "interestIncome": 0,
    "interestExpense": 51952000,
    "depreciationAndAmortization": 0,
    "ebitda": 176528000,
    "ebitdaratio": 0.1086512031,
    "operatingIncome": 124576000,
    "operatingIncomeRatio": 0.0766752712,
    "totalOtherIncomeExpensesNet": 0,
    "incomeBeforeTax": 124576000,
    "incomeBeforeTaxRatio": 0.0766752712,
    "incomeTaxExpense": 20676000,
    "netIncome": 103900000,
    "netIncomeRatio": 0.0639494018,
    "eps": 0.37,
    "epsdiluted": 0.36,
    "weightedAverageShsOut": 280810811,
    "weightedAverageShsOutDil": 288611111,
    "link": "https://www.sec.gov/Archives/edgar/data/896159/000090256102000372/0000902561-02-000372-index.htm",
    "finalLink": "https://www.sec.gov/Archives/edgar/data/896159/000090256102000372/ace10q.txt"
  },
  {
    "date": "2002-03-31",
    "symbol": "CB",
    "reportedCurrency": "USD",
    "cik": "0000896159",
    "fillingDate": "2002-05-15",
    "acceptedDate": "2002-05-15 14:35:04",
    "calendarYear": "2002",
    "period": "Q1",
    "revenue": 1538862000,
    "costOfRevenue": 0,
    "grossProfit": 1538862000,
    "grossProfitRatio": 1,
    "researchAndDevelopmentExpenses": 0,
    "generalAndAdministrativeExpenses": 196204000,
    "sellingAndMarketingExpenses": 0,
    "sellingGeneralAndAdministrativeExpenses": 197203000,
    "otherExpenses": 243797000,
    "operatingExpenses": 441000000,
    "costAndExpenses": 441000000,
    "interestIncome": 0,
    "interestExpense": 46002000,
    "depreciationAndAmortization": 7798000,
    "ebitda": 53800000,
    "ebitdaratio": 0.0349608997,
    "operatingIncome": 1097862000,
    "operatingIncomeRatio": 0.7134245956,
    "totalOtherIncomeExpensesNet": -1097862000,
    "incomeBeforeTax": 0,
    "incomeBeforeTaxRatio": 0,
    "incomeTaxExpense": 23916000,
    "netIncome": 197805000,
    "netIncomeRatio": 0.1285397911,
    "eps": 0.74,
    "epsdiluted": 0.7,
    "weightedAverageShsOut": 258586011,
    "weightedAverageShsOutDil": 271527253,
    "link": "https://www.sec.gov/Archives/edgar/data/896159/000090256102000256/0000902561-02-000256-index.htm",
    "finalLink": "https://www.sec.gov/Archives/edgar/data/896159/000090256102000256/form10q.txt"
  },
  {
    "date": "2001-12-31",
    "symbol": "CB",
    "reportedCurrency": "USD",
    "cik": "0000896159",
    "fillingDate": "2002-03-18",
    "acceptedDate": "2002-03-18 00:00:00",
    "calendarYear": "2001",
    "period": "Q4",
    "revenue": 1960003000,
    "costOfRevenue": 0,
    "grossProfit": 1960003000,
    "grossProfitRatio": 1,
    "researchAndDevelopmentExpenses": 0,
    "generalAndAdministrativeExpenses": 222215000,
    "sellingAndMarketingExpenses": 0,
    "sellingGeneralAndAdministrativeExpenses": 222215000,
    "otherExpenses": 1739076000,
    "operatingExpenses": 1961291000,
    "costAndExpenses": 1961291000,
    "interestIncome": 0,
    "interestExpense": 46088000,
    "depreciationAndAmortization": 19907000,
    "ebitda": 64707000,
    "ebitdaratio": 0.033013725,
    "operatingIncome": -1288000,
    "operatingIncomeRatio": -0.0006571419,
    "totalOtherIncomeExpensesNet": 0,
    "incomeBeforeTax": -1288000,
    "incomeBeforeTaxRatio": -0.0006571419,
    "incomeTaxExpense": -47553000,
    "netIncome": 46265000,
    "netIncomeRatio": 0.0236045557,
    "eps": 0.17,
    "epsdiluted": 0.17,
    "weightedAverageShsOut": 267304054,
    "weightedAverageShsOutDil": 267304054,
    "link": "https://www.sec.gov/Archives/edgar/data/896159/000095013102000922/0000950131-02-000922-index.htm",
    "finalLink": "https://www.sec.gov/Archives/edgar/data/896159/000095013102000922/d10k.txt"
  },
  {
    "date": "2001-09-30",
    "symbol": "CB",
    "reportedCurrency": "USD",
    "cik": "0000896159",
    "fillingDate": "2001-11-14",
    "acceptedDate": "2001-11-14 00:00:00",
    "calendarYear": "2001",
    "period": "Q3",
    "revenue": 1531637000,
    "costOfRevenue": 0,
    "grossProfit": 1531637000,
    "grossProfitRatio": 1,
    "researchAndDevelopmentExpenses": 0,
    "generalAndAdministrativeExpenses": 207389000,
    "sellingAndMarketingExpenses": 0,
    "sellingGeneralAndAdministrativeExpenses": 205531000,
    "otherExpenses": 253796000,
    "operatingExpenses": 459327000,
    "costAndExpenses": 459327000,
    "interestIncome": 0,
    "interestExpense": 49130000,
    "depreciationAndAmortization": 14746000,
    "ebitda": 63876000,
    "ebitdaratio": 0.0417043986,
    "operatingIncome": 1072310000,
    "operatingIncomeRatio": 0.7001071403,
    "totalOtherIncomeExpensesNet": -1072310000,
    "incomeBeforeTax": 0,
    "incomeBeforeTaxRatio": 0,
    "incomeTaxExpense": -76345000,
    "netIncome": -442590000,
    "netIncomeRatio": -0.2889653358,
    "eps": -1.92,
    "epsdiluted": -1.92,
    "weightedAverageShsOut": 230610425,
    "weightedAverageShsOutDil": 230610425,
    "link": "https://www.sec.gov/Archives/edgar/data/896159/000090256101500344/0000902561-01-500344-index.htm",
    "finalLink": "https://www.sec.gov/Archives/edgar/data/896159/000090256101500344/sept2001ace.txt"
  },
  {
    "date": "2001-06-30",
    "symbol": "CB",
    "reportedCurrency": "USD",
    "cik": "0000896159",
    "fillingDate": "2001-08-14",
    "acceptedDate": "2001-08-14 00:00:00",
    "calendarYear": "2001",
    "period": "Q2",
    "revenue": 1597018000,
    "costOfRevenue": 0,
    "grossProfit": 1597018000,
    "grossProfitRatio": 1,
    "researchAndDevelopmentExpenses": 0,
    "generalAndAdministrativeExpenses": 207106000,
    "sellingAndMarketingExpenses": 0,
    "sellingGeneralAndAdministrativeExpenses": 207106000,
    "otherExpenses": 1240145000,
    "operatingExpenses": 1447251000,
    "costAndExpenses": 1447251000,
    "interestIncome": 0,
    "interestExpense": 49640000,
    "depreciationAndAmortization": 19872000,
    "ebitda": 219279000,
    "ebitdaratio": 0.1373052777,
    "operatingIncome": 149767000,
    "operatingIncomeRatio": 0.0937791559,
    "totalOtherIncomeExpensesNet": 0,
    "incomeBeforeTax": 149767000,
    "incomeBeforeTaxRatio": 0.0937791559,
    "incomeTaxExpense": 18250000,
    "netIncome": 131517000,
    "netIncomeRatio": 0.0823516078,
    "eps": 0.54,
    "epsdiluted": 0.52,
    "weightedAverageShsOut": 243550000,
    "weightedAverageShsOutDil": 252917308,
    "link": "https://www.sec.gov/Archives/edgar/data/896159/000090256101500188/0000902561-01-500188-index.htm",
    "finalLink": "https://www.sec.gov/Archives/edgar/data/896159/000090256101500188/form10q.txt"
  },
  {
    "date": "2001-03-31",
    "symbol": "CB",
    "reportedCurrency": "USD",
    "cik": "0000896159",
    "fillingDate": "2001-05-15",
    "acceptedDate": "2001-05-15 00:00:00",
    "calendarYear": "2001",
    "period": "Q1",
    "revenue": 1554171000,
    "costOfRevenue": 0,
    "grossProfit": 1554171000,
    "grossProfitRatio": 1,
    "researchAndDevelopmentExpenses": 0,
    "generalAndAdministrativeExpenses": 193293000,
    "sellingAndMarketingExpenses": 0,
    "sellingGeneralAndAdministrativeExpenses": 193293000,
    "otherExpenses": 1192840000,
    "operatingExpenses": 1386133000,
    "costAndExpenses": 1386133000,
    "interestIncome": 0,
    "interestExpense": 54324000,
    "depreciationAndAmortization": 19880000,
    "ebitda": 242242000,
    "ebitdaratio": 0.1558657316,
    "operatingIncome": 168038000,
    "operatingIncomeRatio": 0.1081206637,
    "totalOtherIncomeExpensesNet": 0,
    "incomeBeforeTax": 168038000,
    "incomeBeforeTaxRatio": 0.1081206637,
    "incomeTaxExpense": 26974000,
    "netIncome": 118394000,
    "netIncomeRatio": 0.0761782326,
    "eps": 0.48,
    "epsdiluted": 0.46,
    "weightedAverageShsOut": 246654167,
    "weightedAverageShsOutDil": 257378261,
    "link": "https://www.sec.gov/Archives/edgar/data/896159/000090256101500053/0000902561-01-500053-index.htm",
    "finalLink": "https://www.sec.gov/Archives/edgar/data/896159/000090256101500053/form10q.txt"
  },
  {
    "date": "2000-12-31",
    "symbol": "CB",
    "reportedCurrency": "USD",
    "cik": "0000896159",
    "fillingDate": "2001-03-29",
    "acceptedDate": "2001-03-29 00:00:00",
    "calendarYear": "2000",
    "period": "Q4",
    "revenue": 1243786000,
    "costOfRevenue": 0,
    "grossProfit": 1243786000,
    "grossProfitRatio": 1,
    "researchAndDevelopmentExpenses": 0,
    "generalAndAdministrativeExpenses": 187907000,
    "sellingAndMarketingExpenses": 0,
    "sellingGeneralAndAdministrativeExpenses": 187907000,
    "otherExpenses": 922534000,
    "operatingExpenses": 1110441000,
    "costAndExpenses": 1110441000,
    "interestIncome": 0,
    "interestExpense": 54906000,
    "depreciationAndAmortization": 19931000,
    "ebitda": 208182000,
    "ebitdaratio": 0.1673776679,
    "operatingIncome": 133345000,
    "operatingIncomeRatio": 0.1072089572,
    "totalOtherIncomeExpensesNet": 0,
    "incomeBeforeTax": 133345000,
    "incomeBeforeTaxRatio": 0.1072089572,
    "incomeTaxExpense": 19557000,
    "netIncome": 113788000,
    "netIncomeRatio": 0.0914851912,
    "eps": 0.46,
    "epsdiluted": 0.46,
    "weightedAverageShsOut": 245809691,
    "weightedAverageShsOutDil": 246654167,
    "link": "https://www.sec.gov/Archives/edgar/data/896159/000095013101001644/0000950131-01-001644-index.htm",
    "finalLink": "https://www.sec.gov/Archives/edgar/data/896159/000095013101001644/0000950131-01-001644-0001.txt"
  },
  {
    "date": "2000-09-30",
    "symbol": "CB",
    "reportedCurrency": "USD",
    "cik": "0000896159",
    "fillingDate": "2000-11-14",
    "acceptedDate": "2000-11-14 00:00:00",
    "calendarYear": "2000",
    "period": "Q3",
    "revenue": 1359569000,
    "costOfRevenue": 0,
    "grossProfit": 1359569000,
    "grossProfitRatio": 1,
    "researchAndDevelopmentExpenses": 0,
    "generalAndAdministrativeExpenses": 177912000,
    "sellingAndMarketingExpenses": 0,
    "sellingGeneralAndAdministrativeExpenses": 177912000,
    "otherExpenses": 1016472000,
    "operatingExpenses": 1194384000,
    "costAndExpenses": 1194384000,
    "interestIncome": 0,
    "interestExpense": 55408000,
    "depreciationAndAmortization": 19919000,
    "ebitda": 240512000,
    "ebitdaratio": 0.1769031215,
    "operatingIncome": 165185000,
    "operatingIncomeRatio": 0.121498063,
    "totalOtherIncomeExpensesNet": 0,
    "incomeBeforeTax": 165185000,
    "incomeBeforeTaxRatio": 0.121498063,
    "incomeTaxExpense": 24432000,
    "netIncome": 140753000,
    "netIncomeRatio": 0.1035276621,
    "eps": 0.6,
    "epsdiluted": 0.58,
    "weightedAverageShsOut": 234588333,
    "weightedAverageShsOutDil": 242677586,
    "link": "https://www.sec.gov/Archives/edgar/data/896159/000090256100000459/0000902561-00-000459-index.htm",
    "finalLink": "https://www.sec.gov/Archives/edgar/data/896159/000090256100000459/0000902561-00-000459-0001.txt"
  },
  {
    "date": "2000-06-30",
    "symbol": "CB",
    "reportedCurrency": "USD",
    "cik": "0000896159",
    "fillingDate": "2000-08-14",
    "acceptedDate": "2000-08-14 00:00:00",
    "calendarYear": "2000",
    "period": "Q2",
    "revenue": 1318821000,
    "costOfRevenue": 0,
    "grossProfit": 1318821000,
    "grossProfitRatio": 1,
    "researchAndDevelopmentExpenses": 0,
    "generalAndAdministrativeExpenses": 182864000,
    "sellingAndMarketingExpenses": 0,
    "sellingGeneralAndAdministrativeExpenses": 182864000,
    "otherExpenses": 1005110000,
    "operatingExpenses": 1187974000,
    "costAndExpenses": 1187974000,
    "interestIncome": 0,
    "interestExpense": 53947000,
    "depreciationAndAmortization": 19324000,
    "ebitda": 204118000,
    "ebitdaratio": 0.154773089,
    "operatingIncome": 130847000,
    "operatingIncomeRatio": 0.0992151323,
    "totalOtherIncomeExpensesNet": 0,
    "incomeBeforeTax": 130847000,
    "incomeBeforeTaxRatio": 0.0992151323,
    "incomeTaxExpense": 16919000,
    "netIncome": 113928000,
    "netIncomeRatio": 0.0863862495,
    "eps": 0.5,
    "epsdiluted": 0.49,
    "weightedAverageShsOut": 227856000,
    "weightedAverageShsOutDil": 232506122,
    "link": "https://www.sec.gov/Archives/edgar/data/896159/000090256100000385/0000902561-00-000385-index.htm",
    "finalLink": "https://www.sec.gov/Archives/edgar/data/896159/000090256100000385/0000902561-00-000385-0001.txt"
  },
  {
    "date": "2000-03-31",
    "symbol": "CB",
    "reportedCurrency": "USD",
    "cik": "0000896159",
    "fillingDate": "2000-05-15",
    "acceptedDate": "2000-05-15 00:00:00",
    "calendarYear": "2000",
    "period": "Q1",
    "revenue": 1344481000,
    "costOfRevenue": 0,
    "grossProfit": 1344481000,
    "grossProfitRatio": 1,
    "researchAndDevelopmentExpenses": 0,
    "generalAndAdministrativeExpenses": 194008000,
    "sellingAndMarketingExpenses": 0,
    "sellingGeneralAndAdministrativeExpenses": 194008000,
    "otherExpenses": 942960000,
    "operatingExpenses": 1136968000,
    "costAndExpenses": 1136968000,
    "interestIncome": 0,
    "interestExpense": 57189000,
    "depreciationAndAmortization": 19646000,
    "ebitda": 284348000,
    "ebitdaratio": 0.2114927619,
    "operatingIncome": 207513000,
    "operatingIncomeRatio": 0.1543443158,
    "totalOtherIncomeExpensesNet": 0,
    "incomeBeforeTax": 207513000,
    "incomeBeforeTaxRatio": 0.1543443158,
    "incomeTaxExpense": 33000000,
    "netIncome": 174513000,
    "netIncomeRatio": 0.1297995286,
    "eps": 0.8,
    "epsdiluted": 0.8,
    "weightedAverageShsOut": 218141250,
    "weightedAverageShsOutDil": 218141250,
    "link": "https://www.sec.gov/Archives/edgar/data/896159/000090256100000265/0000902561-00-000265-index.html",
    "finalLink": "https://www.sec.gov/Archives/edgar/data/896159/000090256100000265/"
  },
  {
    "date": "1999-12-31",
    "symbol": "CB",
    "reportedCurrency": "USD",
    "cik": "0000896159",
    "fillingDate": "2000-03-29",
    "acceptedDate": "2000-03-29 00:00:00",
    "calendarYear": "1999",
    "period": "Q4",
    "revenue": 1160090000,
    "costOfRevenue": 0,
    "grossProfit": 1160090000,
    "grossProfitRatio": 1,
    "researchAndDevelopmentExpenses": 0,
    "generalAndAdministrativeExpenses": 198136000,
    "sellingAndMarketingExpenses": 0,
    "sellingGeneralAndAdministrativeExpenses": 198136000,
    "otherExpenses": 1869007000,
    "operatingExpenses": 2067143000,
    "costAndExpenses": 2067143000,
    "interestIncome": 0,
    "interestExpense": 52438000,
    "depreciationAndAmortization": 24950000,
    "ebitda": 471035000,
    "ebitdaratio": 0.4060331526,
    "operatingIncome": -907053000,
    "operatingIncomeRatio": -0.7818815782,
    "totalOtherIncomeExpensesNet": 1300700000,
    "incomeBeforeTax": 393647000,
    "incomeBeforeTaxRatio": 0.3393245352,
    "incomeTaxExpense": 12684000,
    "netIncome": 152063000,
    "netIncomeRatio": 0.1310786232,
    "eps": 0.77,
    "epsdiluted": 0.77,
    "weightedAverageShsOut": 218141250,
    "weightedAverageShsOutDil": 218141250,
    "link": "https://www.sec.gov/Archives/edgar/data/896159/000095013100002158/0000950131-00-002158-index.html",
    "finalLink": "https://www.sec.gov/Archives/edgar/data/896159/000095013100002158/"
  },
  {
    "date": "1999-09-30",
    "symbol": "CB",
    "reportedCurrency": "USD",
    "cik": "0000896159",
    "fillingDate": "1999-11-15",
    "acceptedDate": "1999-11-15 00:00:00",
    "calendarYear": "1999",
    "period": "Q3",
    "revenue": 1057500000,
    "costOfRevenue": 0,
    "grossProfit": 1057500000,
    "grossProfitRatio": 1,
    "researchAndDevelopmentExpenses": 0,
    "generalAndAdministrativeExpenses": 201300000,
    "sellingAndMarketingExpenses": 0,
    "sellingGeneralAndAdministrativeExpenses": 201300000,
    "otherExpenses": -154300000,
    "operatingExpenses": 47000000,
    "costAndExpenses": 47000000,
    "interestIncome": 0,
    "interestExpense": 44100000,
    "depreciationAndAmortization": 17100000,
    "ebitda": 286227000,
    "ebitdaratio": 0.2706638298,
    "operatingIncome": 1010500000,
    "operatingIncomeRatio": 0.9555555556,
    "totalOtherIncomeExpensesNet": -1010500000,
    "incomeBeforeTax": 0,
    "incomeBeforeTaxRatio": 0,
    "incomeTaxExpense": 6300000,
    "netIncome": 14800000,
    "netIncomeRatio": 0.0139952719,
    "eps": 0.08,
    "epsdiluted": 0.08,
    "weightedAverageShsOut": 194061171,
    "weightedAverageShsOutDil": 196072652,
    "link": "https://www.sec.gov/Archives/edgar/data/896159/000090256199000543/0000902561-99-000543-index.html",
    "finalLink": "https://www.sec.gov/Archives/edgar/data/896159/000090256199000543/0000902561-99-000543.txt"
  },
  {
    "date": "1999-06-30",
    "symbol": "CB",
    "reportedCurrency": "USD",
    "cik": "0000896159",
    "fillingDate": "1999-08-16",
    "acceptedDate": "1999-08-16 00:00:00",
    "calendarYear": "1999",
    "period": "Q2",
    "revenue": 410400000,
    "costOfRevenue": 0,
    "grossProfit": 410400000,
    "grossProfitRatio": 1,
    "researchAndDevelopmentExpenses": 0,
    "generalAndAdministrativeExpenses": 41100000,
    "sellingAndMarketingExpenses": 0,
    "sellingGeneralAndAdministrativeExpenses": 41100000,
    "otherExpenses": 35600000,
    "operatingExpenses": 76700000,
    "costAndExpenses": 76700000,
    "interestIncome": 0,
    "interestExpense": 4100000,
    "depreciationAndAmortization": 4700000,
    "ebitda": 8800000,
    "ebitdaratio": 0.0214424951,
    "operatingIncome": 333700000,
    "operatingIncomeRatio": 0.8131091618,
    "totalOtherIncomeExpensesNet": -333700000,
    "incomeBeforeTax": 0,
    "incomeBeforeTaxRatio": 0,
    "incomeTaxExpense": 4500000,
    "netIncome": 69200000,
    "netIncomeRatio": 0.1686159844,
    "eps": 0.36,
    "epsdiluted": 0.35,
    "weightedAverageShsOut": 193784573,
    "weightedAverageShsOutDil": 197175514,
    "link": "https://www.sec.gov/Archives/edgar/data/896159/000090256199000377/0000902561-99-000377-index.html",
    "finalLink": "https://www.sec.gov/Archives/edgar/data/896159/000090256199000377/0000902561-99-000377.txt"
  },
  {
    "date": "1999-03-31",
    "symbol": "CB",
    "reportedCurrency": "USD",
    "cik": "0000896159",
    "fillingDate": "1999-05-17",
    "acceptedDate": "1999-05-17 00:00:00",
    "calendarYear": "1999",
    "period": "Q1",
    "revenue": 389000000,
    "costOfRevenue": 0,
    "grossProfit": 389000000,
    "grossProfitRatio": 1,
    "researchAndDevelopmentExpenses": 0,
    "generalAndAdministrativeExpenses": 54700000,
    "sellingAndMarketingExpenses": 0,
    "sellingGeneralAndAdministrativeExpenses": 54700000,
    "otherExpenses": 38900000,
    "operatingExpenses": 93600000,
    "costAndExpenses": 93600000,
    "interestIncome": 0,
    "interestExpense": 4500000,
    "depreciationAndAmortization": 2473000,
    "ebitda": 6973000,
    "ebitdaratio": 0.0179254499,
    "operatingIncome": 295400000,
    "operatingIncomeRatio": 0.7593830334,
    "totalOtherIncomeExpensesNet": -295400000,
    "incomeBeforeTax": 0,
    "incomeBeforeTaxRatio": 0,
    "incomeTaxExpense": 5100000,
    "netIncome": 129000000,
    "netIncomeRatio": 0.3316195373,
    "eps": 0.67,
    "epsdiluted": 0.65,
    "weightedAverageShsOut": 193758050,
    "weightedAverageShsOutDil": 197180787,
    "link": "https://www.sec.gov/Archives/edgar/data/896159/000090256199000230/0000902561-99-000230-index.html",
    "finalLink": "https://www.sec.gov/Archives/edgar/data/896159/0000902561-99-000230.txt"
  },
  {
    "date": "1998-12-31",
    "symbol": "CB",
    "reportedCurrency": "USD",
    "cik": "0000896159",
    "fillingDate": "1999-02-16",
    "acceptedDate": "1999-02-16 00:00:00",
    "calendarYear": "1998",
    "period": "Q4",
    "revenue": 389005000,
    "costOfRevenue": 0,
    "grossProfit": 389005000,
    "grossProfitRatio": 1,
    "researchAndDevelopmentExpenses": 0,
    "generalAndAdministrativeExpenses": 41200000,
    "sellingAndMarketingExpenses": 0,
    "sellingGeneralAndAdministrativeExpenses": 54650000,
    "otherExpenses": 38883000,
    "operatingExpenses": 93533000,
    "costAndExpenses": 93533000,
    "interestIncome": 0,
    "interestExpense": 4530000,
    "depreciationAndAmortization": 2400000,
    "ebitda": 6930000,
    "ebitdaratio": 0.017814681,
    "operatingIncome": 295472000,
    "operatingIncomeRatio": 0.7595583604,
    "totalOtherIncomeExpensesNet": -295472000,
    "incomeBeforeTax": 0,
    "incomeBeforeTaxRatio": 0,
    "incomeTaxExpense": 5152000,
    "netIncome": 129019000,
    "netIncomeRatio": 0.3316641174,
    "eps": 0.67,
    "epsdiluted": 0.65,
    "weightedAverageShsOut": 192565672,
    "weightedAverageShsOutDil": 198490769,
    "link": "https://www.sec.gov/Archives/edgar/data/896159/000090256199000098/0000902561-99-000098-index.html",
    "finalLink": "https://www.sec.gov/Archives/edgar/data/896159/0000902561-99-000098.txt"
  },
  {
    "date": "1998-09-30",
    "symbol": "CB",
    "reportedCurrency": "USD",
    "cik": "0000896159",
    "fillingDate": "1998-12-18",
    "acceptedDate": "1998-12-18 00:00:00",
    "calendarYear": "1998",
    "period": "Q3",
    "revenue": 379642000,
    "costOfRevenue": 0,
    "grossProfit": 379642000,
    "grossProfitRatio": 1,
    "researchAndDevelopmentExpenses": 0,
    "generalAndAdministrativeExpenses": 93512000,
    "sellingAndMarketingExpenses": 0,
    "sellingGeneralAndAdministrativeExpenses": 93512000,
    "otherExpenses": 601139000,
    "operatingExpenses": 694651000,
    "costAndExpenses": 694651000,
    "interestIncome": 0,
    "interestExpense": 16659000,
    "depreciationAndAmortization": -6396000,
    "ebitda": 590454000,
    "ebitdaratio": 1.5552915642,
    "operatingIncome": -315009000,
    "operatingIncomeRatio": -0.8297527671,
    "totalOtherIncomeExpensesNet": 895200000,
    "incomeBeforeTax": 580191000,
    "incomeBeforeTaxRatio": 1.5282582011,
    "incomeTaxExpense": 12040000,
    "netIncome": 39651000,
    "netIncomeRatio": 0.1044431333,
    "eps": 0.04,
    "epsdiluted": 0.04,
    "weightedAverageShsOut": 176425058,
    "weightedAverageShsOutDil": 176425058,
    "link": "https://www.sec.gov/Archives/edgar/data/896159/000095013198006565/0000950131-98-006565-index.html",
    "finalLink": "https://www.sec.gov/Archives/edgar/data/896159/0000950131-98-006565.txt"
  },
  {
    "date": "1998-06-30",
    "symbol": "CB",
    "reportedCurrency": "USD",
    "cik": "0000896159",
    "fillingDate": "1998-08-12",
    "acceptedDate": "1998-08-12 00:00:00",
    "calendarYear": "1998",
    "period": "Q2",
    "revenue": 408800000,
    "costOfRevenue": 0,
    "grossProfit": 408800000,
    "grossProfitRatio": 1,
    "researchAndDevelopmentExpenses": 0,
    "generalAndAdministrativeExpenses": 30600000,
    "sellingAndMarketingExpenses": 0,
    "sellingGeneralAndAdministrativeExpenses": 36400000,
    "otherExpenses": 35600000,
    "operatingExpenses": 72000000,
    "costAndExpenses": 72000000,
    "interestIncome": 0,
    "interestExpense": 6000000,
    "depreciationAndAmortization": 2000000,
    "ebitda": 8000000,
    "ebitdaratio": 0.0195694716,
    "operatingIncome": 336800000,
    "operatingIncomeRatio": 0.8238747554,
    "totalOtherIncomeExpensesNet": -336800000,
    "incomeBeforeTax": 0,
    "incomeBeforeTaxRatio": 0,
    "incomeTaxExpense": 9800000,
    "netIncome": 176500000,
    "netIncomeRatio": 0.4317514677,
    "eps": 0.92,
    "epsdiluted": 0.9,
    "weightedAverageShsOut": 191847826,
    "weightedAverageShsOutDil": 196111111,
    "link": "https://www.sec.gov/Archives/edgar/data/896159/000090256198000258/0000902561-98-000258-index.html",
    "finalLink": "https://www.sec.gov/Archives/edgar/data/896159/0000902561-98-000258.txt"
  },
  {
    "date": "1998-03-31",
    "symbol": "CB",
    "reportedCurrency": "USD",
    "cik": "0000896159",
    "fillingDate": "1998-05-15",
    "acceptedDate": "1998-05-15 00:00:00",
    "calendarYear": "1998",
    "period": "Q1",
    "revenue": 445400000,
    "costOfRevenue": 0,
    "grossProfit": 445400000,
    "grossProfitRatio": 1,
    "researchAndDevelopmentExpenses": 0,
    "generalAndAdministrativeExpenses": 26600000,
    "sellingAndMarketingExpenses": 0,
    "sellingGeneralAndAdministrativeExpenses": 23900000,
    "otherExpenses": 32400000,
    "operatingExpenses": 56300000,
    "costAndExpenses": 56300000,
    "interestIncome": 0,
    "interestExpense": 5200000,
    "depreciationAndAmortization": -600000,
    "ebitda": 4600000,
    "ebitdaratio": 0.0103277952,
    "operatingIncome": 389100000,
    "operatingIncomeRatio": 0.873596767,
    "totalOtherIncomeExpensesNet": -389100000,
    "incomeBeforeTax": 0,
    "incomeBeforeTaxRatio": 0,
    "incomeTaxExpense": 9400000,
    "netIncome": 247900000,
    "netIncomeRatio": 0.5565783565,
    "eps": 1.4,
    "epsdiluted": 1.37,
    "weightedAverageShsOut": 177071429,
    "weightedAverageShsOutDil": 180948905,
    "link": "https://www.sec.gov/Archives/edgar/data/896159/000090256198000175/0000902561-98-000175-index.html",
    "finalLink": "https://www.sec.gov/Archives/edgar/data/896159/0000902561-98-000175.txt"
  },
  {
    "date": "1997-12-31",
    "symbol": "CB",
    "reportedCurrency": "USD",
    "cik": "0000896159",
    "fillingDate": "1998-02-13",
    "acceptedDate": "1998-02-13 00:00:00",
    "calendarYear": "1997",
    "period": "Q4",
    "revenue": 296500000,
    "costOfRevenue": 0,
    "grossProfit": 296500000,
    "grossProfitRatio": 1,
    "researchAndDevelopmentExpenses": 0,
    "generalAndAdministrativeExpenses": 17500000,
    "sellingAndMarketingExpenses": 0,
    "sellingGeneralAndAdministrativeExpenses": 19800000,
    "otherExpenses": 26200000,
    "operatingExpenses": 46000000,
    "costAndExpenses": 46000000,
    "interestIncome": 0,
    "interestExpense": 1400000,
    "depreciationAndAmortization": -500000,
    "ebitda": 900000,
    "ebitdaratio": 0.0030354132,
    "operatingIncome": 250500000,
    "operatingIncomeRatio": 0.844856661,
    "totalOtherIncomeExpensesNet": -250500000,
    "incomeBeforeTax": 0,
    "incomeBeforeTaxRatio": 0,
    "incomeTaxExpense": 3800000,
    "netIncome": 122200000,
    "netIncomeRatio": 0.4121416526,
    "eps": 0.68,
    "epsdiluted": 0.67,
    "weightedAverageShsOut": 179705882,
    "weightedAverageShsOutDil": 182388060,
    "link": "https://www.sec.gov/Archives/edgar/data/896159/000090256198000044/0000902561-98-000044-index.html",
    "finalLink": "https://www.sec.gov/Archives/edgar/data/896159/0000902561-98-000044.txt"
  },
  {
    "date": "1997-09-30",
    "symbol": "CB",
    "reportedCurrency": "USD",
    "cik": "0000896159",
    "fillingDate": "1997-12-24",
    "acceptedDate": "1997-12-24 00:00:00",
    "calendarYear": "1997",
    "period": "Q3",
    "revenue": 261443000,
    "costOfRevenue": 0,
    "grossProfit": 261443000,
    "grossProfitRatio": 1,
    "researchAndDevelopmentExpenses": 0,
    "generalAndAdministrativeExpenses": 14491000,
    "sellingAndMarketingExpenses": 0,
    "sellingGeneralAndAdministrativeExpenses": 14491000,
    "otherExpenses": 446098000,
    "operatingExpenses": 460589000,
    "costAndExpenses": 460589000,
    "interestIncome": 0,
    "interestExpense": 0,
    "depreciationAndAmortization": -1804000,
    "ebitda": 0,
    "ebitdaratio": 0,
    "operatingIncome": -199146000,
    "operatingIncomeRatio": -0.7617186155,
    "totalOtherIncomeExpensesNet": 199146000,
    "incomeBeforeTax": 0,
    "incomeBeforeTaxRatio": 0,
    "incomeTaxExpense": 0,
    "netIncome": 127654000,
    "netIncomeRatio": 0.488267041,
    "eps": 0.77,
    "epsdiluted": 0.77,
    "weightedAverageShsOut": 164816294,
    "weightedAverageShsOutDil": 164816294,
    "link": "https://www.sec.gov/Archives/edgar/data/896159/000095013197007441/0000950131-97-007441-index.html",
    "finalLink": "https://www.sec.gov/Archives/edgar/data/896159/0000950131-97-007441.txt"
  },
  {
    "date": "1997-06-30",
    "symbol": "CB",
    "reportedCurrency": "USD",
    "cik": "0000896159",
    "fillingDate": "1997-08-13",
    "acceptedDate": "1997-08-13 00:00:00",
    "calendarYear": "1997",
    "period": "Q2",
    "revenue": 268900000,
    "costOfRevenue": 0,
    "grossProfit": 268900000,
    "grossProfitRatio": 1,
    "researchAndDevelopmentExpenses": 0,
    "generalAndAdministrativeExpenses": 16800000,
    "sellingAndMarketingExpenses": 0,
    "sellingGeneralAndAdministrativeExpenses": 16800000,
    "otherExpenses": 10700000,
    "operatingExpenses": 27500000,
    "costAndExpenses": 27500000,
    "interestIncome": 0,
    "interestExpense": 0,
    "depreciationAndAmortization": -1800000,
    "ebitda": 0,
    "ebitdaratio": 0,
    "operatingIncome": 241400000,
    "operatingIncomeRatio": 0.8977314987,
    "totalOtherIncomeExpensesNet": -241400000,
    "incomeBeforeTax": 0,
    "incomeBeforeTaxRatio": 0,
    "incomeTaxExpense": 0,
    "netIncome": 130000000,
    "netIncomeRatio": 0.4834510971,
    "eps": 0.72,
    "epsdiluted": 0.72,
    "weightedAverageShsOut": 179325511,
    "weightedAverageShsOutDil": 180694576,
    "link": "https://www.sec.gov/Archives/edgar/data/896159/000090256197000258/0000902561-97-000258-index.html",
    "finalLink": "https://www.sec.gov/Archives/edgar/data/896159/0000902561-97-000258.txt"
  },
  {
    "date": "1997-03-31",
    "symbol": "CB",
    "reportedCurrency": "USD",
    "cik": "0000896159",
    "fillingDate": "1997-05-15",
    "acceptedDate": "1997-05-15 00:00:00",
    "calendarYear": "1997",
    "period": "Q1",
    "revenue": 214400000,
    "costOfRevenue": 0,
    "grossProfit": 214400000,
    "grossProfitRatio": 1,
    "researchAndDevelopmentExpenses": 0,
    "generalAndAdministrativeExpenses": 19300000,
    "sellingAndMarketingExpenses": 0,
    "sellingGeneralAndAdministrativeExpenses": 19300000,
    "otherExpenses": 11900000,
    "operatingExpenses": 31200000,
    "costAndExpenses": 31200000,
    "interestIncome": 0,
    "interestExpense": 0,
    "depreciationAndAmortization": -900000,
    "ebitda": 0,
    "ebitdaratio": 0,
    "operatingIncome": 183200000,
    "operatingIncomeRatio": 0.8544776119,
    "totalOtherIncomeExpensesNet": -183200000,
    "incomeBeforeTax": 0,
    "incomeBeforeTaxRatio": 0,
    "incomeTaxExpense": 0,
    "netIncome": 77900000,
    "netIncomeRatio": 0.3633395522,
    "eps": 0.46,
    "epsdiluted": 0.45,
    "weightedAverageShsOut": 174511828,
    "weightedAverageShsOutDil": 174511828,
    "link": "https://www.sec.gov/Archives/edgar/data/896159/000090256197000197/0000902561-97-000197-index.html",
    "finalLink": "https://www.sec.gov/Archives/edgar/data/896159/0000902561-97-000197.txt"
  },
  {
    "date": "1996-12-31",
    "symbol": "CB",
    "reportedCurrency": "USD",
    "cik": "0000896159",
    "fillingDate": "1997-02-11",
    "acceptedDate": "1997-02-11 00:00:00",
    "calendarYear": "1996",
    "period": "Q4",
    "revenue": 265900000,
    "costOfRevenue": 0,
    "grossProfit": 265900000,
    "grossProfitRatio": 1,
    "researchAndDevelopmentExpenses": 0,
    "generalAndAdministrativeExpenses": 15800000,
    "sellingAndMarketingExpenses": 0,
    "sellingGeneralAndAdministrativeExpenses": 15800000,
    "otherExpenses": 14100000,
    "operatingExpenses": 29900000,
    "costAndExpenses": 29900000,
    "interestIncome": 0,
    "interestExpense": 0,
    "depreciationAndAmortization": -1600000,
    "ebitda": 0,
    "ebitdaratio": 0,
    "operatingIncome": 236000000,
    "operatingIncomeRatio": 0.8875517112,
    "totalOtherIncomeExpensesNet": -236000000,
    "incomeBeforeTax": 0,
    "incomeBeforeTaxRatio": 0,
    "incomeTaxExpense": 0,
    "netIncome": 125700000,
    "netIncomeRatio": 0.4727341106,
    "eps": 0.72,
    "epsdiluted": 0.71,
    "weightedAverageShsOut": 176835600,
    "weightedAverageShsOutDil": 176835600,
    "link": "https://www.sec.gov/Archives/edgar/data/896159/000090256197000037/0000902561-97-000037-index.html",
    "finalLink": "https://www.sec.gov/Archives/edgar/data/896159/0000902561-97-000037.txt"
  },
  {
    "date": "1996-09-30",
    "symbol": "CB",
    "reportedCurrency": "USD",
    "cik": "0000896159",
    "fillingDate": "1996-12-20",
    "acceptedDate": "1996-12-20 00:00:00",
    "calendarYear": "1996",
    "period": "Q3",
    "revenue": 246398000,
    "costOfRevenue": 0,
    "grossProfit": 246398000,
    "grossProfitRatio": 1,
    "researchAndDevelopmentExpenses": 0,
    "generalAndAdministrativeExpenses": 13087000,
    "sellingAndMarketingExpenses": 0,
    "sellingGeneralAndAdministrativeExpenses": 13087000,
    "otherExpenses": 480778000,
    "operatingExpenses": 493865000,
    "costAndExpenses": 493865000,
    "interestIncome": 0,
    "interestExpense": 0,
    "depreciationAndAmortization": -3447000,
    "ebitda": 0,
    "ebitdaratio": 0,
    "operatingIncome": -247467000,
    "operatingIncomeRatio": -1.0043385092,
    "totalOtherIncomeExpensesNet": 247467000,
    "incomeBeforeTax": 0,
    "incomeBeforeTaxRatio": 0,
    "incomeTaxExpense": 0,
    "netIncome": 86933000,
    "netIncomeRatio": 0.3528153638,
    "eps": 0.49,
    "epsdiluted": 0.49,
    "weightedAverageShsOut": 176835600,
    "weightedAverageShsOutDil": 176835600,
    "link": "https://www.sec.gov/Archives/edgar/data/896159/000095013196006415/0000950131-96-006415-index.html",
    "finalLink": "https://www.sec.gov/Archives/edgar/data/896159/0000950131-96-006415.txt"
  },
  {
    "date": "1996-06-30",
    "symbol": "CB",
    "reportedCurrency": "USD",
    "cik": "0000896159",
    "fillingDate": "1996-08-14",
    "acceptedDate": "1996-08-14 00:00:00",
    "calendarYear": "1996",
    "period": "Q2",
    "revenue": 194900000,
    "costOfRevenue": 0,
    "grossProfit": 194900000,
    "grossProfitRatio": 1,
    "researchAndDevelopmentExpenses": 0,
    "generalAndAdministrativeExpenses": 9700000,
    "sellingAndMarketingExpenses": 0,
    "sellingGeneralAndAdministrativeExpenses": 9700000,
    "otherExpenses": 12300000,
    "operatingExpenses": 22000000,
    "costAndExpenses": 22000000,
    "interestIncome": 0,
    "interestExpense": 0,
    "depreciationAndAmortization": -1700000,
    "ebitda": 0,
    "ebitdaratio": 0,
    "operatingIncome": 172900000,
    "operatingIncomeRatio": 0.8871216008,
    "totalOtherIncomeExpensesNet": -172900000,
    "incomeBeforeTax": 0,
    "incomeBeforeTaxRatio": 0,
    "incomeTaxExpense": 0,
    "netIncome": 52500000,
    "netIncomeRatio": 0.2693689071,
    "eps": 0.38,
    "epsdiluted": 0.38,
    "weightedAverageShsOut": 139578660,
    "weightedAverageShsOutDil": 139578660,
    "link": "https://www.sec.gov/Archives/edgar/data/896159/000090256196000126/0000902561-96-000126-index.html",
    "finalLink": "https://www.sec.gov/Archives/edgar/data/896159/0000902561-96-000126.txt"
  },
  {
    "date": "1996-03-31",
    "symbol": "CB",
    "reportedCurrency": "USD",
    "cik": "0000896159",
    "fillingDate": "1996-05-15",
    "acceptedDate": "1996-05-15 00:00:00",
    "calendarYear": "1996",
    "period": "Q1",
    "revenue": 200000000,
    "costOfRevenue": 0,
    "grossProfit": 200000000,
    "grossProfitRatio": 1,
    "researchAndDevelopmentExpenses": 0,
    "generalAndAdministrativeExpenses": 9500000,
    "sellingAndMarketingExpenses": 0,
    "sellingGeneralAndAdministrativeExpenses": 9500000,
    "otherExpenses": 12500000,
    "operatingExpenses": 22000000,
    "costAndExpenses": 22000000,
    "interestIncome": 0,
    "interestExpense": 0,
    "depreciationAndAmortization": -200000,
    "ebitda": 0,
    "ebitdaratio": 0,
    "operatingIncome": 178000000,
    "operatingIncomeRatio": 0.89,
    "totalOtherIncomeExpensesNet": -178000000,
    "incomeBeforeTax": 0,
    "incomeBeforeTaxRatio": 0,
    "incomeTaxExpense": 0,
    "netIncome": 56800000,
    "netIncomeRatio": 0.284,
    "eps": 0.41,
    "epsdiluted": 0.41,
    "weightedAverageShsOut": 139518381,
    "weightedAverageShsOutDil": 139518381,
    "link": "https://www.sec.gov/Archives/edgar/data/896159/000090256196000042/0000902561-96-000042-index.html",
    "finalLink": "https://www.sec.gov/Archives/edgar/data/896159/0000902561-96-000042.txt"
  },
  {
    "date": "1995-12-31",
    "symbol": "CB",
    "reportedCurrency": "USD",
    "cik": "0000896159",
    "fillingDate": "1995-12-31",
    "acceptedDate": "1995-12-31 00:00:00",
    "calendarYear": "1995",
    "period": "Q4",
    "revenue": 207700000,
    "costOfRevenue": 0,
    "grossProfit": 207700000,
    "grossProfitRatio": 1,
    "researchAndDevelopmentExpenses": 0,
    "generalAndAdministrativeExpenses": 9100000,
    "sellingAndMarketingExpenses": 0,
    "sellingGeneralAndAdministrativeExpenses": 9100000,
    "otherExpenses": 12100000,
    "operatingExpenses": 21200000,
    "costAndExpenses": 21200000,
    "interestIncome": 0,
    "interestExpense": 0,
    "depreciationAndAmortization": -2500000,
    "ebitda": 0,
    "ebitdaratio": 0,
    "operatingIncome": 186500000,
    "operatingIncomeRatio": 0.8979297063,
    "totalOtherIncomeExpensesNet": -186500000,
    "incomeBeforeTax": 0,
    "incomeBeforeTaxRatio": 0,
    "incomeTaxExpense": 0,
    "netIncome": 93500000,
    "netIncomeRatio": 0.4501685123,
    "eps": 0.67,
    "epsdiluted": 0.67,
    "weightedAverageShsOut": 139552239,
    "weightedAverageShsOutDil": 139552239,
    "link": null,
    "finalLink": null
  },
  {
    "date": "1995-09-30",
    "symbol": "CB",
    "reportedCurrency": "USD",
    "cik": "0000896159",
    "fillingDate": "1995-09-30",
    "acceptedDate": "1995-09-30 00:00:00",
    "calendarYear": "1995",
    "period": "Q3",
    "revenue": 197700000,
    "costOfRevenue": 0,
    "grossProfit": 197700000,
    "grossProfitRatio": 1,
    "researchAndDevelopmentExpenses": 0,
    "generalAndAdministrativeExpenses": 8800000,
    "sellingAndMarketingExpenses": 0,
    "sellingGeneralAndAdministrativeExpenses": 8800000,
    "otherExpenses": 11600000,
    "operatingExpenses": 20400000,
    "costAndExpenses": 20400000,
    "interestIncome": 0,
    "interestExpense": 0,
    "depreciationAndAmortization": -2500000,
    "ebitda": 0,
    "ebitdaratio": 0,
    "operatingIncome": 177300000,
    "operatingIncomeRatio": 0.8968133536,
    "totalOtherIncomeExpensesNet": -177300000,
    "incomeBeforeTax": 0,
    "incomeBeforeTaxRatio": 0,
    "incomeTaxExpense": 0,
    "netIncome": 86900000,
    "netIncomeRatio": 0.4395548811,
    "eps": 0.62,
    "epsdiluted": 0.62,
    "weightedAverageShsOut": 138471000,
    "weightedAverageShsOutDil": 141159420,
    "link": null,
    "finalLink": null
  }
]