[
  {
    "date": "2024-12-31",
    "symbol": "CB",
    "reportedCurrency": "USD",
    "cik": "0000896159",
    "fillingDate": "2025-02-27",
    "acceptedDate": "2025-02-27 15:56:15",
    "calendarYear": "2024",
    "period": "FY",
    "revenue": 56150000000,
    "costOfRevenue": 39978000000,
    "grossProfit": 16172000000,
    "grossProfitRatio": 0.2880142476,
    "researchAndDevelopmentExpenses": 0,
    "generalAndAdministrativeExpenses": 4380000000,
    "sellingAndMarketingExpenses": 0,
    "sellingGeneralAndAdministrativeExpenses": 4380000000,
    "otherExpenses": 337000000,
    "operatingExpenses": 4717000000,
    "costAndExpenses": 44695000000,
    "interestIncome": 80000000,
    "interestExpense": 741000000,
    "depreciationAndAmortization": 323000000,
    "ebitda": 12519000000,
    "ebitdaratio": 0.2229563669,
    "operatingIncome": 11204000000,
    "operatingIncomeRatio": 0.1995369546,
    "totalOtherIncomeExpensesNet": 251000000,
    "incomeBeforeTax": 11455000000,
    "incomeBeforeTaxRatio": 0.2040071238,
    "incomeTaxExpense": 1815000000,
    "netIncome": 9272000000,
    "netIncomeRatio": 0.1651291184,
    "eps": 22.94,
    "epsdiluted": 22.7,
    "weightedAverageShsOut": 408500000,
    "weightedAverageShsOutDil": 411905820,
    "link": "https://www.sec.gov/Archives/edgar/data/896159/000089615925000004/0000896159-25-000004-index.htm",
    "finalLink": "https://www.sec.gov/Archives/edgar/data/896159/000089615925000004/cb-20241231.htm"
  },
  {
    "date": "2023-12-31",
    "symbol": "CB",
    "reportedCurrency": "USD",
    "cik": "0000896159",
    "fillingDate": "2024-02-23",
    "acceptedDate": "2024-02-23 17:08:16",
    "calendarYear": "2023",
    "period": "FY",
    "revenue": 50133000000,
    "costOfRevenue": 36294000000,
    "grossProfit": 13839000000,
    "grossProfitRatio": 0.2760457184,
    "researchAndDevelopmentExpenses": 0,
    "generalAndAdministrativeExpenses": 4007000000,
    "sellingAndMarketingExpenses": 0,
    "sellingGeneralAndAdministrativeExpenses": 4007000000,
    "otherExpenses": 306000000,
    "operatingExpenses": 4313000000,
    "costAndExpenses": 40607000000,
    "interestIncome": 69000000,
    "interestExpense": 672000000,
    "depreciationAndAmortization": 310000000,
    "ebitda": 10508000000,
    "ebitdaratio": 0.2096024575,
    "operatingIncome": 10198000000,
    "operatingIncomeRatio": 0.2034189057,
    "totalOtherIncomeExpensesNet": 140000000,
    "incomeBeforeTax": 9526000000,
    "incomeBeforeTaxRatio": 0.1900145613,
    "incomeTaxExpense": 511000000,
    "netIncome": 9028000000,
    "netIncomeRatio": 0.1800809846,
    "eps": 21.97,
    "epsdiluted": 21.8,
    "weightedAverageShsOut": 410845263,
    "weightedAverageShsOutDil": 414202568,
    "link": "https://www.sec.gov/Archives/edgar/data/896159/000089615924000003/0000896159-24-000003-index.htm",
    "finalLink": "https://www.sec.gov/Archives/edgar/data/896159/000089615924000003/cb-20231231.htm"
  },
  {
    "date": "2022-12-31",
    "symbol": "CB",
    "reportedCurrency": "USD",
    "cik": "0000896159",
    "fillingDate": "2023-02-24",
    "acceptedDate": "2023-02-24 15:47:16",
    "calendarYear": "2022",
    "period": "FY",
    "revenue": 42975000000,
    "costOfRevenue": 32145000000,
    "grossProfit": 10830000000,
    "grossProfitRatio": 0.2520069808,
    "researchAndDevelopmentExpenses": 0,
    "generalAndAdministrativeExpenses": 3395000000,
    "sellingAndMarketingExpenses": 0,
    "sellingGeneralAndAdministrativeExpenses": 3395000000,
    "otherExpenses": 950000000,
    "operatingExpenses": 4345000000,
    "costAndExpenses": 35825000000,
    "interestIncome": 0,
    "interestExpense": 570000000,
    "depreciationAndAmortization": 285000000,
    "ebitda": 7340000000,
    "ebitdaratio": 0.170796975,
    "operatingIncome": 7055000000,
    "operatingIncomeRatio": 0.1641652123,
    "totalOtherIncomeExpensesNet": -665000000,
    "incomeBeforeTax": 6485000000,
    "incomeBeforeTaxRatio": 0.150901687,
    "incomeTaxExpense": 1239000000,
    "netIncome": 5246000000,
    "netIncomeRatio": 0.1220709715,
    "eps": 12.5,
    "epsdiluted": 12.39,
    "weightedAverageShsOut": 419780000,
    "weightedAverageShsOutDil": 423527000,
    "link": "https://www.sec.gov/Archives/edgar/data/896159/000089615923000007/0000896159-23-000007-index.htm",
    "finalLink": "https://www.sec.gov/Archives/edgar/data/896159/000089615923000007/cb-20221231.htm"
  },
  {
    "date": "2021-12-31",
    "symbol": "CB",
    "reportedCurrency": "USD",
    "cik": "0000896159",
    "fillingDate": "2022-02-24",
    "acceptedDate": "2022-02-24 17:10:38",
    "calendarYear": "2021",
    "period": "FY",
    "revenue": 40770000000,
    "costOfRevenue": 29437000000,
    "grossProfit": 11333000000,
    "grossProfitRatio": 0.2779740005,
    "researchAndDevelopmentExpenses": 0,
    "generalAndAdministrativeExpenses": 3136000000,
    "sellingAndMarketingExpenses": 0,
    "sellingGeneralAndAdministrativeExpenses": 3135000000,
    "otherExpenses": -1596000000,
    "operatingExpenses": 1539000000,
    "costAndExpenses": 30976000000,
    "interestIncome": 0,
    "interestExpense": 492000000,
    "depreciationAndAmortization": 287000000,
    "ebitda": 10573000000,
    "ebitdaratio": 0.2593328428,
    "operatingIncome": 10286000000,
    "operatingIncomeRatio": 0.252293353,
    "totalOtherIncomeExpensesNet": -27600000000,
    "incomeBeforeTax": 9794000000,
    "incomeBeforeTaxRatio": 0.2402256561,
    "incomeTaxExpense": 1269000000,
    "netIncome": 8525000000,
    "netIncomeRatio": 0.2090998283,
    "eps": 19.38,
    "epsdiluted": 19.27,
    "weightedAverageShsOut": 439968422,
    "weightedAverageShsOutDil": 443200000,
    "link": "https://www.sec.gov/Archives/edgar/data/896159/000089615922000005/0000896159-22-000005-index.htm",
    "finalLink": "https://www.sec.gov/Archives/edgar/data/896159/000089615922000005/cb-20211231.htm"
  },
  {
    "date": "2020-12-31",
    "symbol": "CB",
    "reportedCurrency": "USD",
    "cik": "0000896159",
    "fillingDate": "2021-02-25",
    "acceptedDate": "2021-02-25 16:51:27",
    "calendarYear": "2020",
    "period": "FY",
    "revenue": 36052000000,
    "costOfRevenue": 0,
    "grossProfit": 36052000000,
    "grossProfitRatio": 1,
    "researchAndDevelopmentExpenses": 0,
    "generalAndAdministrativeExpenses": 2979000000,
    "sellingAndMarketingExpenses": 0,
    "sellingGeneralAndAdministrativeExpenses": 2979000000,
    "otherExpenses": 28911000000,
    "operatingExpenses": 31890000000,
    "costAndExpenses": 31890000000,
    "interestIncome": 0,
    "interestExpense": 516000000,
    "depreciationAndAmortization": 290000000,
    "ebitda": 4968000000,
    "ebitdaratio": 0.1378009542,
    "operatingIncome": 4162000000,
    "operatingIncomeRatio": 0.1154443581,
    "totalOtherIncomeExpensesNet": 0,
    "incomeBeforeTax": 4162000000,
    "incomeBeforeTaxRatio": 0.1154443581,
    "incomeTaxExpense": 629000000,
    "netIncome": 3533000000,
    "netIncomeRatio": 0.0979973372,
    "eps": 7.82,
    "epsdiluted": 7.79,
    "weightedAverageShsOut": 451602820,
    "weightedAverageShsOutDil": 453441512,
    "link": "https://www.sec.gov/Archives/edgar/data/896159/000089615921000003/0000896159-21-000003-index.htm",
    "finalLink": "https://www.sec.gov/Archives/edgar/data/896159/000089615921000003/cb-20201231.htm"
  },
  {
    "date": "2019-12-31",
    "symbol": "CB",
    "reportedCurrency": "USD",
    "cik": "0000896159",
    "fillingDate": "2020-02-27",
    "acceptedDate": "2020-02-27 14:44:51",
    "calendarYear": "2019",
    "period": "FY",
    "revenue": 34230000000,
    "costOfRevenue": 0,
    "grossProfit": 34230000000,
    "grossProfitRatio": 1,
    "researchAndDevelopmentExpenses": 0,
    "generalAndAdministrativeExpenses": 3030000000,
    "sellingAndMarketingExpenses": 0,
    "sellingGeneralAndAdministrativeExpenses": 3030000000,
    "otherExpenses": 25951000000,
    "operatingExpenses": 28981000000,
    "costAndExpenses": 28981000000,
    "interestIncome": 0,
    "interestExpense": 552000000,
    "depreciationAndAmortization": 305000000,
    "ebitda": 6106000000,
    "ebitdaratio": 0.1783815367,
    "operatingIncome": 5249000000,
    "operatingIncomeRatio": 0.153345019,
    "totalOtherIncomeExpensesNet": 0,
    "incomeBeforeTax": 5249000000,
    "incomeBeforeTaxRatio": 0.153345019,
    "incomeTaxExpense": 795000000,
    "netIncome": 4454000000,
    "netIncomeRatio": 0.130119778,
    "eps": 9.77,
    "epsdiluted": 9.71,
    "weightedAverageShsOut": 455910463,
    "weightedAverageShsOutDil": 458914663,
    "link": "https://www.sec.gov/Archives/edgar/data/896159/000089615920000003/0000896159-20-000003-index.htm",
    "finalLink": "https://www.sec.gov/Archives/edgar/data/896159/000089615920000003/cb-12312019x10k.htm"
  },
  {
    "date": "2018-12-31",
    "symbol": "CB",
    "reportedCurrency": "USD",
    "cik": "0000896159",
    "fillingDate": "2019-02-28",
    "acceptedDate": "2019-02-28 17:28:33",
    "calendarYear": "2018",
    "period": "FY",
    "revenue": 32679000000,
    "costOfRevenue": 38000000,
    "grossProfit": 32679000000,
    "grossProfitRatio": 1,
    "researchAndDevelopmentExpenses": 0,
    "generalAndAdministrativeExpenses": 2886000000,
    "sellingAndMarketingExpenses": 0,
    "sellingGeneralAndAdministrativeExpenses": 2886000000,
    "otherExpenses": 25136000000,
    "operatingExpenses": 28022000000,
    "costAndExpenses": 28022000000,
    "interestIncome": 0,
    "interestExpense": 641000000,
    "depreciationAndAmortization": 339000000,
    "ebitda": 5637000000,
    "ebitdaratio": 0.1724960984,
    "operatingIncome": 4657000000,
    "operatingIncomeRatio": 0.1425074207,
    "totalOtherIncomeExpensesNet": 0,
    "incomeBeforeTax": 4657000000,
    "incomeBeforeTaxRatio": 0.1425074207,
    "incomeTaxExpense": 695000000,
    "netIncome": 3962000000,
    "netIncomeRatio": 0.12123994,
    "eps": 8.55,
    "epsdiluted": 8.49,
    "weightedAverageShsOut": 463629203,
    "weightedAverageShsOutDil": 466802348,
    "link": "https://www.sec.gov/Archives/edgar/data/896159/000089615919000005/0000896159-19-000005-index.htm",
    "finalLink": "https://www.sec.gov/Archives/edgar/data/896159/000089615919000005/cb-12312018x10k.htm"
  },
  {
    "date": "2017-12-31",
    "symbol": "CB",
    "reportedCurrency": "USD",
    "cik": "0000896159",
    "fillingDate": "2018-02-23",
    "acceptedDate": "2018-02-23 15:38:08",
    "calendarYear": "2017",
    "period": "FY",
    "revenue": 32340000000,
    "costOfRevenue": 0,
    "grossProfit": 32340000000,
    "grossProfitRatio": 1,
    "researchAndDevelopmentExpenses": 0,
    "generalAndAdministrativeExpenses": 2833000000,
    "sellingAndMarketingExpenses": 0,
    "sellingGeneralAndAdministrativeExpenses": 2833000000,
    "otherExpenses": 25785000000,
    "operatingExpenses": 28618000000,
    "costAndExpenses": 28618000000,
    "interestIncome": 0,
    "interestExpense": 607000000,
    "depreciationAndAmortization": 260000000,
    "ebitda": 4589000000,
    "ebitdaratio": 0.1418985776,
    "operatingIncome": 3722000000,
    "operatingIncomeRatio": 0.1150896722,
    "totalOtherIncomeExpensesNet": 0,
    "incomeBeforeTax": 3722000000,
    "incomeBeforeTaxRatio": 0.1150896722,
    "incomeTaxExpense": -139000000,
    "netIncome": 3861000000,
    "netIncomeRatio": 0.1193877551,
    "eps": 8.26,
    "epsdiluted": 8.19,
    "weightedAverageShsOut": 467145716,
    "weightedAverageShsOutDil": 471196901,
    "link": "https://www.sec.gov/Archives/edgar/data/896159/000089615918000002/0000896159-18-000002-index.htm",
    "finalLink": "https://www.sec.gov/Archives/edgar/data/896159/000089615918000002/cb-12312017x10k.htm"
  },
  {
    "date": "2016-12-31",
    "symbol": "CB",
    "reportedCurrency": "USD",
    "cik": "0000896159",
    "fillingDate": "2017-02-28",
    "acceptedDate": "2017-02-28 16:56:33",
    "calendarYear": "2016",
    "period": "FY",
    "revenue": 31480000000,
    "costOfRevenue": 0,
    "grossProfit": 31480000000,
    "grossProfitRatio": 1,
    "researchAndDevelopmentExpenses": 0,
    "generalAndAdministrativeExpenses": 3171000000,
    "sellingAndMarketingExpenses": 0,
    "sellingGeneralAndAdministrativeExpenses": 3081000000,
    "otherExpenses": 23449000000,
    "operatingExpenses": 26530000000,
    "costAndExpenses": 26530000000,
    "interestIncome": 0,
    "interestExpense": 605000000,
    "depreciationAndAmortization": 19000000,
    "ebitda": 5574000000,
    "ebitdaratio": 0.177064803,
    "operatingIncome": 4950000000,
    "operatingIncomeRatio": 0.1572426938,
    "totalOtherIncomeExpensesNet": 0,
    "incomeBeforeTax": 4950000000,
    "incomeBeforeTaxRatio": 0.1572426938,
    "incomeTaxExpense": 815000000,
    "netIncome": 4135000000,
    "netIncomeRatio": 0.1313532402,
    "eps": 8.94,
    "epsdiluted": 8.87,
    "weightedAverageShsOut": 462519789,
    "weightedAverageShsOutDil": 465949399,
    "link": "https://www.sec.gov/Archives/edgar/data/896159/000089615917000004/0000896159-17-000004-index.htm",
    "finalLink": "https://www.sec.gov/Archives/edgar/data/896159/000089615917000004/cb-12312016x10k.htm"
  },
  {
    "date": "2015-12-31",
    "symbol": "CB",
    "reportedCurrency": "USD",
    "cik": "0000896159",
    "fillingDate": "2016-02-26",
    "acceptedDate": "2016-02-26 17:40:22",
    "calendarYear": "2015",
    "period": "FY",
    "revenue": 18968000000,
    "costOfRevenue": 0,
    "grossProfit": 18968000000,
    "grossProfitRatio": 1,
    "researchAndDevelopmentExpenses": 0,
    "generalAndAdministrativeExpenses": 2270000000,
    "sellingAndMarketingExpenses": 0,
    "sellingGeneralAndAdministrativeExpenses": 2270000000,
    "otherExpenses": 13402000000,
    "operatingExpenses": 15672000000,
    "costAndExpenses": 15672000000,
    "interestIncome": 0,
    "interestExpense": 300000000,
    "depreciationAndAmortization": 171000000,
    "ebitda": 3767000000,
    "ebitdaratio": 0.1985976381,
    "operatingIncome": 3296000000,
    "operatingIncomeRatio": 0.1737663433,
    "totalOtherIncomeExpensesNet": 0,
    "incomeBeforeTax": 3296000000,
    "incomeBeforeTaxRatio": 0.1737663433,
    "incomeTaxExpense": 462000000,
    "netIncome": 2834000000,
    "netIncomeRatio": 0.1494095318,
    "eps": 8.71,
    "epsdiluted": 8.62,
    "weightedAverageShsOut": 325589361,
    "weightedAverageShsOutDil": 328835378,
    "link": "https://www.sec.gov/Archives/edgar/data/896159/000089615916000027/0000896159-16-000027-index.htm",
    "finalLink": "https://www.sec.gov/Archives/edgar/data/896159/000089615916000027/cb-1231201510k.htm"
  },
  {
    "date": "2014-12-31",
    "symbol": "CB",
    "reportedCurrency": "USD",
    "cik": "0000896159",
    "fillingDate": "2015-02-27",
    "acceptedDate": "2015-02-27 15:45:00",
    "calendarYear": "2014",
    "period": "FY",
    "revenue": 19173000000,
    "costOfRevenue": 0,
    "grossProfit": 19173000000,
    "grossProfitRatio": 1,
    "researchAndDevelopmentExpenses": 0,
    "generalAndAdministrativeExpenses": 2245000000,
    "sellingAndMarketingExpenses": 0,
    "sellingGeneralAndAdministrativeExpenses": 2245000000,
    "otherExpenses": 13441000000,
    "operatingExpenses": 15686000000,
    "costAndExpenses": 15686000000,
    "interestIncome": 0,
    "interestExpense": 280000000,
    "depreciationAndAmortization": 108000000,
    "ebitda": 3875000000,
    "ebitdaratio": 0.2021071298,
    "operatingIncome": 3487000000,
    "operatingIncomeRatio": 0.1818703385,
    "totalOtherIncomeExpensesNet": 0,
    "incomeBeforeTax": 3487000000,
    "incomeBeforeTaxRatio": 0.1818703385,
    "incomeTaxExpense": 634000000,
    "netIncome": 2853000000,
    "netIncomeRatio": 0.1488030042,
    "eps": 8.5,
    "epsdiluted": 8.42,
    "weightedAverageShsOut": 335609899,
    "weightedAverageShsOutDil": 338986287,
    "link": "https://www.sec.gov/Archives/edgar/data/896159/000089615915000006/0000896159-15-000006-index.htm",
    "finalLink": "https://www.sec.gov/Archives/edgar/data/896159/000089615915000006/ace-12312014x10k.htm"
  },
  {
    "date": "2013-12-31",
    "symbol": "CB",
    "reportedCurrency": "USD",
    "cik": "0000896159",
    "fillingDate": "2014-02-28",
    "acceptedDate": "2014-02-28 15:52:51",
    "calendarYear": "2013",
    "period": "FY",
    "revenue": 19277000000,
    "costOfRevenue": 0,
    "grossProfit": 19277000000,
    "grossProfitRatio": 1,
    "researchAndDevelopmentExpenses": 0,
    "generalAndAdministrativeExpenses": 2240000000,
    "sellingAndMarketingExpenses": 0,
    "sellingGeneralAndAdministrativeExpenses": 2211000000,
    "otherExpenses": 12828000000,
    "operatingExpenses": 15039000000,
    "costAndExpenses": 15039000000,
    "interestIncome": 0,
    "interestExpense": 275000000,
    "depreciationAndAmortization": 95000000,
    "ebitda": 4608000000,
    "ebitdaratio": 0.2390413446,
    "operatingIncome": 4238000000,
    "operatingIncomeRatio": 0.2198474866,
    "totalOtherIncomeExpensesNet": 0,
    "incomeBeforeTax": 4238000000,
    "incomeBeforeTaxRatio": 0.2198474866,
    "incomeTaxExpense": 480000000,
    "netIncome": 3758000000,
    "netIncomeRatio": 0.1949473466,
    "eps": 11.02,
    "epsdiluted": 10.92,
    "weightedAverageShsOut": 340906490,
    "weightedAverageShsOutDil": 344147575,
    "link": "https://www.sec.gov/Archives/edgar/data/896159/000089615914000003/0000896159-14-000003-index.htm",
    "finalLink": "https://www.sec.gov/Archives/edgar/data/896159/000089615914000003/ace-12312013x10k.htm"
  },
  {
    "date": "2012-12-31",
    "symbol": "CB",
    "reportedCurrency": "USD",
    "cik": "0000896159",
    "fillingDate": "2013-02-28",
    "acceptedDate": "2013-02-28 15:46:45",
    "calendarYear": "2012",
    "period": "FY",
    "revenue": 17965000000,
    "costOfRevenue": 0,
    "grossProfit": 17965000000,
    "grossProfitRatio": 1,
    "researchAndDevelopmentExpenses": 0,
    "generalAndAdministrativeExpenses": 2096000000,
    "sellingAndMarketingExpenses": 0,
    "sellingGeneralAndAdministrativeExpenses": 2096000000,
    "otherExpenses": 12893000000,
    "operatingExpenses": 14989000000,
    "costAndExpenses": 14989000000,
    "interestIncome": 0,
    "interestExpense": 250000000,
    "depreciationAndAmortization": 51000000,
    "ebitda": 3277000000,
    "ebitdaratio": 0.1824102421,
    "operatingIncome": 2976000000,
    "operatingIncomeRatio": 0.1656554411,
    "totalOtherIncomeExpensesNet": 0,
    "incomeBeforeTax": 2976000000,
    "incomeBeforeTaxRatio": 0.1656554411,
    "incomeTaxExpense": 270000000,
    "netIncome": 2706000000,
    "netIncomeRatio": 0.1506262176,
    "eps": 7.96,
    "epsdiluted": 7.89,
    "weightedAverageShsOut": 339843438,
    "weightedAverageShsOutDil": 342746950,
    "link": "https://www.sec.gov/Archives/edgar/data/896159/000089615913000003/0000896159-13-000003-index.htm",
    "finalLink": "https://www.sec.gov/Archives/edgar/data/896159/000089615913000003/ace-12312012x10k.htm"
  },
  {
    "date": "2011-12-31",
    "symbol": "CB",
    "reportedCurrency": "USD",
    "cik": "0000896159",
    "fillingDate": "2012-02-24",
    "acceptedDate": "2012-02-24 16:11:01",
    "calendarYear": "2011",
    "period": "FY",
    "revenue": 16798000000,
    "costOfRevenue": 0,
    "grossProfit": 16798000000,
    "grossProfitRatio": 1,
    "researchAndDevelopmentExpenses": 0,
    "generalAndAdministrativeExpenses": 2068000000,
    "sellingAndMarketingExpenses": 0,
    "sellingGeneralAndAdministrativeExpenses": 2068000000,
    "otherExpenses": 12688000000,
    "operatingExpenses": 14756000000,
    "costAndExpenses": 14756000000,
    "interestIncome": 0,
    "interestExpense": 250000000,
    "depreciationAndAmortization": 0,
    "ebitda": 2292000000,
    "ebitdaratio": 0.1364448149,
    "operatingIncome": 2042000000,
    "operatingIncomeRatio": 0.1215620907,
    "totalOtherIncomeExpensesNet": 0,
    "incomeBeforeTax": 2042000000,
    "incomeBeforeTaxRatio": 0.1215620907,
    "incomeTaxExpense": 502000000,
    "netIncome": 1540000000,
    "netIncomeRatio": 0.0916775807,
    "eps": 4.55,
    "epsdiluted": 4.52,
    "weightedAverageShsOut": 338159409,
    "weightedAverageShsOutDil": 340780224,
    "link": "https://www.sec.gov/Archives/edgar/data/896159/000119312512078111/0001193125-12-078111-index.htm",
    "finalLink": "https://www.sec.gov/Archives/edgar/data/896159/000119312512078111/d267038d10k.htm"
  },
  {
    "date": "2010-12-31",
    "symbol": "CB",
    "reportedCurrency": "USD",
    "cik": "0000896159",
    "fillingDate": "2011-02-25",
    "acceptedDate": "2011-02-25 16:30:11",
    "calendarYear": "2010",
    "period": "FY",
    "revenue": 16006000000,
    "costOfRevenue": 0,
    "grossProfit": 16006000000,
    "grossProfitRatio": 1,
    "researchAndDevelopmentExpenses": 0,
    "generalAndAdministrativeExpenses": 0,
    "sellingAndMarketingExpenses": 0,
    "sellingGeneralAndAdministrativeExpenses": 1858000000,
    "otherExpenses": 10481000000,
    "operatingExpenses": 12339000000,
    "costAndExpenses": 12339000000,
    "interestIncome": 0,
    "interestExpense": 238000000,
    "depreciationAndAmortization": 0,
    "ebitda": 3914000000,
    "ebitdaratio": 0.2445333,
    "operatingIncome": 3667000000,
    "operatingIncomeRatio": 0.2291015869,
    "totalOtherIncomeExpensesNet": 0,
    "incomeBeforeTax": 3667000000,
    "incomeBeforeTaxRatio": 0.2291015869,
    "incomeTaxExpense": 559000000,
    "netIncome": 3108000000,
    "netIncomeRatio": 0.1941771836,
    "eps": 9.15,
    "epsdiluted": 9.11,
    "weightedAverageShsOut": 339685143,
    "weightedAverageShsOutDil": 341246387,
    "link": "https://www.sec.gov/Archives/edgar/data/896159/000119312511047473/0001193125-11-047473-index.htm",
    "finalLink": "https://www.sec.gov/Archives/edgar/data/896159/000119312511047473/d10k.htm"
  },
  {
    "date": "2009-12-31",
    "symbol": "CB",
    "reportedCurrency": "USD",
    "cik": "0000896159",
    "fillingDate": "2010-02-25",
    "acceptedDate": "2010-02-25 15:44:09",
    "calendarYear": "2009",
    "period": "FY",
    "revenue": 15075000000,
    "costOfRevenue": 0,
    "grossProfit": 15075000000,
    "grossProfitRatio": 1,
    "researchAndDevelopmentExpenses": 0,
    "generalAndAdministrativeExpenses": 0,
    "sellingAndMarketingExpenses": 0,
    "sellingGeneralAndAdministrativeExpenses": 1811000000,
    "otherExpenses": 10187000000,
    "operatingExpenses": 11998000000,
    "costAndExpenses": 11998000000,
    "interestIncome": 0,
    "interestExpense": 225000000,
    "depreciationAndAmortization": 0,
    "ebitda": 3305000000,
    "ebitdaratio": 0.2192371476,
    "operatingIncome": 3077000000,
    "operatingIncomeRatio": 0.2041127695,
    "totalOtherIncomeExpensesNet": 0,
    "incomeBeforeTax": 3077000000,
    "incomeBeforeTaxRatio": 0.2041127695,
    "incomeTaxExpense": 528000000,
    "netIncome": 2549000000,
    "netIncomeRatio": 0.1690878939,
    "eps": 7.54,
    "epsdiluted": 7.54,
    "weightedAverageShsOut": 336501257,
    "weightedAverageShsOutDil": 337500000,
    "link": "https://www.sec.gov/Archives/edgar/data/896159/000119312510040605/0001193125-10-040605-index.htm",
    "finalLink": "https://www.sec.gov/Archives/edgar/data/896159/000119312510040605/d10k.htm"
  },
  {
    "date": "2008-12-31",
    "symbol": "CB",
    "reportedCurrency": "USD",
    "cik": "0000896159",
    "fillingDate": "2009-02-27",
    "acceptedDate": "2009-02-27 14:43:28",
    "calendarYear": "2008",
    "period": "FY",
    "revenue": 13632000000,
    "costOfRevenue": 0,
    "grossProfit": 13632000000,
    "grossProfitRatio": 1,
    "researchAndDevelopmentExpenses": 0,
    "generalAndAdministrativeExpenses": 0,
    "sellingAndMarketingExpenses": 0,
    "sellingGeneralAndAdministrativeExpenses": 1737000000,
    "otherExpenses": 10328000000,
    "operatingExpenses": 12065000000,
    "costAndExpenses": 12065000000,
    "interestIncome": 0,
    "interestExpense": 230000000,
    "depreciationAndAmortization": 0,
    "ebitda": 1808000000,
    "ebitdaratio": 0.132629108,
    "operatingIncome": 1567000000,
    "operatingIncomeRatio": 0.1149501174,
    "totalOtherIncomeExpensesNet": 0,
    "incomeBeforeTax": 1567000000,
    "incomeBeforeTaxRatio": 0.1149501174,
    "incomeTaxExpense": 370000000,
    "netIncome": 1197000000,
    "netIncomeRatio": 0.0878080986,
    "eps": 3.57,
    "epsdiluted": 3.52,
    "weightedAverageShsOut": 328264771,
    "weightedAverageShsOutDil": 332500000,
    "link": "https://www.sec.gov/Archives/edgar/data/896159/000119312509040758/0001193125-09-040758-index.htm",
    "finalLink": "https://www.sec.gov/Archives/edgar/data/896159/000119312509040758/d10k.htm"
  },
  {
    "date": "2007-12-31",
    "symbol": "CB",
    "reportedCurrency": "USD",
    "cik": "0000896159",
    "fillingDate": "2008-02-29",
    "acceptedDate": "2008-02-28 20:21:34",
    "calendarYear": "2007",
    "period": "FY",
    "revenue": 14154000000,
    "costOfRevenue": 0,
    "grossProfit": 14154000000,
    "grossProfitRatio": 1,
    "researchAndDevelopmentExpenses": 0,
    "generalAndAdministrativeExpenses": 1455000000,
    "sellingAndMarketingExpenses": 0,
    "sellingGeneralAndAdministrativeExpenses": 1455000000,
    "otherExpenses": 9546000000,
    "operatingExpenses": 11001000000,
    "costAndExpenses": 11001000000,
    "interestIncome": 0,
    "interestExpense": 175000000,
    "depreciationAndAmortization": -6000000,
    "ebitda": 3335000000,
    "ebitdaratio": 0.2356224389,
    "operatingIncome": 3153000000,
    "operatingIncomeRatio": 0.222763883,
    "totalOtherIncomeExpensesNet": 0,
    "incomeBeforeTax": 3153000000,
    "incomeBeforeTaxRatio": 0.222763883,
    "incomeTaxExpense": 575000000,
    "netIncome": 2578000000,
    "netIncomeRatio": 0.1821393246,
    "eps": 7.79,
    "epsdiluted": 7.66,
    "weightedAverageShsOut": 330447721,
    "weightedAverageShsOutDil": 336553525,
    "link": "https://www.sec.gov/Archives/edgar/data/896159/000119312508042242/0001193125-08-042242-index.htm",
    "finalLink": "https://www.sec.gov/Archives/edgar/data/896159/000119312508042242/d10k.htm"
  },
  {
    "date": "2006-12-31",
    "symbol": "CB",
    "reportedCurrency": "USD",
    "cik": "0000896159",
    "fillingDate": "2007-03-01",
    "acceptedDate": "2007-02-28 21:19:29",
    "calendarYear": "2006",
    "period": "FY",
    "revenue": 13328000000,
    "costOfRevenue": 0,
    "grossProfit": 13328000000,
    "grossProfitRatio": 1,
    "researchAndDevelopmentExpenses": 0,
    "generalAndAdministrativeExpenses": 1456000000,
    "sellingAndMarketingExpenses": 0,
    "sellingGeneralAndAdministrativeExpenses": 1456000000,
    "otherExpenses": 9049000000,
    "operatingExpenses": 10505000000,
    "costAndExpenses": 10505000000,
    "interestIncome": 0,
    "interestExpense": 176000000,
    "depreciationAndAmortization": 10000000,
    "ebitda": 3007000000,
    "ebitdaratio": 0.2256152461,
    "operatingIncome": 2823000000,
    "operatingIncomeRatio": 0.2118097239,
    "totalOtherIncomeExpensesNet": 0,
    "incomeBeforeTax": 2823000000,
    "incomeBeforeTaxRatio": 0.2118097239,
    "incomeTaxExpense": 522000000,
    "netIncome": 2305000000,
    "netIncomeRatio": 0.1729441777,
    "eps": 7.02,
    "epsdiluted": 6.91,
    "weightedAverageShsOut": 328347578,
    "weightedAverageShsOutDil": 333574530,
    "link": "https://www.sec.gov/Archives/edgar/data/896159/000119312507043123/0001193125-07-043123-index.htm",
    "finalLink": "https://www.sec.gov/Archives/edgar/data/896159/000119312507043123/d10k.htm"
  },
  {
    "date": "2005-12-31",
    "symbol": "CB",
    "reportedCurrency": "USD",
    "cik": "0000896159",
    "fillingDate": "2006-03-16",
    "acceptedDate": "2006-03-16 15:00:57",
    "calendarYear": "2005",
    "period": "FY",
    "revenue": 13088000000,
    "costOfRevenue": 0,
    "grossProfit": 13088000000,
    "grossProfitRatio": 1,
    "researchAndDevelopmentExpenses": 0,
    "generalAndAdministrativeExpenses": 1261000000,
    "sellingAndMarketingExpenses": 0,
    "sellingGeneralAndAdministrativeExpenses": 1261000000,
    "otherExpenses": 10526000000,
    "operatingExpenses": 11787000000,
    "costAndExpenses": 11787000000,
    "interestIncome": 0,
    "interestExpense": 174000000,
    "depreciationAndAmortization": 90000000,
    "ebitda": 1565000000,
    "ebitdaratio": 0.1195751834,
    "operatingIncome": 1301000000,
    "operatingIncomeRatio": 0.0994040342,
    "totalOtherIncomeExpensesNet": 0,
    "incomeBeforeTax": 1301000000,
    "incomeBeforeTaxRatio": 0.0994040342,
    "incomeTaxExpense": 273000000,
    "netIncome": 1028000000,
    "netIncomeRatio": 0.0785452323,
    "eps": 3.36,
    "epsdiluted": 3.31,
    "weightedAverageShsOut": 305952381,
    "weightedAverageShsOutDil": 310574018,
    "link": "https://www.sec.gov/Archives/edgar/data/896159/000119312506056531/0001193125-06-056531-index.htm",
    "finalLink": "https://www.sec.gov/Archives/edgar/data/896159/000119312506056531/d10k.htm"
  },
  {
    "date": "2004-12-31",
    "symbol": "CB",
    "reportedCurrency": "USD",
    "cik": "0000896159",
    "fillingDate": "2005-03-16",
    "acceptedDate": "2005-03-16 13:02:52",
    "calendarYear": "2004",
    "period": "FY",
    "revenue": 12320000000,
    "costOfRevenue": 0,
    "grossProfit": 12320000000,
    "grossProfitRatio": 1,
    "researchAndDevelopmentExpenses": 0,
    "generalAndAdministrativeExpenses": 1287599000,
    "sellingAndMarketingExpenses": 0,
    "sellingGeneralAndAdministrativeExpenses": 1265000000,
    "otherExpenses": 9616000000,
    "operatingExpenses": 10881000000,
    "costAndExpenses": 10881000000,
    "interestIncome": 0,
    "interestExpense": 183000000,
    "depreciationAndAmortization": 107156000,
    "ebitda": 1729000000,
    "ebitdaratio": 0.1403409091,
    "operatingIncome": 1439000000,
    "operatingIncomeRatio": 0.1168019481,
    "totalOtherIncomeExpensesNet": 0,
    "incomeBeforeTax": 1439000000,
    "incomeBeforeTaxRatio": 0.1168019481,
    "incomeTaxExpense": 286000000,
    "netIncome": 1153000000,
    "netIncomeRatio": 0.0935876623,
    "eps": 3.95,
    "epsdiluted": 3.88,
    "weightedAverageShsOut": 291898734,
    "weightedAverageShsOutDil": 297164948,
    "link": "https://www.sec.gov/Archives/edgar/data/896159/000119312505052345/0001193125-05-052345-index.htm",
    "finalLink": "https://www.sec.gov/Archives/edgar/data/896159/000119312505052345/d10k.htm"
  },
  {
    "date": "2003-12-31",
    "symbol": "CB",
    "reportedCurrency": "USD",
    "cik": "0000896159",
    "fillingDate": "2004-03-15",
    "acceptedDate": "2004-03-12 19:58:57",
    "calendarYear": "2003",
    "period": "FY",
    "revenue": 10689000000,
    "costOfRevenue": 0,
    "grossProfit": 10689000000,
    "grossProfitRatio": 1,
    "researchAndDevelopmentExpenses": 0,
    "generalAndAdministrativeExpenses": 1161071000,
    "sellingAndMarketingExpenses": 0,
    "sellingGeneralAndAdministrativeExpenses": 1161000000,
    "otherExpenses": 1534000000,
    "operatingExpenses": 2695000000,
    "costAndExpenses": 2695000000,
    "interestIncome": 0,
    "interestExpense": 177425000,
    "depreciationAndAmortization": 92000000,
    "ebitda": 269000000,
    "ebitdaratio": 0.0251660586,
    "operatingIncome": 7994000000,
    "operatingIncomeRatio": 0.7478716437,
    "totalOtherIncomeExpensesNet": -7994000000,
    "incomeBeforeTax": 0,
    "incomeBeforeTaxRatio": 0,
    "incomeTaxExpense": -311000000,
    "netIncome": 1482000000,
    "netIncomeRatio": 0.1386472074,
    "eps": 5.29,
    "epsdiluted": 5.25,
    "weightedAverageShsOut": 275602550,
    "weightedAverageShsOutDil": 282285714,
    "link": "https://www.sec.gov/Archives/edgar/data/896159/000119312504040912/0001193125-04-040912-index.htm",
    "finalLink": "https://www.sec.gov/Archives/edgar/data/896159/000119312504040912/d10k.htm"
  },
  {
    "date": "2002-12-31",
    "symbol": "CB",
    "reportedCurrency": "USD",
    "cik": "0000896159",
    "fillingDate": "2003-03-27",
    "acceptedDate": "2003-03-27 13:16:26",
    "calendarYear": "2002",
    "period": "FY",
    "revenue": 7123004000,
    "costOfRevenue": 0,
    "grossProfit": 7123004000,
    "grossProfitRatio": 1,
    "researchAndDevelopmentExpenses": 0,
    "generalAndAdministrativeExpenses": 943333000,
    "sellingAndMarketingExpenses": 0,
    "sellingGeneralAndAdministrativeExpenses": 943333000,
    "otherExpenses": 6127182000,
    "operatingExpenses": 7070515000,
    "costAndExpenses": 7070515000,
    "interestIncome": 0,
    "interestExpense": 193494000,
    "depreciationAndAmortization": 40230000,
    "ebitda": 233724000,
    "ebitdaratio": 0.0328125605,
    "operatingIncome": 52489000,
    "operatingIncomeRatio": 0.0073689415,
    "totalOtherIncomeExpensesNet": -52489000,
    "incomeBeforeTax": 0,
    "incomeBeforeTaxRatio": 0,
    "incomeTaxExpense": -115688000,
    "netIncome": 76549000,
    "netIncomeRatio": 0.0107467299,
    "eps": 0.29,
    "epsdiluted": 0.27,
    "weightedAverageShsOut": 281833333,
    "weightedAverageShsOutDil": 283514815,
    "link": "https://www.sec.gov/Archives/edgar/data/896159/000095013103001690/0000950131-03-001690-index.htm",
    "finalLink": "https://www.sec.gov/Archives/edgar/data/896159/000095013103001690/d10k.htm"
  },
  {
    "date": "2001-12-31",
    "symbol": "CB",
    "reportedCurrency": "USD",
    "cik": "0000896159",
    "fillingDate": "2002-03-18",
    "acceptedDate": "2002-03-18 00:00:00",
    "calendarYear": "2001",
    "period": "FY",
    "revenue": 6782000000,
    "costOfRevenue": 0,
    "grossProfit": 6782000000,
    "grossProfitRatio": 1,
    "researchAndDevelopmentExpenses": 0,
    "generalAndAdministrativeExpenses": 830003000,
    "sellingAndMarketingExpenses": 0,
    "sellingGeneralAndAdministrativeExpenses": 830455000,
    "otherExpenses": 5707664000,
    "operatingExpenses": 6538119000,
    "costAndExpenses": 6538119000,
    "interestIncome": 0,
    "interestExpense": 199182000,
    "depreciationAndAmortization": 77552000,
    "ebitda": 276552000,
    "ebitdaratio": 0.0407773518,
    "operatingIncome": 243881000,
    "operatingIncomeRatio": 0.0359600413,
    "totalOtherIncomeExpensesNet": -243881000,
    "incomeBeforeTax": 0,
    "incomeBeforeTaxRatio": 0,
    "incomeTaxExpense": -78674000,
    "netIncome": -181000000,
    "netIncomeRatio": -0.0266882925,
    "eps": -0.7,
    "epsdiluted": -0.78,
    "weightedAverageShsOut": 209433696,
    "weightedAverageShsOutDil": 232051282,
    "link": "https://www.sec.gov/Archives/edgar/data/896159/000095013102000922/0000950131-02-000922-index.htm",
    "finalLink": "https://www.sec.gov/Archives/edgar/data/896159/000095013102000922/d10k.txt"
  },
  {
    "date": "2000-12-31",
    "symbol": "CB",
    "reportedCurrency": "USD",
    "cik": "0000896159",
    "fillingDate": "2001-03-29",
    "acceptedDate": "2001-03-29 00:00:00",
    "calendarYear": "2000",
    "period": "FY",
    "revenue": 5266657000,
    "costOfRevenue": 0,
    "grossProfit": 5266657000,
    "grossProfitRatio": 1,
    "researchAndDevelopmentExpenses": 0,
    "generalAndAdministrativeExpenses": 742691000,
    "sellingAndMarketingExpenses": 0,
    "sellingGeneralAndAdministrativeExpenses": 742691000,
    "otherExpenses": 3887076000,
    "operatingExpenses": 4629767000,
    "costAndExpenses": 4629767000,
    "interestIncome": 0,
    "interestExpense": 221450000,
    "depreciationAndAmortization": 78820000,
    "ebitda": 937160000,
    "ebitdaratio": 0.1779420988,
    "operatingIncome": 636890000,
    "operatingIncomeRatio": 0.120928703,
    "totalOtherIncomeExpensesNet": 0,
    "incomeBeforeTax": 636890000,
    "incomeBeforeTaxRatio": 0.120928703,
    "incomeTaxExpense": 93908000,
    "netIncome": 542982000,
    "netIncomeRatio": 0.1030980373,
    "eps": 2.37,
    "epsdiluted": 2.31,
    "weightedAverageShsOut": 229106329,
    "weightedAverageShsOutDil": 235057143,
    "link": "https://www.sec.gov/Archives/edgar/data/896159/000095013101001644/0000950131-01-001644-index.htm",
    "finalLink": "https://www.sec.gov/Archives/edgar/data/896159/000095013101001644/0000950131-01-001644-0001.txt"
  },
  {
    "date": "1999-12-31",
    "symbol": "CB",
    "reportedCurrency": "USD",
    "cik": "0000896159",
    "fillingDate": "2000-03-29",
    "acceptedDate": "2000-03-29 00:00:00",
    "calendarYear": "1999",
    "period": "FY",
    "revenue": 3016990000,
    "costOfRevenue": 0,
    "grossProfit": 3016990000,
    "grossProfitRatio": 1,
    "researchAndDevelopmentExpenses": 0,
    "generalAndAdministrativeExpenses": 495236000,
    "sellingAndMarketingExpenses": 0,
    "sellingGeneralAndAdministrativeExpenses": 495236000,
    "otherExpenses": 2128107000,
    "operatingExpenses": 2623343000,
    "costAndExpenses": 2623343000,
    "interestIncome": 0,
    "interestExpense": 105138000,
    "depreciationAndAmortization": 45350000,
    "ebitda": 544135000,
    "ebitdaratio": 0.180356912,
    "operatingIncome": 393647000,
    "operatingIncomeRatio": 0.1304767334,
    "totalOtherIncomeExpensesNet": 0,
    "incomeBeforeTax": 393647000,
    "incomeBeforeTaxRatio": 0.1304767334,
    "incomeTaxExpense": 28684000,
    "netIncome": 364963000,
    "netIncomeRatio": 0.1209692442,
    "eps": 1.88,
    "epsdiluted": 1.85,
    "weightedAverageShsOut": 194129255,
    "weightedAverageShsOutDil": 197277297,
    "link": "https://www.sec.gov/Archives/edgar/data/896159/000095013100002158/0000950131-00-002158-index.html",
    "finalLink": "https://www.sec.gov/Archives/edgar/data/896159/000095013100002158/"
  },
  {
    "date": "1998-09-30",
    "symbol": "CB",
    "reportedCurrency": "USD",
    "cik": "0000896159",
    "fillingDate": "1998-12-18",
    "acceptedDate": "1998-12-18 00:00:00",
    "calendarYear": "1998",
    "period": "FY",
    "revenue": 1406900000,
    "costOfRevenue": 0,
    "grossProfit": 1406900000,
    "grossProfitRatio": 1,
    "researchAndDevelopmentExpenses": 0,
    "generalAndAdministrativeExpenses": 165912000,
    "sellingAndMarketingExpenses": 0,
    "sellingGeneralAndAdministrativeExpenses": 165900000,
    "otherExpenses": 131200000,
    "operatingExpenses": 297100000,
    "costAndExpenses": 297100000,
    "interestIncome": 0,
    "interestExpense": 25459000,
    "depreciationAndAmortization": -9696000,
    "ebitda": 15804000,
    "ebitdaratio": 0.0112332078,
    "operatingIncome": 1109800000,
    "operatingIncomeRatio": 0.788826498,
    "totalOtherIncomeExpensesNet": -1109800000,
    "incomeBeforeTax": 0,
    "incomeBeforeTaxRatio": 0,
    "incomeTaxExpense": 20000000,
    "netIncome": 560200000,
    "netIncomeRatio": 0.3981803966,
    "eps": 3.03,
    "epsdiluted": 2.96,
    "weightedAverageShsOut": 184884488,
    "weightedAverageShsOutDil": 189256757,
    "link": "https://www.sec.gov/Archives/edgar/data/896159/000095013198006565/0000950131-98-006565-index.html",
    "finalLink": "https://www.sec.gov/Archives/edgar/data/896159/0000950131-98-006565.txt"
  },
  {
    "date": "1997-09-30",
    "symbol": "CB",
    "reportedCurrency": "USD",
    "cik": "0000896159",
    "fillingDate": "1997-12-24",
    "acceptedDate": "1997-12-24 00:00:00",
    "calendarYear": "1997",
    "period": "FY",
    "revenue": 1186500000,
    "costOfRevenue": 0,
    "grossProfit": 1186500000,
    "grossProfitRatio": 1,
    "researchAndDevelopmentExpenses": 0,
    "generalAndAdministrativeExpenses": 66391000,
    "sellingAndMarketingExpenses": 0,
    "sellingGeneralAndAdministrativeExpenses": 67700000,
    "otherExpenses": 97500000,
    "operatingExpenses": 165200000,
    "costAndExpenses": 165200000,
    "interestIncome": 0,
    "interestExpense": 11700000,
    "depreciationAndAmortization": 1200000,
    "ebitda": 12900000,
    "ebitdaratio": 0.0108723135,
    "operatingIncome": 1021300000,
    "operatingIncomeRatio": 0.8607669617,
    "totalOtherIncomeExpensesNet": -1021300000,
    "incomeBeforeTax": 0,
    "incomeBeforeTaxRatio": 0,
    "incomeTaxExpense": 25200000,
    "netIncome": 502700000,
    "netIncomeRatio": 0.4236831016,
    "eps": 2.73,
    "epsdiluted": 2.69,
    "weightedAverageShsOut": 184139194,
    "weightedAverageShsOutDil": 186877323,
    "link": "https://www.sec.gov/Archives/edgar/data/896159/000095013197007441/0000950131-97-007441-index.html",
    "finalLink": "https://www.sec.gov/Archives/edgar/data/896159/0000950131-97-007441.txt"
  },
  {
    "date": "1996-09-30",
    "symbol": "CB",
    "reportedCurrency": "USD",
    "cik": "0000896159",
    "fillingDate": "1996-12-20",
    "acceptedDate": "1996-12-20 00:00:00",
    "calendarYear": "1996",
    "period": "FY",
    "revenue": 848900000,
    "costOfRevenue": 0,
    "grossProfit": 848900000,
    "grossProfitRatio": 1,
    "researchAndDevelopmentExpenses": 0,
    "generalAndAdministrativeExpenses": 41487000,
    "sellingAndMarketingExpenses": 0,
    "sellingGeneralAndAdministrativeExpenses": 41500000,
    "otherExpenses": 53000000,
    "operatingExpenses": 94500000,
    "costAndExpenses": 94500000,
    "interestIncome": 0,
    "interestExpense": 0,
    "depreciationAndAmortization": -7847000,
    "ebitda": 0,
    "ebitdaratio": 0,
    "operatingIncome": 754400000,
    "operatingIncomeRatio": 0.8886794675,
    "totalOtherIncomeExpensesNet": -754400000,
    "incomeBeforeTax": 0,
    "incomeBeforeTaxRatio": 0,
    "incomeTaxExpense": 0,
    "netIncome": 289700000,
    "netIncomeRatio": 0.3412651667,
    "eps": 2.73,
    "epsdiluted": 2.69,
    "weightedAverageShsOut": 139546042,
    "weightedAverageShsOutDil": 139546042,
    "link": "https://www.sec.gov/Archives/edgar/data/896159/000095013196006415/0000950131-96-006415-index.html",
    "finalLink": "https://www.sec.gov/Archives/edgar/data/896159/0000950131-96-006415.txt"
  },
  {
    "date": "1995-09-30",
    "symbol": "CB",
    "reportedCurrency": "USD",
    "cik": "0000896159",
    "fillingDate": "1995-09-30",
    "acceptedDate": "1995-09-30 00:00:00",
    "calendarYear": "1995",
    "period": "FY",
    "revenue": 660800000,
    "costOfRevenue": 0,
    "grossProfit": 660800000,
    "grossProfitRatio": 1,
    "researchAndDevelopmentExpenses": 0,
    "generalAndAdministrativeExpenses": 25900000,
    "sellingAndMarketingExpenses": 0,
    "sellingGeneralAndAdministrativeExpenses": 25900000,
    "otherExpenses": 46600000,
    "operatingExpenses": 72500000,
    "costAndExpenses": 72500000,
    "interestIncome": 0,
    "interestExpense": 0,
    "depreciationAndAmortization": -12600000,
    "ebitda": 0,
    "ebitdaratio": 0,
    "operatingIncome": 588300000,
    "operatingIncomeRatio": 0.8902845036,
    "totalOtherIncomeExpensesNet": -588300000,
    "incomeBeforeTax": 0,
    "incomeBeforeTaxRatio": 0,
    "incomeTaxExpense": 0,
    "netIncome": 237600000,
    "netIncomeRatio": 0.3595641646,
    "eps": 2.02,
    "epsdiluted": 2,
    "weightedAverageShsOut": 117623762,
    "weightedAverageShsOutDil": 118800000,
    "link": null,
    "finalLink": null
  },
  {
    "date": "1994-09-30",
    "symbol": "CB",
    "reportedCurrency": "USD",
    "cik": "0000896159",
    "fillingDate": "1994-09-30",
    "acceptedDate": "1994-09-30 00:00:00",
    "calendarYear": "1994",
    "period": "FY",
    "revenue": 537500000,
    "costOfRevenue": 0,
    "grossProfit": 537500000,
    "grossProfitRatio": 1,
    "researchAndDevelopmentExpenses": 0,
    "generalAndAdministrativeExpenses": 16800000,
    "sellingAndMarketingExpenses": 0,
    "sellingGeneralAndAdministrativeExpenses": 16800000,
    "otherExpenses": 45800000,
    "operatingExpenses": 62600000,
    "costAndExpenses": 62600000,
    "interestIncome": 0,
    "interestExpense": 0,
    "depreciationAndAmortization": 5400000,
    "ebitda": 0,
    "ebitdaratio": 0,
    "operatingIncome": 474900000,
    "operatingIncomeRatio": 0.8835348837,
    "totalOtherIncomeExpensesNet": -474900000,
    "incomeBeforeTax": 0,
    "incomeBeforeTaxRatio": 0,
    "incomeTaxExpense": 0,
    "netIncome": -45700000,
    "netIncomeRatio": -0.0850232558,
    "eps": -0.32,
    "epsdiluted": -0.32,
    "weightedAverageShsOut": 142812500,
    "weightedAverageShsOutDil": 142812500,
    "link": null,
    "finalLink": null
  },
  {
    "date": "1993-09-30",
    "symbol": "CB",
    "reportedCurrency": "USD",
    "cik": "0000896159",
    "fillingDate": "1993-09-30",
    "acceptedDate": "1993-09-30 00:00:00",
    "calendarYear": "1993",
    "period": "FY",
    "revenue": 537900000,
    "costOfRevenue": 0,
    "grossProfit": 537900000,
    "grossProfitRatio": 1,
    "researchAndDevelopmentExpenses": 0,
    "generalAndAdministrativeExpenses": 13000000,
    "sellingAndMarketingExpenses": 0,
    "sellingGeneralAndAdministrativeExpenses": 13000000,
    "otherExpenses": 39200000,
    "operatingExpenses": 52200000,
    "costAndExpenses": 52200000,
    "interestIncome": 0,
    "interestExpense": 0,
    "depreciationAndAmortization": 0,
    "ebitda": 5200000,
    "ebitdaratio": 0.0096672244,
    "operatingIncome": 485700000,
    "operatingIncomeRatio": 0.9029559398,
    "totalOtherIncomeExpensesNet": -485700000,
    "incomeBeforeTax": 0,
    "incomeBeforeTaxRatio": 0,
    "incomeTaxExpense": 0,
    "netIncome": 223500000,
    "netIncomeRatio": 0.4155047407,
    "eps": 1.83,
    "epsdiluted": 1.83,
    "weightedAverageShsOut": 122131148,
    "weightedAverageShsOutDil": 122131148,
    "link": null,
    "finalLink": null
  },
  {
    "date": "1992-09-30",
    "symbol": "CB",
    "reportedCurrency": "USD",
    "cik": "0000896159",
    "fillingDate": "1992-09-30",
    "acceptedDate": "1992-09-30 00:00:00",
    "calendarYear": "1992",
    "period": "FY",
    "revenue": 519800000,
    "costOfRevenue": 0,
    "grossProfit": 519800000,
    "grossProfitRatio": 1,
    "researchAndDevelopmentExpenses": 0,
    "generalAndAdministrativeExpenses": 11100000,
    "sellingAndMarketingExpenses": 0,
    "sellingGeneralAndAdministrativeExpenses": 11100000,
    "otherExpenses": 35000000,
    "operatingExpenses": 46100000,
    "costAndExpenses": 46100000,
    "interestIncome": 0,
    "interestExpense": 0,
    "depreciationAndAmortization": 0,
    "ebitda": -235300000,
    "ebitdaratio": -0.4526741054,
    "operatingIncome": 473700000,
    "operatingIncomeRatio": 0.9113120431,
    "totalOtherIncomeExpensesNet": -473700000,
    "incomeBeforeTax": 0,
    "incomeBeforeTaxRatio": 0,
    "incomeTaxExpense": 0,
    "netIncome": 10500000,
    "netIncomeRatio": 0.020200077,
    "eps": 0.1,
    "epsdiluted": 0.1,
    "weightedAverageShsOut": 105000000,
    "weightedAverageShsOutDil": 105000000,
    "link": null,
    "finalLink": null
  }
]