[
  {
    "date": "2025-06-30",
    "symbol": "CBOE",
    "reportedCurrency": "USD",
    "cik": "0001374310",
    "fillingDate": "2025-08-01",
    "acceptedDate": "2025-08-01 08:16:53",
    "calendarYear": "2025",
    "period": "Q2",
    "revenue": 1173500000,
    "costOfRevenue": 616100000,
    "grossProfit": 557400000,
    "grossProfitRatio": 0.4749893481,
    "researchAndDevelopmentExpenses": 0,
    "generalAndAdministrativeExpenses": 24800000,
    "sellingAndMarketingExpenses": 0,
    "sellingGeneralAndAdministrativeExpenses": 24800000,
    "otherExpenses": 0,
    "operatingExpenses": 186000000,
    "costAndExpenses": 817300000,
    "interestIncome": 11300000,
    "interestExpense": 12900000,
    "depreciationAndAmortization": 29900000,
    "ebitda": 386100000,
    "ebitdaratio": 0.3290157648,
    "operatingIncome": 356200000,
    "operatingIncomeRatio": 0.3035364295,
    "totalOtherIncomeExpensesNet": -21600000,
    "incomeBeforeTax": 334600000,
    "incomeBeforeTaxRatio": 0.2851299531,
    "incomeTaxExpense": 99500000,
    "netIncome": 233900000,
    "netIncomeRatio": 0.1993182787,
    "eps": 2.234,
    "epsdiluted": 2.2276,
    "weightedAverageShsOut": 104700000,
    "weightedAverageShsOutDil": 105000000,
    "link": "https://www.sec.gov/Archives/edgar/data/1374310/000162828025037149/0001628280-25-037149-index.htm",
    "finalLink": "https://www.sec.gov/Archives/edgar/data/1374310/000162828025037149/cboe-20250630.htm"
  },
  {
    "date": "2025-03-31",
    "symbol": "CBOE",
    "reportedCurrency": "USD",
    "cik": "0001374310",
    "fillingDate": "2025-05-02",
    "acceptedDate": "2025-05-02 08:18:58",
    "calendarYear": "2025",
    "period": "Q1",
    "revenue": 1195000000,
    "costOfRevenue": 62300000,
    "grossProfit": 1132700000,
    "grossProfitRatio": 0.9478661088,
    "researchAndDevelopmentExpenses": 0,
    "generalAndAdministrativeExpenses": 20800000,
    "sellingAndMarketingExpenses": 0,
    "sellingGeneralAndAdministrativeExpenses": 20800000,
    "otherExpenses": 128200000,
    "operatingExpenses": 149000000,
    "costAndExpenses": 211300000,
    "interestIncome": 8400000,
    "interestExpense": 12800000,
    "depreciationAndAmortization": 30300000,
    "ebitda": 393300000,
    "ebitdaratio": 0.3291213389,
    "operatingIncome": 353900000,
    "operatingIncomeRatio": 0.2961506276,
    "totalOtherIncomeExpensesNet": -3700000,
    "incomeBeforeTax": 350200000,
    "incomeBeforeTaxRatio": 0.2930543933,
    "incomeTaxExpense": 99600000,
    "netIncome": 250600000,
    "netIncomeRatio": 0.209707113,
    "eps": 2.38,
    "epsdiluted": 2.37,
    "weightedAverageShsOut": 104700000,
    "weightedAverageShsOutDil": 105100000,
    "link": "https://www.sec.gov/Archives/edgar/data/1374310/000162828025021680/0001628280-25-021680-index.htm",
    "finalLink": "https://www.sec.gov/Archives/edgar/data/1374310/000162828025021680/cboe-20250331.htm"
  },
  {
    "date": "2024-12-31",
    "symbol": "CBOE",
    "reportedCurrency": "USD",
    "cik": "0001374310",
    "fillingDate": "2025-02-21",
    "acceptedDate": "2025-02-21 08:17:47",
    "calendarYear": "2024",
    "period": "Q4",
    "revenue": 1107600000,
    "costOfRevenue": 695000000,
    "grossProfit": 412600000,
    "grossProfitRatio": 0.3725171542,
    "researchAndDevelopmentExpenses": 0,
    "generalAndAdministrativeExpenses": 137500000,
    "sellingAndMarketingExpenses": 16400000,
    "sellingGeneralAndAdministrativeExpenses": 188500000,
    "otherExpenses": -39800000,
    "operatingExpenses": 114100000,
    "costAndExpenses": 809100000,
    "interestIncome": 7200000,
    "interestExpense": 12900000,
    "depreciationAndAmortization": 32100000,
    "ebitda": 330700000,
    "ebitdaratio": 0.2985734922,
    "operatingIncome": 298500000,
    "operatingIncomeRatio": 0.2695016251,
    "totalOtherIncomeExpensesNet": -18800000,
    "incomeBeforeTax": 279700000,
    "incomeBeforeTaxRatio": 0.2525279884,
    "incomeTaxExpense": 83200000,
    "netIncome": 196500000,
    "netIncomeRatio": 0.1774106176,
    "eps": 1.87,
    "epsdiluted": 1.86,
    "weightedAverageShsOut": 104800000,
    "weightedAverageShsOutDil": 105100000,
    "link": "https://www.sec.gov/Archives/edgar/data/1374310/000162828025006984/0001628280-25-006984-index.htm",
    "finalLink": "https://www.sec.gov/Archives/edgar/data/1374310/000162828025006984/cboe-20241231.htm"
  },
  {
    "date": "2024-09-30",
    "symbol": "CBOE",
    "reportedCurrency": "USD",
    "cik": "0001374310",
    "fillingDate": "2024-11-01",
    "acceptedDate": "2024-11-01 08:15:19",
    "calendarYear": "2024",
    "period": "Q3",
    "revenue": 1055700000,
    "costOfRevenue": 642800000,
    "grossProfit": 412900000,
    "grossProfitRatio": 0.3911149001,
    "researchAndDevelopmentExpenses": 0,
    "generalAndAdministrativeExpenses": 141000000,
    "sellingAndMarketingExpenses": 12600000,
    "sellingGeneralAndAdministrativeExpenses": 21900000,
    "otherExpenses": 71000000,
    "operatingExpenses": 105500000,
    "costAndExpenses": 748300000,
    "interestIncome": 11400000,
    "interestExpense": 12800000,
    "depreciationAndAmortization": 31800000,
    "ebitda": 353600000,
    "ebitdaratio": 0.3349436393,
    "operatingIncome": 307400000,
    "operatingIncomeRatio": 0.2911812068,
    "totalOtherIncomeExpensesNet": 1600000,
    "incomeBeforeTax": 309000000,
    "incomeBeforeTaxRatio": 0.2926967889,
    "incomeTaxExpense": 90500000,
    "netIncome": 217400000,
    "netIncomeRatio": 0.2059297149,
    "eps": 2.08,
    "epsdiluted": 2.07,
    "weightedAverageShsOut": 104700000,
    "weightedAverageShsOutDil": 105100000,
    "link": "https://www.sec.gov/Archives/edgar/data/1374310/000162828024044657/0001628280-24-044657-index.htm",
    "finalLink": "https://www.sec.gov/Archives/edgar/data/1374310/000162828024044657/cboe-20240930.htm"
  },
  {
    "date": "2024-06-30",
    "symbol": "CBOE",
    "reportedCurrency": "USD",
    "cik": "0001374310",
    "fillingDate": "2024-08-02",
    "acceptedDate": "2024-08-02 08:17:02",
    "calendarYear": "2024",
    "period": "Q2",
    "revenue": 974000000,
    "costOfRevenue": 492000000,
    "grossProfit": 482000000,
    "grossProfitRatio": 0.4948665298,
    "researchAndDevelopmentExpenses": 0,
    "generalAndAdministrativeExpenses": 141900000,
    "sellingAndMarketingExpenses": 9300000,
    "sellingGeneralAndAdministrativeExpenses": 151200000,
    "otherExpenses": -13100000,
    "operatingExpenses": 222100000,
    "costAndExpenses": 682300000,
    "interestIncome": 4600000,
    "interestExpense": 12800000,
    "depreciationAndAmortization": 31800000,
    "ebitda": 323500000,
    "ebitdaratio": 0.3321355236,
    "operatingIncome": 291700000,
    "operatingIncomeRatio": 0.299486653,
    "totalOtherIncomeExpensesNet": -7100000,
    "incomeBeforeTax": 203000000,
    "incomeBeforeTaxRatio": 0.2084188912,
    "incomeTaxExpense": 62600000,
    "netIncome": 140400000,
    "netIncomeRatio": 0.1441478439,
    "eps": 1.33,
    "epsdiluted": 1.33,
    "weightedAverageShsOut": 105900000,
    "weightedAverageShsOutDil": 105900000,
    "link": "https://www.sec.gov/Archives/edgar/data/1374310/000155837024010654/0001558370-24-010654-index.htm",
    "finalLink": "https://www.sec.gov/Archives/edgar/data/1374310/000155837024010654/cboe-20240630x10q.htm"
  },
  {
    "date": "2024-03-31",
    "symbol": "CBOE",
    "reportedCurrency": "USD",
    "cik": "0001374310",
    "fillingDate": "2024-05-03",
    "acceptedDate": "2024-05-03 08:15:51",
    "calendarYear": "2024",
    "period": "Q1",
    "revenue": 957200000,
    "costOfRevenue": 492400000,
    "grossProfit": 464800000,
    "grossProfitRatio": 0.4855829503,
    "researchAndDevelopmentExpenses": 0,
    "generalAndAdministrativeExpenses": 28000000,
    "sellingAndMarketingExpenses": 7500000,
    "sellingGeneralAndAdministrativeExpenses": 35500000,
    "otherExpenses": -181800000,
    "operatingExpenses": 181800000,
    "costAndExpenses": 674200000,
    "interestIncome": 4100000,
    "interestExpense": 13000000,
    "depreciationAndAmortization": 37300000,
    "ebitda": 320300000,
    "ebitdaratio": 0.3346218136,
    "operatingIncome": 283000000,
    "operatingIncomeRatio": 0.2956539908,
    "totalOtherIncomeExpensesNet": 9700000,
    "incomeBeforeTax": 292100000,
    "incomeBeforeTaxRatio": 0.3051608859,
    "incomeTaxExpense": 82600000,
    "netIncome": 209500000,
    "netIncomeRatio": 0.2188675303,
    "eps": 1.97,
    "epsdiluted": 1.96,
    "weightedAverageShsOut": 105900000,
    "weightedAverageShsOutDil": 105900000,
    "link": "https://www.sec.gov/Archives/edgar/data/1374310/000155837024006597/0001558370-24-006597-index.htm",
    "finalLink": "https://www.sec.gov/Archives/edgar/data/1374310/000155837024006597/cboe-20240331x10q.htm"
  },
  {
    "date": "2023-12-31",
    "symbol": "CBOE",
    "reportedCurrency": "USD",
    "cik": "0001374310",
    "fillingDate": "2024-02-16",
    "acceptedDate": "2024-02-16 08:31:03",
    "calendarYear": "2023",
    "period": "Q4",
    "revenue": 968700000,
    "costOfRevenue": 507700000,
    "grossProfit": 461000000,
    "grossProfitRatio": 0.4758955301,
    "researchAndDevelopmentExpenses": 0,
    "generalAndAdministrativeExpenses": 23300000,
    "sellingAndMarketingExpenses": 9000000,
    "sellingGeneralAndAdministrativeExpenses": 32300000,
    "otherExpenses": -167500000,
    "operatingExpenses": 167500000,
    "costAndExpenses": 675200000,
    "interestIncome": 3700000,
    "interestExpense": 13200000,
    "depreciationAndAmortization": 38000000,
    "ebitda": 331500000,
    "ebitdaratio": 0.3422112109,
    "operatingIncome": 293500000,
    "operatingIncomeRatio": 0.3029833798,
    "totalOtherIncomeExpensesNet": -6500000,
    "incomeBeforeTax": 287500000,
    "incomeBeforeTaxRatio": 0.2967895117,
    "incomeTaxExpense": 75500000,
    "netIncome": 212000000,
    "netIncomeRatio": 0.2188500052,
    "eps": 1.99,
    "epsdiluted": 1.98,
    "weightedAverageShsOut": 105900000,
    "weightedAverageShsOutDil": 105900000,
    "link": "https://www.sec.gov/Archives/edgar/data/1374310/000155837024001277/0001558370-24-001277-index.htm",
    "finalLink": "https://www.sec.gov/Archives/edgar/data/1374310/000155837024001277/cboe-20231231x10k.htm"
  },
  {
    "date": "2023-09-30",
    "symbol": "CBOE",
    "reportedCurrency": "USD",
    "cik": "0001374310",
    "fillingDate": "2023-11-03",
    "acceptedDate": "2023-11-03 08:16:17",
    "calendarYear": "2023",
    "period": "Q3",
    "revenue": 908800000,
    "costOfRevenue": 428300000,
    "grossProfit": 480500000,
    "grossProfitRatio": 0.5287191901,
    "researchAndDevelopmentExpenses": 0,
    "generalAndAdministrativeExpenses": 24400000,
    "sellingAndMarketingExpenses": 8900000,
    "sellingGeneralAndAdministrativeExpenses": 33300000,
    "otherExpenses": 10800000,
    "operatingExpenses": 112400000,
    "costAndExpenses": -219800000,
    "interestIncome": 3500000,
    "interestExpense": 15400000,
    "depreciationAndAmortization": 38800000,
    "ebitda": 310800000,
    "ebitdaratio": 0.3419894366,
    "operatingIncome": 271200000,
    "operatingIncomeRatio": 0.298415493,
    "totalOtherIncomeExpensesNet": -1100000,
    "incomeBeforeTax": 270100000,
    "incomeBeforeTaxRatio": 0.2972051056,
    "incomeTaxExpense": 61900000,
    "netIncome": 208200000,
    "netIncomeRatio": 0.2290933099,
    "eps": 1.96,
    "epsdiluted": 1.95,
    "weightedAverageShsOut": 105900000,
    "weightedAverageShsOutDil": 105900000,
    "link": "https://www.sec.gov/Archives/edgar/data/1374310/000155837023017503/0001558370-23-017503-index.htm",
    "finalLink": "https://www.sec.gov/Archives/edgar/data/1374310/000155837023017503/cboe-20230930x10q.htm"
  },
  {
    "date": "2023-06-30",
    "symbol": "CBOE",
    "reportedCurrency": "USD",
    "cik": "0001374310",
    "fillingDate": "2023-08-04",
    "acceptedDate": "2023-08-04 08:16:03",
    "calendarYear": "2023",
    "period": "Q2",
    "revenue": 907800000,
    "costOfRevenue": 440700000,
    "grossProfit": 467100000,
    "grossProfitRatio": 0.5145406477,
    "researchAndDevelopmentExpenses": 0,
    "generalAndAdministrativeExpenses": 126900000,
    "sellingAndMarketingExpenses": 13500000,
    "sellingGeneralAndAdministrativeExpenses": 140400000,
    "otherExpenses": 10900000,
    "operatingExpenses": 221600000,
    "costAndExpenses": 662300000,
    "interestIncome": 2800000,
    "interestExpense": 16700000,
    "depreciationAndAmortization": 39800000,
    "ebitda": 285300000,
    "ebitdaratio": 0.3142762723,
    "operatingIncome": 244800000,
    "operatingIncomeRatio": 0.2696629213,
    "totalOtherIncomeExpensesNet": -3000000,
    "incomeBeforeTax": 241800000,
    "incomeBeforeTaxRatio": 0.2663582287,
    "incomeTaxExpense": 74000000,
    "netIncome": 167800000,
    "netIncomeRatio": 0.1848424763,
    "eps": 1.58,
    "epsdiluted": 1.57,
    "weightedAverageShsOut": 105900000,
    "weightedAverageShsOutDil": 105900000,
    "link": "https://www.sec.gov/Archives/edgar/data/1374310/000155837023013313/0001558370-23-013313-index.htm",
    "finalLink": "https://www.sec.gov/Archives/edgar/data/1374310/000155837023013313/cboe-20230630x10q.htm"
  },
  {
    "date": "2023-03-31",
    "symbol": "CBOE",
    "reportedCurrency": "USD",
    "cik": "0001374310",
    "fillingDate": "2023-05-05",
    "acceptedDate": "2023-05-05 08:18:04",
    "calendarYear": "2023",
    "period": "Q1",
    "revenue": 988200000,
    "costOfRevenue": 516800000,
    "grossProfit": 471400000,
    "grossProfitRatio": 0.4770289415,
    "researchAndDevelopmentExpenses": 0,
    "generalAndAdministrativeExpenses": 141900000,
    "sellingAndMarketingExpenses": 6200000,
    "sellingGeneralAndAdministrativeExpenses": 148100000,
    "otherExpenses": 82800000,
    "operatingExpenses": 217100000,
    "costAndExpenses": 733900000,
    "interestIncome": 2000000,
    "interestExpense": 17100000,
    "depreciationAndAmortization": 41400000,
    "ebitda": 295700000,
    "ebitdaratio": 0.2992309249,
    "operatingIncome": 247900000,
    "operatingIncomeRatio": 0.2508601498,
    "totalOtherIncomeExpensesNet": 300000,
    "incomeBeforeTax": 248200000,
    "incomeBeforeTaxRatio": 0.251163732,
    "incomeTaxExpense": 74800000,
    "netIncome": 173400000,
    "netIncomeRatio": 0.1754705525,
    "eps": 1.63,
    "epsdiluted": 1.63,
    "weightedAverageShsOut": 105900000,
    "weightedAverageShsOutDil": 106200000,
    "link": "https://www.sec.gov/Archives/edgar/data/1374310/000155837023008202/0001558370-23-008202-index.htm",
    "finalLink": "https://www.sec.gov/Archives/edgar/data/1374310/000155837023008202/cboe-20230331x10q.htm"
  },
  {
    "date": "2022-12-31",
    "symbol": "CBOE",
    "reportedCurrency": "USD",
    "cik": "0001374310",
    "fillingDate": "2023-02-17",
    "acceptedDate": "2023-02-17 08:31:17",
    "calendarYear": "2022",
    "period": "Q4",
    "revenue": 1004700000,
    "costOfRevenue": 547600000,
    "grossProfit": 457100000,
    "grossProfitRatio": 0.4549616801,
    "researchAndDevelopmentExpenses": 0,
    "generalAndAdministrativeExpenses": 148900000,
    "sellingAndMarketingExpenses": 0,
    "sellingGeneralAndAdministrativeExpenses": 148900000,
    "otherExpenses": 55700000,
    "operatingExpenses": 204600000,
    "costAndExpenses": 752200000,
    "interestIncome": 1400000,
    "interestExpense": 17100000,
    "depreciationAndAmortization": 44700000,
    "ebitda": 297200000,
    "ebitdaratio": 0.2958096944,
    "operatingIncome": 250500000,
    "operatingIncomeRatio": 0.2493281577,
    "totalOtherIncomeExpensesNet": -14700000,
    "incomeBeforeTax": 235800000,
    "incomeBeforeTaxRatio": 0.2346969245,
    "incomeTaxExpense": 76100000,
    "netIncome": 159700000,
    "netIncomeRatio": 0.1589529213,
    "eps": 1.5,
    "epsdiluted": 1.49,
    "weightedAverageShsOut": 106200000,
    "weightedAverageShsOutDil": 106500000,
    "link": "https://www.sec.gov/Archives/edgar/data/1374310/000155837023001489/0001558370-23-001489-index.htm",
    "finalLink": "https://www.sec.gov/Archives/edgar/data/1374310/000155837023001489/cboe-20221231x10k.htm"
  },
  {
    "date": "2022-09-30",
    "symbol": "CBOE",
    "reportedCurrency": "USD",
    "cik": "0001374310",
    "fillingDate": "2022-11-04",
    "acceptedDate": "2022-11-04 08:16:03",
    "calendarYear": "2022",
    "period": "Q3",
    "revenue": 993500000,
    "costOfRevenue": 551100000,
    "grossProfit": 442400000,
    "grossProfitRatio": 0.4452944137,
    "researchAndDevelopmentExpenses": 0,
    "generalAndAdministrativeExpenses": 122400000,
    "sellingAndMarketingExpenses": 6100000,
    "sellingGeneralAndAdministrativeExpenses": 128500000,
    "otherExpenses": 55600000,
    "operatingExpenses": 203200000,
    "costAndExpenses": 754300000,
    "interestIncome": 800000,
    "interestExpense": 16100000,
    "depreciationAndAmortization": 41000000,
    "ebitda": 280200000,
    "ebitdaratio": 0.2820332159,
    "operatingIncome": 236800000,
    "operatingIncomeRatio": 0.2383492703,
    "totalOtherIncomeExpensesNet": -7800000,
    "incomeBeforeTax": 229000000,
    "incomeBeforeTaxRatio": 0.2304982386,
    "incomeTaxExpense": 78800000,
    "netIncome": 149600000,
    "netIncomeRatio": 0.150578762,
    "eps": 1.41,
    "epsdiluted": 1.41,
    "weightedAverageShsOut": 106200000,
    "weightedAverageShsOutDil": 106400000,
    "link": "https://www.sec.gov/Archives/edgar/data/1374310/000155837022016342/0001558370-22-016342-index.htm",
    "finalLink": "https://www.sec.gov/Archives/edgar/data/1374310/000155837022016342/cboe-20220930x10q.htm"
  },
  {
    "date": "2022-06-30",
    "symbol": "CBOE",
    "reportedCurrency": "USD",
    "cik": "0001374310",
    "fillingDate": "2022-07-29",
    "acceptedDate": "2022-07-29 08:16:32",
    "calendarYear": "2022",
    "period": "Q2",
    "revenue": 985800000,
    "costOfRevenue": 561700000,
    "grossProfit": 424100000,
    "grossProfitRatio": 0.4302089673,
    "researchAndDevelopmentExpenses": 0,
    "generalAndAdministrativeExpenses": 110300000,
    "sellingAndMarketingExpenses": 0,
    "sellingGeneralAndAdministrativeExpenses": 110300000,
    "otherExpenses": -4800000,
    "operatingExpenses": 187100000,
    "costAndExpenses": 748800000,
    "interestIncome": 500000,
    "interestExpense": 15100000,
    "depreciationAndAmortization": 40200000,
    "ebitda": -231200000,
    "ebitdaratio": -0.2345303307,
    "operatingIncome": -237400000,
    "operatingIncomeRatio": -0.2408196389,
    "totalOtherIncomeExpensesNet": -19400000,
    "incomeBeforeTax": -256800000,
    "incomeBeforeTaxRatio": -0.260499087,
    "incomeTaxExpense": -72300000,
    "netIncome": -184500000,
    "netIncomeRatio": -0.1871576385,
    "eps": -1.74,
    "epsdiluted": -1.74,
    "weightedAverageShsOut": 106300000,
    "weightedAverageShsOutDil": 106300000,
    "link": "https://www.sec.gov/Archives/edgar/data/1374310/000155837022011344/0001558370-22-011344-index.htm",
    "finalLink": "https://www.sec.gov/Archives/edgar/data/1374310/000155837022011344/cboe-20220630x10q.htm"
  },
  {
    "date": "2022-03-31",
    "symbol": "CBOE",
    "reportedCurrency": "USD",
    "cik": "0001374310",
    "fillingDate": "2022-04-29",
    "acceptedDate": "2022-04-29 08:17:27",
    "calendarYear": "2022",
    "period": "Q1",
    "revenue": 974500000,
    "costOfRevenue": 637600000,
    "grossProfit": 336900000,
    "grossProfitRatio": 0.3457157517,
    "researchAndDevelopmentExpenses": 0,
    "generalAndAdministrativeExpenses": 107400000,
    "sellingAndMarketingExpenses": 2900000,
    "sellingGeneralAndAdministrativeExpenses": 110300000,
    "otherExpenses": 46900000,
    "operatingExpenses": 95200000,
    "costAndExpenses": 732800000,
    "interestIncome": 900000,
    "interestExpense": 11700000,
    "depreciationAndAmortization": 40900000,
    "ebitda": 282600000,
    "ebitdaratio": 0.2899948692,
    "operatingIncome": 239700000,
    "operatingIncomeRatio": 0.2459722935,
    "totalOtherIncomeExpensesNet": -14800000,
    "incomeBeforeTax": 224900000,
    "incomeBeforeTaxRatio": 0.230785018,
    "incomeTaxExpense": 115300000,
    "netIncome": 109200000,
    "netIncomeRatio": 0.1120574654,
    "eps": 1.02,
    "epsdiluted": 1.02,
    "weightedAverageShsOut": 106600000,
    "weightedAverageShsOutDil": 106800000,
    "link": "https://www.sec.gov/Archives/edgar/data/1374310/000155837022006377/0001558370-22-006377-index.htm",
    "finalLink": "https://www.sec.gov/Archives/edgar/data/1374310/000155837022006377/cboe-20220331x10q.htm"
  },
  {
    "date": "2021-12-31",
    "symbol": "CBOE",
    "reportedCurrency": "USD",
    "cik": "0001374310",
    "fillingDate": "2022-02-18",
    "acceptedDate": "2022-02-18 08:31:51",
    "calendarYear": "2021",
    "period": "Q4",
    "revenue": 866400000,
    "costOfRevenue": 550400000,
    "grossProfit": 316000000,
    "grossProfitRatio": 0.3647276085,
    "researchAndDevelopmentExpenses": 0,
    "generalAndAdministrativeExpenses": 21700000,
    "sellingAndMarketingExpenses": 0,
    "sellingGeneralAndAdministrativeExpenses": 21700000,
    "otherExpenses": 700000,
    "operatingExpenses": 91700000,
    "costAndExpenses": 642100000,
    "interestIncome": 400000,
    "interestExpense": 11500000,
    "depreciationAndAmortization": 42000000,
    "ebitda": 261600000,
    "ebitdaratio": 0.3019390582,
    "operatingIncome": 220600000,
    "operatingIncomeRatio": 0.2546168052,
    "totalOtherIncomeExpensesNet": -10400000,
    "incomeBeforeTax": 210200000,
    "incomeBeforeTaxRatio": 0.2426131117,
    "incomeTaxExpense": 44300000,
    "netIncome": 165300000,
    "netIncomeRatio": 0.1907894737,
    "eps": 1.55,
    "epsdiluted": 1.54,
    "weightedAverageShsOut": 106800000,
    "weightedAverageShsOutDil": 107100000,
    "link": "https://www.sec.gov/Archives/edgar/data/1374310/000155837022001386/0001558370-22-001386-index.htm",
    "finalLink": "https://www.sec.gov/Archives/edgar/data/1374310/000155837022001386/cboe-20211231x10k.htm"
  },
  {
    "date": "2021-09-30",
    "symbol": "CBOE",
    "reportedCurrency": "USD",
    "cik": "0001374310",
    "fillingDate": "2021-10-29",
    "acceptedDate": "2021-10-29 08:16:08",
    "calendarYear": "2021",
    "period": "Q3",
    "revenue": 816800000,
    "costOfRevenue": 521300000,
    "grossProfit": 295500000,
    "grossProfitRatio": 0.361777669,
    "researchAndDevelopmentExpenses": 0,
    "generalAndAdministrativeExpenses": 43000000,
    "sellingAndMarketingExpenses": 0,
    "sellingGeneralAndAdministrativeExpenses": 43000000,
    "otherExpenses": -5200000,
    "operatingExpenses": 98100000,
    "costAndExpenses": 619400000,
    "interestIncome": 0,
    "interestExpense": 11700000,
    "depreciationAndAmortization": 42800000,
    "ebitda": 240200000,
    "ebitdaratio": 0.2940744368,
    "operatingIncome": 190700000,
    "operatingIncomeRatio": 0.2334720862,
    "totalOtherIncomeExpensesNet": -16900000,
    "incomeBeforeTax": 173800000,
    "incomeBeforeTaxRatio": 0.2127815867,
    "incomeTaxExpense": 53400000,
    "netIncome": 120000000,
    "netIncomeRatio": 0.1469147894,
    "eps": 1.12,
    "epsdiluted": 1.12,
    "weightedAverageShsOut": 106800000,
    "weightedAverageShsOutDil": 107000000,
    "link": "https://www.sec.gov/Archives/edgar/data/1374310/000155837021013795/0001558370-21-013795-index.htm",
    "finalLink": "https://www.sec.gov/Archives/edgar/data/1374310/000155837021013795/cboe-20210930x10q.htm"
  },
  {
    "date": "2021-06-30",
    "symbol": "CBOE",
    "reportedCurrency": "USD",
    "cik": "0001374310",
    "fillingDate": "2021-07-30",
    "acceptedDate": "2021-07-30 16:37:35",
    "calendarYear": "2021",
    "period": "Q2",
    "revenue": 800800000,
    "costOfRevenue": 517900000,
    "grossProfit": 282900000,
    "grossProfitRatio": 0.3532717283,
    "researchAndDevelopmentExpenses": 0,
    "generalAndAdministrativeExpenses": 40500000,
    "sellingAndMarketingExpenses": 0,
    "sellingGeneralAndAdministrativeExpenses": 40500000,
    "otherExpenses": 1500000,
    "operatingExpenses": 91100000,
    "costAndExpenses": 609000000,
    "interestIncome": 100000,
    "interestExpense": 12400000,
    "depreciationAndAmortization": 40600000,
    "ebitda": 230600000,
    "ebitdaratio": 0.287962038,
    "operatingIncome": 190000000,
    "operatingIncomeRatio": 0.2372627373,
    "totalOtherIncomeExpensesNet": -10800000,
    "incomeBeforeTax": 179200000,
    "incomeBeforeTaxRatio": 0.2237762238,
    "incomeTaxExpense": 73700000,
    "netIncome": 105200000,
    "netIncomeRatio": 0.1313686314,
    "eps": 0.99,
    "epsdiluted": 0.98,
    "weightedAverageShsOut": 106800000,
    "weightedAverageShsOutDil": 106900000,
    "link": "https://www.sec.gov/Archives/edgar/data/1374310/000155837021009722/0001558370-21-009722-index.htm",
    "finalLink": "https://www.sec.gov/Archives/edgar/data/1374310/000155837021009722/cboe-20210630x10q.htm"
  },
  {
    "date": "2021-03-31",
    "symbol": "CBOE",
    "reportedCurrency": "USD",
    "cik": "0001374310",
    "fillingDate": "2021-04-30",
    "acceptedDate": "2021-04-30 08:17:00",
    "calendarYear": "2021",
    "period": "Q1",
    "revenue": 1010800000,
    "costOfRevenue": 717600000,
    "grossProfit": 293200000,
    "grossProfitRatio": 0.2900672734,
    "researchAndDevelopmentExpenses": 0,
    "generalAndAdministrativeExpenses": 34400000,
    "sellingAndMarketingExpenses": 0,
    "sellingGeneralAndAdministrativeExpenses": 34400000,
    "otherExpenses": 600000,
    "operatingExpenses": 85200000,
    "costAndExpenses": 802800000,
    "interestIncome": 100000,
    "interestExpense": 12400000,
    "depreciationAndAmortization": 42000000,
    "ebitda": 250000000,
    "ebitdaratio": 0.2473288484,
    "operatingIncome": 204600000,
    "operatingIncomeRatio": 0.2024139296,
    "totalOtherIncomeExpensesNet": -11700000,
    "incomeBeforeTax": 192900000,
    "incomeBeforeTaxRatio": 0.1908389395,
    "incomeTaxExpense": 55700000,
    "netIncome": 136800000,
    "netIncomeRatio": 0.1353383459,
    "eps": 1.27,
    "epsdiluted": 1.27,
    "weightedAverageShsOut": 107300000,
    "weightedAverageShsOutDil": 107400000,
    "link": "https://www.sec.gov/Archives/edgar/data/1374310/000155837021005333/0001558370-21-005333-index.htm",
    "finalLink": "https://www.sec.gov/Archives/edgar/data/1374310/000155837021005333/cboe-20210331x10q.htm"
  },
  {
    "date": "2020-12-31",
    "symbol": "CBOE",
    "reportedCurrency": "USD",
    "cik": "0001374310",
    "fillingDate": "2021-02-19",
    "acceptedDate": "2021-02-19 16:09:49",
    "calendarYear": "2020",
    "period": "Q4",
    "revenue": 844200000,
    "costOfRevenue": 594600000,
    "grossProfit": 249600000,
    "grossProfitRatio": 0.2956645345,
    "researchAndDevelopmentExpenses": 0,
    "generalAndAdministrativeExpenses": 17600000,
    "sellingAndMarketingExpenses": 0,
    "sellingGeneralAndAdministrativeExpenses": 17600000,
    "otherExpenses": 1600000,
    "operatingExpenses": 86000000,
    "costAndExpenses": 680600000,
    "interestIncome": 200000,
    "interestExpense": 13500000,
    "depreciationAndAmortization": 40500000,
    "ebitda": 204100000,
    "ebitdaratio": 0.2417673537,
    "operatingIncome": 134800000,
    "operatingIncomeRatio": 0.1596778015,
    "totalOtherIncomeExpensesNet": -11900000,
    "incomeBeforeTax": 122900000,
    "incomeBeforeTaxRatio": 0.1455816157,
    "incomeTaxExpense": 35600000,
    "netIncome": 87100000,
    "netIncomeRatio": 0.1031746032,
    "eps": 0.81,
    "epsdiluted": 0.81,
    "weightedAverageShsOut": 107900000,
    "weightedAverageShsOutDil": 108000000,
    "link": "https://www.sec.gov/Archives/edgar/data/1374310/000155837021001286/0001558370-21-001286-index.htm",
    "finalLink": "https://www.sec.gov/Archives/edgar/data/1374310/000155837021001286/cboe-20201231x10k.htm"
  },
  {
    "date": "2020-09-30",
    "symbol": "CBOE",
    "reportedCurrency": "USD",
    "cik": "0001374310",
    "fillingDate": "2020-10-30",
    "acceptedDate": "2020-10-30 08:17:25",
    "calendarYear": "2020",
    "period": "Q3",
    "revenue": 792700000,
    "costOfRevenue": 559900000,
    "grossProfit": 232800000,
    "grossProfitRatio": 0.2936798284,
    "researchAndDevelopmentExpenses": 0,
    "generalAndAdministrativeExpenses": 32100000,
    "sellingAndMarketingExpenses": 0,
    "sellingGeneralAndAdministrativeExpenses": 32100000,
    "otherExpenses": 33600000,
    "operatingExpenses": 87300000,
    "costAndExpenses": 647200000,
    "interestIncome": 100000,
    "interestExpense": 9600000,
    "depreciationAndAmortization": 39500000,
    "ebitda": 185000000,
    "ebitdaratio": 0.2333795887,
    "operatingIncome": 139300000,
    "operatingIncomeRatio": 0.1757285228,
    "totalOtherIncomeExpensesNet": 24100000,
    "incomeBeforeTax": 163400000,
    "incomeBeforeTaxRatio": 0.2061309449,
    "incomeTaxExpense": 53500000,
    "netIncome": 109600000,
    "netIncomeRatio": 0.1382616374,
    "eps": 1.01,
    "epsdiluted": 1.01,
    "weightedAverageShsOut": 108700000,
    "weightedAverageShsOutDil": 108800000,
    "link": "https://www.sec.gov/Archives/edgar/data/1374310/000155837020012101/0001558370-20-012101-index.htm",
    "finalLink": "https://www.sec.gov/Archives/edgar/data/1374310/000155837020012101/cboe-20200930x10q.htm"
  },
  {
    "date": "2020-06-30",
    "symbol": "CBOE",
    "reportedCurrency": "USD",
    "cik": "0001374310",
    "fillingDate": "2020-07-31",
    "acceptedDate": "2020-07-31 09:14:55",
    "calendarYear": "2020",
    "period": "Q2",
    "revenue": 868700000,
    "costOfRevenue": 626700000,
    "grossProfit": 242000000,
    "grossProfitRatio": 0.2785771843,
    "researchAndDevelopmentExpenses": 0,
    "generalAndAdministrativeExpenses": 25700000,
    "sellingAndMarketingExpenses": 0,
    "sellingGeneralAndAdministrativeExpenses": 25700000,
    "otherExpenses": 2200000,
    "operatingExpenses": 70900000,
    "costAndExpenses": 697600000,
    "interestIncome": 100000,
    "interestExpense": 7400000,
    "depreciationAndAmortization": 38000000,
    "ebitda": 209100000,
    "ebitdaratio": 0.240704501,
    "operatingIncome": 161700000,
    "operatingIncomeRatio": 0.1861402095,
    "totalOtherIncomeExpensesNet": -5100000,
    "incomeBeforeTax": 156600000,
    "incomeBeforeTaxRatio": 0.180269368,
    "incomeTaxExpense": 43000000,
    "netIncome": 113300000,
    "netIncomeRatio": 0.1304247726,
    "eps": 1.04,
    "epsdiluted": 1.03,
    "weightedAverageShsOut": 109500000,
    "weightedAverageShsOutDil": 109600000,
    "link": "https://www.sec.gov/Archives/edgar/data/1374310/000155837020008849/0001558370-20-008849-index.htm",
    "finalLink": "https://www.sec.gov/Archives/edgar/data/1374310/000155837020008849/cboe-20200630x10q.htm"
  },
  {
    "date": "2020-03-31",
    "symbol": "CBOE",
    "reportedCurrency": "USD",
    "cik": "0001374310",
    "fillingDate": "2020-05-01",
    "acceptedDate": "2020-05-01 08:18:08",
    "calendarYear": "2020",
    "period": "Q1",
    "revenue": 921500000,
    "costOfRevenue": 616500000,
    "grossProfit": 305000000,
    "grossProfitRatio": 0.3309820944,
    "researchAndDevelopmentExpenses": 0,
    "generalAndAdministrativeExpenses": 28900000,
    "sellingAndMarketingExpenses": 0,
    "sellingGeneralAndAdministrativeExpenses": 28900000,
    "otherExpenses": -1600000,
    "operatingExpenses": 77800000,
    "costAndExpenses": 694300000,
    "interestIncome": 700000,
    "interestExpense": 8000000,
    "depreciationAndAmortization": 40500000,
    "ebitda": 267700000,
    "ebitdaratio": 0.290504612,
    "operatingIncome": 226400000,
    "operatingIncomeRatio": 0.2456863809,
    "totalOtherIncomeExpensesNet": -8900000,
    "incomeBeforeTax": 217500000,
    "incomeBeforeTaxRatio": 0.2360282149,
    "incomeTaxExpense": 60100000,
    "netIncome": 157000000,
    "netIncomeRatio": 0.1703743896,
    "eps": 1.42,
    "epsdiluted": 1.42,
    "weightedAverageShsOut": 110400000,
    "weightedAverageShsOutDil": 110600000,
    "link": "https://www.sec.gov/Archives/edgar/data/1374310/000155837020004877/0001558370-20-004877-index.htm",
    "finalLink": "https://www.sec.gov/Archives/edgar/data/1374310/000155837020004877/cboe-20200501x10q.htm"
  },
  {
    "date": "2019-12-31",
    "symbol": "CBOE",
    "reportedCurrency": "USD",
    "cik": "0001374310",
    "fillingDate": "2020-02-21",
    "acceptedDate": "2020-02-21 08:04:06",
    "calendarYear": "2019",
    "period": "Q4",
    "revenue": 598600000,
    "costOfRevenue": 367300000,
    "grossProfit": 231300000,
    "grossProfitRatio": 0.3864016037,
    "researchAndDevelopmentExpenses": 0,
    "generalAndAdministrativeExpenses": 15400000,
    "sellingAndMarketingExpenses": 0,
    "sellingGeneralAndAdministrativeExpenses": 15400000,
    "otherExpenses": 2800000,
    "operatingExpenses": 103400000,
    "costAndExpenses": 470700000,
    "interestIncome": 300000,
    "interestExpense": 7800000,
    "depreciationAndAmortization": 42800000,
    "ebitda": 162600000,
    "ebitdaratio": 0.2716338122,
    "operatingIncome": 119200000,
    "operatingIncomeRatio": 0.1991313064,
    "totalOtherIncomeExpensesNet": -5000000,
    "incomeBeforeTax": 114200000,
    "incomeBeforeTaxRatio": 0.1907784831,
    "incomeTaxExpense": 27900000,
    "netIncome": 86100000,
    "netIncomeRatio": 0.1438356164,
    "eps": 0.78,
    "epsdiluted": 0.77,
    "weightedAverageShsOut": 110900000,
    "weightedAverageShsOutDil": 111200000,
    "link": "https://www.sec.gov/Archives/edgar/data/1374310/000155837020001127/0001558370-20-001127-index.htm",
    "finalLink": "https://www.sec.gov/Archives/edgar/data/1374310/000155837020001127/cboe-20191231x10k3d7487.htm"
  },
  {
    "date": "2019-09-30",
    "symbol": "CBOE",
    "reportedCurrency": "USD",
    "cik": "0001374310",
    "fillingDate": "2019-11-01",
    "acceptedDate": "2019-11-01 08:18:40",
    "calendarYear": "2019",
    "period": "Q3",
    "revenue": 675400000,
    "costOfRevenue": 431100000,
    "grossProfit": 244300000,
    "grossProfitRatio": 0.3617115783,
    "researchAndDevelopmentExpenses": 0,
    "generalAndAdministrativeExpenses": 30800000,
    "sellingAndMarketingExpenses": 0,
    "sellingGeneralAndAdministrativeExpenses": 30800000,
    "otherExpenses": 1700000,
    "operatingExpenses": 80200000,
    "costAndExpenses": 511300000,
    "interestIncome": 600000,
    "interestExpense": 8800000,
    "depreciationAndAmortization": 42900000,
    "ebitda": 198200000,
    "ebitdaratio": 0.2934557299,
    "operatingIncome": 147400000,
    "operatingIncomeRatio": 0.2182410423,
    "totalOtherIncomeExpensesNet": -6500000,
    "incomeBeforeTax": 140900000,
    "incomeBeforeTaxRatio": 0.2086171158,
    "incomeTaxExpense": 35000000,
    "netIncome": 105500000,
    "netIncomeRatio": 0.1562037311,
    "eps": 0.95,
    "epsdiluted": 0.94,
    "weightedAverageShsOut": 111600000,
    "weightedAverageShsOutDil": 111900000,
    "link": "https://www.sec.gov/Archives/edgar/data/1374310/000155837019009643/0001558370-19-009643-index.htm",
    "finalLink": "https://www.sec.gov/Archives/edgar/data/1374310/000155837019009643/cboe-20190930x10qe84bf5.htm"
  },
  {
    "date": "2019-06-30",
    "symbol": "CBOE",
    "reportedCurrency": "USD",
    "cik": "0001374310",
    "fillingDate": "2019-08-02",
    "acceptedDate": "2019-08-02 09:32:07",
    "calendarYear": "2019",
    "period": "Q2",
    "revenue": 620600000,
    "costOfRevenue": 389600000,
    "grossProfit": 231000000,
    "grossProfitRatio": 0.3722204318,
    "researchAndDevelopmentExpenses": 0,
    "generalAndAdministrativeExpenses": 34000000,
    "sellingAndMarketingExpenses": 0,
    "sellingGeneralAndAdministrativeExpenses": 34000000,
    "otherExpenses": 4400000,
    "operatingExpenses": 85000000,
    "costAndExpenses": 474600000,
    "interestIncome": 500000,
    "interestExpense": 10000000,
    "depreciationAndAmortization": 43700000,
    "ebitda": 179200000,
    "ebitdaratio": 0.2887528199,
    "operatingIncome": 125200000,
    "operatingIncomeRatio": 0.2017402514,
    "totalOtherIncomeExpensesNet": -5600000,
    "incomeBeforeTax": 119600000,
    "incomeBeforeTaxRatio": 0.1927167257,
    "incomeTaxExpense": 35100000,
    "netIncome": 87600000,
    "netIncomeRatio": 0.1411537222,
    "eps": 0.79,
    "epsdiluted": 0.78,
    "weightedAverageShsOut": 111500000,
    "weightedAverageShsOutDil": 111600000,
    "link": "https://www.sec.gov/Archives/edgar/data/1374310/000155837019006886/0001558370-19-006886-index.htm",
    "finalLink": "https://www.sec.gov/Archives/edgar/data/1374310/000155837019006886/cboe-20190630x10q.htm"
  },
  {
    "date": "2019-03-31",
    "symbol": "CBOE",
    "reportedCurrency": "USD",
    "cik": "0001374310",
    "fillingDate": "2019-05-03",
    "acceptedDate": "2019-05-03 08:11:52",
    "calendarYear": "2019",
    "period": "Q1",
    "revenue": 602600000,
    "costOfRevenue": 370200000,
    "grossProfit": 232400000,
    "grossProfitRatio": 0.3856621308,
    "researchAndDevelopmentExpenses": 0,
    "generalAndAdministrativeExpenses": 30700000,
    "sellingAndMarketingExpenses": 0,
    "sellingGeneralAndAdministrativeExpenses": 30700000,
    "otherExpenses": -8800000,
    "operatingExpenses": 83600000,
    "costAndExpenses": 453800000,
    "interestIncome": 500000,
    "interestExpense": 10000000,
    "depreciationAndAmortization": 47200000,
    "ebitda": 191400000,
    "ebitdaratio": 0.3176236309,
    "operatingIncome": 146500000,
    "operatingIncomeRatio": 0.2431131762,
    "totalOtherIncomeExpensesNet": -18700000,
    "incomeBeforeTax": 127800000,
    "incomeBeforeTaxRatio": 0.2120809824,
    "incomeTaxExpense": 32600000,
    "netIncome": 94600000,
    "netIncomeRatio": 0.1569863923,
    "eps": 0.85,
    "epsdiluted": 0.85,
    "weightedAverageShsOut": 111500000,
    "weightedAverageShsOutDil": 111700000,
    "link": "https://www.sec.gov/Archives/edgar/data/1374310/000155837019003913/0001558370-19-003913-index.htm",
    "finalLink": "https://www.sec.gov/Archives/edgar/data/1374310/000155837019003913/cboe-20190331x10q.htm"
  },
  {
    "date": "2018-12-31",
    "symbol": "CBOE",
    "reportedCurrency": "USD",
    "cik": "0001374310",
    "fillingDate": "2019-02-22",
    "acceptedDate": "2019-02-22 08:40:36",
    "calendarYear": "2018",
    "period": "Q4",
    "revenue": 747700000,
    "costOfRevenue": 474100000,
    "grossProfit": 273600000,
    "grossProfitRatio": 0.3659221613,
    "researchAndDevelopmentExpenses": 0,
    "generalAndAdministrativeExpenses": 16400000,
    "sellingAndMarketingExpenses": 0,
    "sellingGeneralAndAdministrativeExpenses": 16400000,
    "otherExpenses": 8900000,
    "operatingExpenses": 90400000,
    "costAndExpenses": 564500000,
    "interestIncome": 0,
    "interestExpense": 9700000,
    "depreciationAndAmortization": 49100000,
    "ebitda": 222700000,
    "ebitdaratio": 0.29784673,
    "operatingIncome": 176400000,
    "operatingIncomeRatio": 0.2359234987,
    "totalOtherIncomeExpensesNet": -800000,
    "incomeBeforeTax": 175600000,
    "incomeBeforeTaxRatio": 0.2348535509,
    "incomeTaxExpense": 37300000,
    "netIncome": 137400000,
    "netIncomeRatio": 0.1837635415,
    "eps": 1.23,
    "epsdiluted": 1.23,
    "weightedAverageShsOut": 111300000,
    "weightedAverageShsOutDil": 111600000,
    "link": "https://www.sec.gov/Archives/edgar/data/1374310/000155837019000884/0001558370-19-000884-index.htm",
    "finalLink": "https://www.sec.gov/Archives/edgar/data/1374310/000155837019000884/cboe-20181231x10k.htm"
  },
  {
    "date": "2018-09-30",
    "symbol": "CBOE",
    "reportedCurrency": "USD",
    "cik": "0001374310",
    "fillingDate": "2018-11-02",
    "acceptedDate": "2018-11-02 08:12:52",
    "calendarYear": "2018",
    "period": "Q3",
    "revenue": 575900000,
    "costOfRevenue": 357200000,
    "grossProfit": 218700000,
    "grossProfitRatio": 0.3797534294,
    "researchAndDevelopmentExpenses": 0,
    "generalAndAdministrativeExpenses": 16600000,
    "sellingAndMarketingExpenses": 0,
    "sellingGeneralAndAdministrativeExpenses": 16600000,
    "otherExpenses": -200000,
    "operatingExpenses": 86700000,
    "costAndExpenses": 443900000,
    "interestIncome": 1100000,
    "interestExpense": 9600000,
    "depreciationAndAmortization": 50300000,
    "ebitda": 171600000,
    "ebitdaratio": 0.2979683973,
    "operatingIncome": 126100000,
    "operatingIncomeRatio": 0.2189616253,
    "totalOtherIncomeExpensesNet": -9800000,
    "incomeBeforeTax": 116300000,
    "incomeBeforeTaxRatio": 0.2019447821,
    "incomeTaxExpense": 30600000,
    "netIncome": 85000000,
    "netIncomeRatio": 0.1475950686,
    "eps": 0.76,
    "epsdiluted": 0.76,
    "weightedAverageShsOut": 111400000,
    "weightedAverageShsOutDil": 111800000,
    "link": "https://www.sec.gov/Archives/edgar/data/1374310/000155837018008310/0001558370-18-008310-index.htm",
    "finalLink": "https://www.sec.gov/Archives/edgar/data/1374310/000155837018008310/cboe-20180930x10q.htm"
  },
  {
    "date": "2018-06-30",
    "symbol": "CBOE",
    "reportedCurrency": "USD",
    "cik": "0001374310",
    "fillingDate": "2018-08-03",
    "acceptedDate": "2018-08-03 08:12:30",
    "calendarYear": "2018",
    "period": "Q2",
    "revenue": 667500000,
    "costOfRevenue": 441400000,
    "grossProfit": 226100000,
    "grossProfitRatio": 0.3387265918,
    "researchAndDevelopmentExpenses": 0,
    "generalAndAdministrativeExpenses": 32600000,
    "sellingAndMarketingExpenses": 0,
    "sellingGeneralAndAdministrativeExpenses": 32600000,
    "otherExpenses": 55800000,
    "operatingExpenses": 88400000,
    "costAndExpenses": 529800000,
    "interestIncome": 900000,
    "interestExpense": 9700000,
    "depreciationAndAmortization": 50400000,
    "ebitda": 177900000,
    "ebitdaratio": 0.2665168539,
    "operatingIncome": 129100000,
    "operatingIncomeRatio": 0.1934082397,
    "totalOtherIncomeExpensesNet": -9300000,
    "incomeBeforeTax": 119800000,
    "incomeBeforeTaxRatio": 0.1794756554,
    "incomeTaxExpense": 36800000,
    "netIncome": 82400000,
    "netIncomeRatio": 0.1234456929,
    "eps": 0.74,
    "epsdiluted": 0.73,
    "weightedAverageShsOut": 112000000,
    "weightedAverageShsOutDil": 112300000,
    "link": "https://www.sec.gov/Archives/edgar/data/1374310/000155837018006293/0001558370-18-006293-index.htm",
    "finalLink": "https://www.sec.gov/Archives/edgar/data/1374310/000155837018006293/cboe-20180630x10q.htm"
  },
  {
    "date": "2018-03-31",
    "symbol": "CBOE",
    "reportedCurrency": "USD",
    "cik": "0001374310",
    "fillingDate": "2018-05-04",
    "acceptedDate": "2018-05-04 08:13:59",
    "calendarYear": "2018",
    "period": "Q1",
    "revenue": 777700000,
    "costOfRevenue": 508100000,
    "grossProfit": 269600000,
    "grossProfitRatio": 0.3466632378,
    "researchAndDevelopmentExpenses": 0,
    "generalAndAdministrativeExpenses": 18000000,
    "sellingAndMarketingExpenses": 0,
    "sellingGeneralAndAdministrativeExpenses": 18000000,
    "otherExpenses": 1300000,
    "operatingExpenses": 93100000,
    "costAndExpenses": 601200000,
    "interestIncome": 400000,
    "interestExpense": 9600000,
    "depreciationAndAmortization": 54200000,
    "ebitda": 220700000,
    "ebitdaratio": 0.2837855214,
    "operatingIncome": 167700000,
    "operatingIncomeRatio": 0.2156358493,
    "totalOtherIncomeExpensesNet": -8300000,
    "incomeBeforeTax": 159400000,
    "incomeBeforeTaxRatio": 0.2049633535,
    "incomeTaxExpense": 41300000,
    "netIncome": 117300000,
    "netIncomeRatio": 0.1508293687,
    "eps": 1.04,
    "epsdiluted": 1.04,
    "weightedAverageShsOut": 112400000,
    "weightedAverageShsOutDil": 112700000,
    "link": "https://www.sec.gov/Archives/edgar/data/1374310/000155837018003963/0001558370-18-003963-index.htm",
    "finalLink": "https://www.sec.gov/Archives/edgar/data/1374310/000155837018003963/cboe-20180331x10q.htm"
  },
  {
    "date": "2017-12-31",
    "symbol": "CBOE",
    "reportedCurrency": "USD",
    "cik": "0001374310",
    "fillingDate": "2018-02-22",
    "acceptedDate": "2018-02-22 17:17:52",
    "calendarYear": "2017",
    "period": "Q4",
    "revenue": 620700000,
    "costOfRevenue": 408300000,
    "grossProfit": 212400000,
    "grossProfitRatio": 0.3421942968,
    "researchAndDevelopmentExpenses": 0,
    "generalAndAdministrativeExpenses": 17100000,
    "sellingAndMarketingExpenses": 0,
    "sellingGeneralAndAdministrativeExpenses": 17100000,
    "otherExpenses": 5800000,
    "operatingExpenses": 94700000,
    "costAndExpenses": 503000000,
    "interestIncome": 100000,
    "interestExpense": 10400000,
    "depreciationAndAmortization": 55900000,
    "ebitda": 163000000,
    "ebitdaratio": 0.2626067343,
    "operatingIncome": 108700000,
    "operatingIncomeRatio": 0.175124859,
    "totalOtherIncomeExpensesNet": -4600000,
    "incomeBeforeTax": 104100000,
    "incomeBeforeTaxRatio": 0.1677138714,
    "incomeTaxExpense": -153000000,
    "netIncome": 254600000,
    "netIncomeRatio": 0.4101820525,
    "eps": 2.27,
    "epsdiluted": 2.26,
    "weightedAverageShsOut": 112300000,
    "weightedAverageShsOutDil": 112600000,
    "link": "https://www.sec.gov/Archives/edgar/data/1374310/000155837018000953/0001558370-18-000953-index.htm",
    "finalLink": "https://www.sec.gov/Archives/edgar/data/1374310/000155837018000953/cboe-20171231x10k.htm"
  },
  {
    "date": "2017-09-30",
    "symbol": "CBOE",
    "reportedCurrency": "USD",
    "cik": "0001374310",
    "fillingDate": "2017-11-07",
    "acceptedDate": "2017-11-07 07:59:31",
    "calendarYear": "2017",
    "period": "Q3",
    "revenue": 611400000,
    "costOfRevenue": 392100000,
    "grossProfit": 219300000,
    "grossProfitRatio": 0.3586849853,
    "researchAndDevelopmentExpenses": 0,
    "generalAndAdministrativeExpenses": 33500000,
    "sellingAndMarketingExpenses": 0,
    "sellingGeneralAndAdministrativeExpenses": 33500000,
    "otherExpenses": -2900000,
    "operatingExpenses": 94100000,
    "costAndExpenses": 486200000,
    "interestIncome": 500000,
    "interestExpense": 10800000,
    "depreciationAndAmortization": 55400000,
    "ebitda": 169600000,
    "ebitdaratio": 0.27739614,
    "operatingIncome": 119300000,
    "operatingIncomeRatio": 0.1951259405,
    "totalOtherIncomeExpensesNet": -13400000,
    "incomeBeforeTax": 105900000,
    "incomeBeforeTaxRatio": 0.1732090285,
    "incomeTaxExpense": 45600000,
    "netIncome": 59700000,
    "netIncomeRatio": 0.0976447498,
    "eps": 0.53,
    "epsdiluted": 0.53,
    "weightedAverageShsOut": 112300000,
    "weightedAverageShsOutDil": 112600000,
    "link": "https://www.sec.gov/Archives/edgar/data/1374310/000137431017000033/0001374310-17-000033-index.htm",
    "finalLink": "https://www.sec.gov/Archives/edgar/data/1374310/000137431017000033/cboe10-qq32017.htm"
  },
  {
    "date": "2017-06-30",
    "symbol": "CBOE",
    "reportedCurrency": "USD",
    "cik": "0001374310",
    "fillingDate": "2017-08-04",
    "acceptedDate": "2017-08-04 15:24:37",
    "calendarYear": "2017",
    "period": "Q2",
    "revenue": 640800000,
    "costOfRevenue": 423900000,
    "grossProfit": 216900000,
    "grossProfitRatio": 0.3384831461,
    "researchAndDevelopmentExpenses": 0,
    "generalAndAdministrativeExpenses": 33100000,
    "sellingAndMarketingExpenses": 0,
    "sellingGeneralAndAdministrativeExpenses": 33100000,
    "otherExpenses": 800000,
    "operatingExpenses": 93900000,
    "costAndExpenses": 517800000,
    "interestIncome": 0,
    "interestExpense": 0,
    "depreciationAndAmortization": 55800000,
    "ebitda": 166300000,
    "ebitdaratio": 0.2595193508,
    "operatingIncome": 117800000,
    "operatingIncomeRatio": 0.1838327091,
    "totalOtherIncomeExpensesNet": -11700000,
    "incomeBeforeTax": 106100000,
    "incomeBeforeTaxRatio": 0.1655742821,
    "incomeTaxExpense": 38100000,
    "netIncome": 67300000,
    "netIncomeRatio": 0.1050249688,
    "eps": 0.6,
    "epsdiluted": 0.6,
    "weightedAverageShsOut": 112100000,
    "weightedAverageShsOutDil": 112500000,
    "link": "https://www.sec.gov/Archives/edgar/data/1374310/000137431017000022/0001374310-17-000022-index.htm",
    "finalLink": "https://www.sec.gov/Archives/edgar/data/1374310/000137431017000022/cboe10-qq22017.htm"
  },
  {
    "date": "2017-03-31",
    "symbol": "CBOE",
    "reportedCurrency": "USD",
    "cik": "0001374310",
    "fillingDate": "2017-05-11",
    "acceptedDate": "2017-05-10 17:54:55",
    "calendarYear": "2017",
    "period": "Q1",
    "revenue": 356200000,
    "costOfRevenue": 210600000,
    "grossProfit": 145600000,
    "grossProfitRatio": 0.4087591241,
    "researchAndDevelopmentExpenses": 0,
    "generalAndAdministrativeExpenses": 14400000,
    "sellingAndMarketingExpenses": 0,
    "sellingGeneralAndAdministrativeExpenses": 14400000,
    "otherExpenses": 100000,
    "operatingExpenses": 54100000,
    "costAndExpenses": 264700000,
    "interestIncome": 600000,
    "interestExpense": 7900000,
    "depreciationAndAmortization": 25100000,
    "ebitda": 108100000,
    "ebitdaratio": 0.3034811903,
    "operatingIncome": 26100000,
    "operatingIncomeRatio": 0.0732734419,
    "totalOtherIncomeExpensesNet": -7800000,
    "incomeBeforeTax": 18300000,
    "incomeBeforeTaxRatio": 0.0513756317,
    "incomeTaxExpense": 3100000,
    "netIncome": 15100000,
    "netIncomeRatio": 0.0423919147,
    "eps": 0.16,
    "epsdiluted": 0.16,
    "weightedAverageShsOut": 105900000,
    "weightedAverageShsOutDil": 105900000,
    "link": "https://www.sec.gov/Archives/edgar/data/1374310/000137431017000014/0001374310-17-000014-index.htm",
    "finalLink": "https://www.sec.gov/Archives/edgar/data/1374310/000137431017000014/cboe10-qq12017secreport.htm"
  },
  {
    "date": "2016-12-31",
    "symbol": "CBOE",
    "reportedCurrency": "USD",
    "cik": "0001374310",
    "fillingDate": "2017-02-21",
    "acceptedDate": "2017-02-21 11:45:39",
    "calendarYear": "2016",
    "period": "Q4",
    "revenue": 163241000,
    "costOfRevenue": 49275000,
    "grossProfit": 113966000,
    "grossProfitRatio": 0.6981456864,
    "researchAndDevelopmentExpenses": 0,
    "generalAndAdministrativeExpenses": 16946000,
    "sellingAndMarketingExpenses": 343000,
    "sellingGeneralAndAdministrativeExpenses": 17289000,
    "otherExpenses": 12698000,
    "operatingExpenses": 38864000,
    "costAndExpenses": 88139000,
    "interestIncome": 0,
    "interestExpense": 5515000,
    "depreciationAndAmortization": 10087000,
    "ebitda": 85189000,
    "ebitdaratio": 0.521860317,
    "operatingIncome": 75102000,
    "operatingIncomeRatio": 0.4600682427,
    "totalOtherIncomeExpensesNet": -115000,
    "incomeBeforeTax": 74986000,
    "incomeBeforeTaxRatio": 0.4593576369,
    "incomeTaxExpense": 29825000,
    "netIncome": 44971000,
    "netIncomeRatio": 0.2754883883,
    "eps": 0.55,
    "epsdiluted": 0.55,
    "weightedAverageShsOut": 105900000,
    "weightedAverageShsOutDil": 105900000,
    "link": "https://www.sec.gov/Archives/edgar/data/1374310/000137431017000006/0001374310-17-000006-index.htm",
    "finalLink": "https://www.sec.gov/Archives/edgar/data/1374310/000137431017000006/cboe-1231201610k.htm"
  },
  {
    "date": "2016-09-30",
    "symbol": "CBOE",
    "reportedCurrency": "USD",
    "cik": "0001374310",
    "fillingDate": "2016-11-08",
    "acceptedDate": "2016-11-07 18:47:30",
    "calendarYear": "2016",
    "period": "Q3",
    "revenue": 156207000,
    "costOfRevenue": 47743000,
    "grossProfit": 108464000,
    "grossProfitRatio": 0.6943606881,
    "researchAndDevelopmentExpenses": 0,
    "generalAndAdministrativeExpenses": 21381000,
    "sellingAndMarketingExpenses": 536000,
    "sellingGeneralAndAdministrativeExpenses": 21917000,
    "otherExpenses": 12679000,
    "operatingExpenses": 42814000,
    "costAndExpenses": 90557000,
    "interestIncome": 0,
    "interestExpense": 200000,
    "depreciationAndAmortization": 10217000,
    "ebitda": 75673000,
    "ebitdaratio": 0.484440518,
    "operatingIncome": 65650000,
    "operatingIncomeRatio": 0.4202756599,
    "totalOtherIncomeExpensesNet": 1686000,
    "incomeBeforeTax": 67336000,
    "incomeBeforeTaxRatio": 0.4310690302,
    "incomeTaxExpense": 26885000,
    "netIncome": 40300000,
    "netIncomeRatio": 0.2579909991,
    "eps": 0.5,
    "epsdiluted": 0.5,
    "weightedAverageShsOut": 105900000,
    "weightedAverageShsOutDil": 105900000,
    "link": "https://www.sec.gov/Archives/edgar/data/1374310/000137431016000060/0001374310-16-000060-index.htm",
    "finalLink": "https://www.sec.gov/Archives/edgar/data/1374310/000137431016000060/cboe930201610q.htm"
  },
  {
    "date": "2016-06-30",
    "symbol": "CBOE",
    "reportedCurrency": "USD",
    "cik": "0001374310",
    "fillingDate": "2016-08-02",
    "acceptedDate": "2016-08-02 13:00:00",
    "calendarYear": "2016",
    "period": "Q2",
    "revenue": 163329000,
    "costOfRevenue": 47866000,
    "grossProfit": 115463000,
    "grossProfitRatio": 0.706935082,
    "researchAndDevelopmentExpenses": 0,
    "generalAndAdministrativeExpenses": 14745000,
    "sellingAndMarketingExpenses": -83000,
    "sellingGeneralAndAdministrativeExpenses": 14662000,
    "otherExpenses": 14684000,
    "operatingExpenses": 37496000,
    "costAndExpenses": 85362000,
    "interestIncome": 0,
    "interestExpense": 28000,
    "depreciationAndAmortization": 12279000,
    "ebitda": 90246000,
    "ebitdaratio": 0.5525411899,
    "operatingIncome": 77967000,
    "operatingIncomeRatio": 0.4773616443,
    "totalOtherIncomeExpensesNet": 5847000,
    "incomeBeforeTax": 83814000,
    "incomeBeforeTaxRatio": 0.5131605532,
    "incomeTaxExpense": 32883000,
    "netIncome": 50700000,
    "netIncomeRatio": 0.3104163988,
    "eps": 0.62,
    "epsdiluted": 0.62,
    "weightedAverageShsOut": 105900000,
    "weightedAverageShsOutDil": 105900000,
    "link": "https://www.sec.gov/Archives/edgar/data/1374310/000137431016000051/0001374310-16-000051-index.htm",
    "finalLink": "https://www.sec.gov/Archives/edgar/data/1374310/000137431016000051/cboe630201610q.htm"
  },
  {
    "date": "2016-03-31",
    "symbol": "CBOE",
    "reportedCurrency": "USD",
    "cik": "0001374310",
    "fillingDate": "2016-05-03",
    "acceptedDate": "2016-05-03 17:02:41",
    "calendarYear": "2016",
    "period": "Q1",
    "revenue": 162330000,
    "costOfRevenue": 46220000,
    "grossProfit": 116110000,
    "grossProfitRatio": 0.7152713608,
    "researchAndDevelopmentExpenses": 0,
    "generalAndAdministrativeExpenses": 13631000,
    "sellingAndMarketingExpenses": 104000,
    "sellingGeneralAndAdministrativeExpenses": 13735000,
    "otherExpenses": 14701000,
    "operatingExpenses": 36629000,
    "costAndExpenses": 82849000,
    "interestIncome": 700000,
    "interestExpense": 27000,
    "depreciationAndAmortization": 11872000,
    "ebitda": 91353000,
    "ebitdaratio": 0.5627610423,
    "operatingIncome": 79481000,
    "operatingIncomeRatio": 0.4896260704,
    "totalOtherIncomeExpensesNet": 986000,
    "incomeBeforeTax": 80467000,
    "incomeBeforeTaxRatio": 0.495700117,
    "incomeTaxExpense": 31291000,
    "netIncome": 49200000,
    "netIncomeRatio": 0.3030863057,
    "eps": 0.6,
    "epsdiluted": 0.6,
    "weightedAverageShsOut": 105900000,
    "weightedAverageShsOutDil": 105900000,
    "link": "https://www.sec.gov/Archives/edgar/data/1374310/000137431016000045/0001374310-16-000045-index.htm",
    "finalLink": "https://www.sec.gov/Archives/edgar/data/1374310/000137431016000045/cboe331201610q.htm"
  },
  {
    "date": "2015-12-31",
    "symbol": "CBOE",
    "reportedCurrency": "USD",
    "cik": "0001374310",
    "fillingDate": "2016-02-19",
    "acceptedDate": "2016-02-18 17:39:50",
    "calendarYear": "2015",
    "period": "Q4",
    "revenue": 155946000,
    "costOfRevenue": 44598000,
    "grossProfit": 111348000,
    "grossProfitRatio": 0.7140163903,
    "researchAndDevelopmentExpenses": 0,
    "generalAndAdministrativeExpenses": 12897000,
    "sellingAndMarketingExpenses": 299000,
    "sellingGeneralAndAdministrativeExpenses": 13196000,
    "otherExpenses": 14529000,
    "operatingExpenses": 35454000,
    "costAndExpenses": 80052000,
    "interestIncome": 0,
    "interestExpense": 27000,
    "depreciationAndAmortization": 12225000,
    "ebitda": 88119000,
    "ebitdaratio": 0.5650609826,
    "operatingIncome": 75894000,
    "operatingIncomeRatio": 0.4866684622,
    "totalOtherIncomeExpensesNet": 3770000,
    "incomeBeforeTax": 79664000,
    "incomeBeforeTaxRatio": 0.5108434971,
    "incomeTaxExpense": 29262000,
    "netIncome": 50180000,
    "netIncomeRatio": 0.3217780514,
    "eps": 0.61,
    "epsdiluted": 0.61,
    "weightedAverageShsOut": 105900000,
    "weightedAverageShsOutDil": 105900000,
    "link": "https://www.sec.gov/Archives/edgar/data/1374310/000137431016000038/0001374310-16-000038-index.htm",
    "finalLink": "https://www.sec.gov/Archives/edgar/data/1374310/000137431016000038/cboe-1231201510k.htm"
  },
  {
    "date": "2015-09-30",
    "symbol": "CBOE",
    "reportedCurrency": "USD",
    "cik": "0001374310",
    "fillingDate": "2015-11-03",
    "acceptedDate": "2015-11-03 17:14:45",
    "calendarYear": "2015",
    "period": "Q3",
    "revenue": 187035000,
    "costOfRevenue": 51423000,
    "grossProfit": 135612000,
    "grossProfitRatio": 0.7250621541,
    "researchAndDevelopmentExpenses": 0,
    "generalAndAdministrativeExpenses": 12619000,
    "sellingAndMarketingExpenses": 581000,
    "sellingGeneralAndAdministrativeExpenses": 13200000,
    "otherExpenses": 14553000,
    "operatingExpenses": 34502000,
    "costAndExpenses": 85925000,
    "interestIncome": 0,
    "interestExpense": 16000,
    "depreciationAndAmortization": 12417000,
    "ebitda": 113527000,
    "ebitdaratio": 0.6069826503,
    "operatingIncome": 101110000,
    "operatingIncomeRatio": 0.5405940065,
    "totalOtherIncomeExpensesNet": 341000,
    "incomeBeforeTax": 101451000,
    "incomeBeforeTaxRatio": 0.5424171946,
    "incomeTaxExpense": 33935000,
    "netIncome": 67219000,
    "netIncomeRatio": 0.359392627,
    "eps": 0.81,
    "epsdiluted": 0.81,
    "weightedAverageShsOut": 105900000,
    "weightedAverageShsOutDil": 105900000,
    "link": "https://www.sec.gov/Archives/edgar/data/1374310/000137431015000031/0001374310-15-000031-index.htm",
    "finalLink": "https://www.sec.gov/Archives/edgar/data/1374310/000137431015000031/cboe930201510q.htm"
  },
  {
    "date": "2015-06-30",
    "symbol": "CBOE",
    "reportedCurrency": "USD",
    "cik": "0001374310",
    "fillingDate": "2015-08-06",
    "acceptedDate": "2015-08-06 17:16:17",
    "calendarYear": "2015",
    "period": "Q2",
    "revenue": 148725000,
    "costOfRevenue": 40891000,
    "grossProfit": 107834000,
    "grossProfitRatio": 0.725056312,
    "researchAndDevelopmentExpenses": 0,
    "generalAndAdministrativeExpenses": 12594000,
    "sellingAndMarketingExpenses": 627000,
    "sellingGeneralAndAdministrativeExpenses": 13221000,
    "otherExpenses": 13904000,
    "operatingExpenses": 34464000,
    "costAndExpenses": 75355000,
    "interestIncome": 0,
    "interestExpense": 0,
    "depreciationAndAmortization": 11300000,
    "ebitda": 84409000,
    "ebitdaratio": 0.5675508489,
    "operatingIncome": 73370000,
    "operatingIncomeRatio": 0.4933266095,
    "totalOtherIncomeExpensesNet": 261000,
    "incomeBeforeTax": 73631000,
    "incomeBeforeTaxRatio": 0.4950815263,
    "incomeTaxExpense": 28786000,
    "netIncome": 44646000,
    "netIncomeRatio": 0.3001916288,
    "eps": 0.54,
    "epsdiluted": 0.54,
    "weightedAverageShsOut": 105900000,
    "weightedAverageShsOutDil": 105900000,
    "link": "https://www.sec.gov/Archives/edgar/data/1374310/000137431015000027/0001374310-15-000027-index.htm",
    "finalLink": "https://www.sec.gov/Archives/edgar/data/1374310/000137431015000027/cboe630201510q.htm"
  },
  {
    "date": "2015-03-31",
    "symbol": "CBOE",
    "reportedCurrency": "USD",
    "cik": "0001374310",
    "fillingDate": "2015-05-06",
    "acceptedDate": "2015-05-06 16:43:45",
    "calendarYear": "2015",
    "period": "Q1",
    "revenue": 142839000,
    "costOfRevenue": 39589000,
    "grossProfit": 103250000,
    "grossProfitRatio": 0.7228418009,
    "researchAndDevelopmentExpenses": 0,
    "generalAndAdministrativeExpenses": 11950000,
    "sellingAndMarketingExpenses": 787000,
    "sellingGeneralAndAdministrativeExpenses": 12737000,
    "otherExpenses": 13134000,
    "operatingExpenses": 33697000,
    "costAndExpenses": 73286000,
    "interestIncome": 0,
    "interestExpense": 0,
    "depreciationAndAmortization": 10413000,
    "ebitda": 80242000,
    "ebitdaratio": 0.5617653442,
    "operatingIncome": 69553000,
    "operatingIncomeRatio": 0.4869328405,
    "totalOtherIncomeExpensesNet": -276000,
    "incomeBeforeTax": 69277000,
    "incomeBeforeTaxRatio": 0.4850005951,
    "incomeTaxExpense": 27018000,
    "netIncome": 42079000,
    "netIncomeRatio": 0.294590413,
    "eps": 0.5,
    "epsdiluted": 0.5,
    "weightedAverageShsOut": 105900000,
    "weightedAverageShsOutDil": 105900000,
    "link": "https://www.sec.gov/Archives/edgar/data/1374310/000137431015000015/0001374310-15-000015-index.htm",
    "finalLink": "https://www.sec.gov/Archives/edgar/data/1374310/000137431015000015/cboe331201510q.htm"
  },
  {
    "date": "2014-12-31",
    "symbol": "CBOE",
    "reportedCurrency": "USD",
    "cik": "0001374310",
    "fillingDate": "2015-02-20",
    "acceptedDate": "2015-02-20 12:18:46",
    "calendarYear": "2014",
    "period": "Q4",
    "revenue": 166487000,
    "costOfRevenue": 19266000,
    "grossProfit": 147221000,
    "grossProfitRatio": 0.884279253,
    "researchAndDevelopmentExpenses": 0,
    "generalAndAdministrativeExpenses": 29356000,
    "sellingAndMarketingExpenses": 0,
    "sellingGeneralAndAdministrativeExpenses": 29356000,
    "otherExpenses": 28177000,
    "operatingExpenses": 60259000,
    "costAndExpenses": 79525000,
    "interestIncome": 0,
    "interestExpense": 0,
    "depreciationAndAmortization": 11080000,
    "ebitda": 98042000,
    "ebitdaratio": 0.58888682,
    "operatingIncome": 86962000,
    "operatingIncomeRatio": 0.5223350772,
    "totalOtherIncomeExpensesNet": -3016000,
    "incomeBeforeTax": 83945000,
    "incomeBeforeTaxRatio": 0.5042135422,
    "incomeTaxExpense": 34603000,
    "netIncome": 49119000,
    "netIncomeRatio": 0.2950320445,
    "eps": 0.58,
    "epsdiluted": 0.58,
    "weightedAverageShsOut": 105900000,
    "weightedAverageShsOutDil": 105900000,
    "link": "https://www.sec.gov/Archives/edgar/data/1374310/000137431015000005/0001374310-15-000005-index.htm",
    "finalLink": "https://www.sec.gov/Archives/edgar/data/1374310/000137431015000005/cboe-1231201410k.htm"
  },
  {
    "date": "2014-09-30",
    "symbol": "CBOE",
    "reportedCurrency": "USD",
    "cik": "0001374310",
    "fillingDate": "2014-11-04",
    "acceptedDate": "2014-11-04 16:12:10",
    "calendarYear": "2014",
    "period": "Q3",
    "revenue": 148910000,
    "costOfRevenue": 16235000,
    "grossProfit": 132675000,
    "grossProfitRatio": 0.8909744141,
    "researchAndDevelopmentExpenses": 0,
    "generalAndAdministrativeExpenses": 28698000,
    "sellingAndMarketingExpenses": 0,
    "sellingGeneralAndAdministrativeExpenses": 28698000,
    "otherExpenses": 27008000,
    "operatingExpenses": 57591000,
    "costAndExpenses": 73826000,
    "interestIncome": 0,
    "interestExpense": 0,
    "depreciationAndAmortization": 10372000,
    "ebitda": 85727000,
    "ebitdaratio": 0.5756967296,
    "operatingIncome": 75084000,
    "operatingIncomeRatio": 0.5042240279,
    "totalOtherIncomeExpensesNet": -271000,
    "incomeBeforeTax": 74813000,
    "incomeBeforeTaxRatio": 0.5024041367,
    "incomeTaxExpense": 26447000,
    "netIncome": 48146000,
    "netIncomeRatio": 0.3233228124,
    "eps": 0.57,
    "epsdiluted": 0.57,
    "weightedAverageShsOut": 105900000,
    "weightedAverageShsOutDil": 105900000,
    "link": "https://www.sec.gov/Archives/edgar/data/1374310/000137431014000025/0001374310-14-000025-index.htm",
    "finalLink": "https://www.sec.gov/Archives/edgar/data/1374310/000137431014000025/cboe930201410q.htm"
  },
  {
    "date": "2014-06-30",
    "symbol": "CBOE",
    "reportedCurrency": "USD",
    "cik": "0001374310",
    "fillingDate": "2014-08-06",
    "acceptedDate": "2014-08-05 17:39:31",
    "calendarYear": "2014",
    "period": "Q2",
    "revenue": 143942000,
    "costOfRevenue": 14707000,
    "grossProfit": 129235000,
    "grossProfitRatio": 0.8978269025,
    "researchAndDevelopmentExpenses": 0,
    "generalAndAdministrativeExpenses": 30306000,
    "sellingAndMarketingExpenses": 0,
    "sellingGeneralAndAdministrativeExpenses": 30306000,
    "otherExpenses": 26767000,
    "operatingExpenses": 59519000,
    "costAndExpenses": 74226000,
    "interestIncome": 0,
    "interestExpense": 0,
    "depreciationAndAmortization": 9926000,
    "ebitda": 79642000,
    "ebitdaratio": 0.5532922983,
    "operatingIncome": 69716000,
    "operatingIncomeRatio": 0.4843339678,
    "totalOtherIncomeExpensesNet": -321000,
    "incomeBeforeTax": 69395000,
    "incomeBeforeTaxRatio": 0.482103903,
    "incomeTaxExpense": 26414000,
    "netIncome": 42598000,
    "netIncomeRatio": 0.295938642,
    "eps": 0.5,
    "epsdiluted": 0.5,
    "weightedAverageShsOut": 105900000,
    "weightedAverageShsOutDil": 105900000,
    "link": "https://www.sec.gov/Archives/edgar/data/1374310/000137431014000021/0001374310-14-000021-index.htm",
    "finalLink": "https://www.sec.gov/Archives/edgar/data/1374310/000137431014000021/cboe630201410q.htm"
  },
  {
    "date": "2014-03-31",
    "symbol": "CBOE",
    "reportedCurrency": "USD",
    "cik": "0001374310",
    "fillingDate": "2014-05-06",
    "acceptedDate": "2014-05-06 17:23:26",
    "calendarYear": "2014",
    "period": "Q1",
    "revenue": 157885000,
    "costOfRevenue": 15902000,
    "grossProfit": 141983000,
    "grossProfitRatio": 0.8992811223,
    "researchAndDevelopmentExpenses": 0,
    "generalAndAdministrativeExpenses": 33374000,
    "sellingAndMarketingExpenses": 0,
    "sellingGeneralAndAdministrativeExpenses": 33374000,
    "otherExpenses": 24584000,
    "operatingExpenses": 59945000,
    "costAndExpenses": 75847000,
    "interestIncome": 0,
    "interestExpense": 0,
    "depreciationAndAmortization": 8622000,
    "ebitda": 90660000,
    "ebitdaratio": 0.57421541,
    "operatingIncome": 82038000,
    "operatingIncomeRatio": 0.5196060424,
    "totalOtherIncomeExpensesNet": -495000,
    "incomeBeforeTax": 81543000,
    "incomeBeforeTaxRatio": 0.516470849,
    "incomeTaxExpense": 32519000,
    "netIncome": 48528000,
    "netIncomeRatio": 0.307362954,
    "eps": 0.56,
    "epsdiluted": 0.56,
    "weightedAverageShsOut": 105900000,
    "weightedAverageShsOutDil": 105900000,
    "link": "https://www.sec.gov/Archives/edgar/data/1374310/000137431014000015/0001374310-14-000015-index.htm",
    "finalLink": "https://www.sec.gov/Archives/edgar/data/1374310/000137431014000015/cboe331201410q.htm"
  },
  {
    "date": "2013-12-31",
    "symbol": "CBOE",
    "reportedCurrency": "USD",
    "cik": "0001374310",
    "fillingDate": "2014-02-21",
    "acceptedDate": "2014-02-20 19:16:53",
    "calendarYear": "2013",
    "period": "Q4",
    "revenue": 141830000,
    "costOfRevenue": 15043000,
    "grossProfit": 126787000,
    "grossProfitRatio": 0.8939364027,
    "researchAndDevelopmentExpenses": 0,
    "generalAndAdministrativeExpenses": 28059000,
    "sellingAndMarketingExpenses": 0,
    "sellingGeneralAndAdministrativeExpenses": 28059000,
    "otherExpenses": 22874000,
    "operatingExpenses": 54188000,
    "costAndExpenses": 69231000,
    "interestIncome": 0,
    "interestExpense": 0,
    "depreciationAndAmortization": 9136000,
    "ebitda": 85235000,
    "ebitdaratio": 0.6009659451,
    "operatingIncome": 72599000,
    "operatingIncomeRatio": 0.5118733695,
    "totalOtherIncomeExpensesNet": -446000,
    "incomeBeforeTax": 72153000,
    "incomeBeforeTaxRatio": 0.5087287598,
    "incomeTaxExpense": 26043000,
    "netIncome": 45643000,
    "netIncomeRatio": 0.3218148488,
    "eps": 0.52,
    "epsdiluted": 0.52,
    "weightedAverageShsOut": 105900000,
    "weightedAverageShsOutDil": 105900000,
    "link": "https://www.sec.gov/Archives/edgar/data/1374310/000137431014000008/0001374310-14-000008-index.htm",
    "finalLink": "https://www.sec.gov/Archives/edgar/data/1374310/000137431014000008/cboe-1231201310k.htm"
  },
  {
    "date": "2013-09-30",
    "symbol": "CBOE",
    "reportedCurrency": "USD",
    "cik": "0001374310",
    "fillingDate": "2013-09-30",
    "acceptedDate": "2013-09-30 00:00:00",
    "calendarYear": "2013",
    "period": "Q3",
    "revenue": 136743000,
    "costOfRevenue": 13844000,
    "grossProfit": 122899000,
    "grossProfitRatio": 0.8987589858,
    "researchAndDevelopmentExpenses": 0,
    "generalAndAdministrativeExpenses": 27951000,
    "sellingAndMarketingExpenses": 0,
    "sellingGeneralAndAdministrativeExpenses": 27951000,
    "otherExpenses": 24627000,
    "operatingExpenses": 54472000,
    "costAndExpenses": 68316000,
    "interestIncome": 0,
    "interestExpense": 0,
    "depreciationAndAmortization": 8504000,
    "ebitda": 76931000,
    "ebitdaratio": 0.5625955259,
    "operatingIncome": 68427000,
    "operatingIncomeRatio": 0.5004058709,
    "totalOtherIncomeExpensesNet": -517000,
    "incomeBeforeTax": 67910000,
    "incomeBeforeTaxRatio": 0.4966250558,
    "incomeTaxExpense": 26554000,
    "netIncome": 40955000,
    "netIncomeRatio": 0.2995034481,
    "eps": 0.47,
    "epsdiluted": 0.47,
    "weightedAverageShsOut": 105900000,
    "weightedAverageShsOutDil": 105900000,
    "link": null,
    "finalLink": null
  },
  {
    "date": "2013-06-30",
    "symbol": "CBOE",
    "reportedCurrency": "USD",
    "cik": "0001374310",
    "fillingDate": "2013-08-06",
    "acceptedDate": "2013-08-05 18:03:47",
    "calendarYear": "2013",
    "period": "Q2",
    "revenue": 150772000,
    "costOfRevenue": 14518000,
    "grossProfit": 136254000,
    "grossProfitRatio": 0.9037089115,
    "researchAndDevelopmentExpenses": 0,
    "generalAndAdministrativeExpenses": 31237000,
    "sellingAndMarketingExpenses": 0,
    "sellingGeneralAndAdministrativeExpenses": 31237000,
    "otherExpenses": 27065000,
    "operatingExpenses": 60896000,
    "costAndExpenses": 75414000,
    "interestIncome": 0,
    "interestExpense": 0,
    "depreciationAndAmortization": 8651000,
    "ebitda": 84009000,
    "ebitdaratio": 0.5571923169,
    "operatingIncome": 75358000,
    "operatingIncomeRatio": 0.4998142891,
    "totalOtherIncomeExpensesNet": -473000,
    "incomeBeforeTax": 74885000,
    "incomeBeforeTaxRatio": 0.4966771018,
    "incomeTaxExpense": 28724000,
    "netIncome": 45477000,
    "netIncomeRatio": 0.3016276232,
    "eps": 0.52,
    "epsdiluted": 0.52,
    "weightedAverageShsOut": 105900000,
    "weightedAverageShsOutDil": 105900000,
    "link": "https://www.sec.gov/Archives/edgar/data/1374310/000137431013000039/0001374310-13-000039-index.htm",
    "finalLink": "https://www.sec.gov/Archives/edgar/data/1374310/000137431013000039/cboe630201310q.htm"
  },
  {
    "date": "2013-03-31",
    "symbol": "CBOE",
    "reportedCurrency": "USD",
    "cik": "0001374310",
    "fillingDate": "2013-05-07",
    "acceptedDate": "2013-05-07 17:20:01",
    "calendarYear": "2013",
    "period": "Q1",
    "revenue": 142705000,
    "costOfRevenue": 13169000,
    "grossProfit": 129536000,
    "grossProfitRatio": 0.9077187204,
    "researchAndDevelopmentExpenses": 0,
    "generalAndAdministrativeExpenses": 30837000,
    "sellingAndMarketingExpenses": 0,
    "sellingGeneralAndAdministrativeExpenses": 30837000,
    "otherExpenses": 27205000,
    "operatingExpenses": 60106000,
    "costAndExpenses": 73275000,
    "interestIncome": 0,
    "interestExpense": 0,
    "depreciationAndAmortization": 8311000,
    "ebitda": 77741000,
    "ebitdaratio": 0.544767177,
    "operatingIncome": 69430000,
    "operatingIncomeRatio": 0.4865281525,
    "totalOtherIncomeExpensesNet": -721000,
    "incomeBeforeTax": 68709000,
    "incomeBeforeTaxRatio": 0.4814757717,
    "incomeTaxExpense": 26336000,
    "netIncome": 41789000,
    "netIncomeRatio": 0.2928348691,
    "eps": 0.48,
    "epsdiluted": 0.48,
    "weightedAverageShsOut": 105900000,
    "weightedAverageShsOutDil": 105900000,
    "link": "https://www.sec.gov/Archives/edgar/data/1374310/000137431013000030/0001374310-13-000030-index.htm",
    "finalLink": "https://www.sec.gov/Archives/edgar/data/1374310/000137431013000030/cboe331201310q.htm"
  },
  {
    "date": "2012-12-31",
    "symbol": "CBOE",
    "reportedCurrency": "USD",
    "cik": "0001374310",
    "fillingDate": "2013-02-28",
    "acceptedDate": "2013-02-28 11:12:03",
    "calendarYear": "2012",
    "period": "Q4",
    "revenue": 130077000,
    "costOfRevenue": 11639000,
    "grossProfit": 118438000,
    "grossProfitRatio": 0.9105222291,
    "researchAndDevelopmentExpenses": 0,
    "generalAndAdministrativeExpenses": 26440000,
    "sellingAndMarketingExpenses": 0,
    "sellingGeneralAndAdministrativeExpenses": 26440000,
    "otherExpenses": 79710000,
    "operatingExpenses": 58686000,
    "costAndExpenses": 70325000,
    "interestIncome": 0,
    "interestExpense": 0,
    "depreciationAndAmortization": 6233000,
    "ebitda": 65631000,
    "ebitdaratio": 0.5045549943,
    "operatingIncome": 59752000,
    "operatingIncomeRatio": 0.4593586875,
    "totalOtherIncomeExpensesNet": -353000,
    "incomeBeforeTax": 59399000,
    "incomeBeforeTaxRatio": 0.4566449103,
    "incomeTaxExpense": 19674000,
    "netIncome": 39273000,
    "netIncomeRatio": 0.3019211698,
    "eps": 0.45,
    "epsdiluted": 0.45,
    "weightedAverageShsOut": 105900000,
    "weightedAverageShsOutDil": 105900000,
    "link": "https://www.sec.gov/Archives/edgar/data/1374310/000137431013000008/0001374310-13-000008-index.htm",
    "finalLink": "https://www.sec.gov/Archives/edgar/data/1374310/000137431013000008/cboe-12312012x10k.htm"
  },
  {
    "date": "2012-09-30",
    "symbol": "CBOE",
    "reportedCurrency": "USD",
    "cik": "0001374310",
    "fillingDate": "2012-11-06",
    "acceptedDate": "2012-11-05 18:13:54",
    "calendarYear": "2012",
    "period": "Q3",
    "revenue": 128319000,
    "costOfRevenue": 11304000,
    "grossProfit": 117015000,
    "grossProfitRatio": 0.9119070442,
    "researchAndDevelopmentExpenses": 0,
    "generalAndAdministrativeExpenses": 57854000,
    "sellingAndMarketingExpenses": 0,
    "sellingGeneralAndAdministrativeExpenses": 57854000,
    "otherExpenses": 9604000,
    "operatingExpenses": 67458000,
    "costAndExpenses": 67458000,
    "interestIncome": 41000,
    "interestExpense": 0,
    "depreciationAndAmortization": 8656000,
    "ebitda": 69517000,
    "ebitdaratio": 0.5417514164,
    "operatingIncome": 60861000,
    "operatingIncomeRatio": 0.4742945316,
    "totalOtherIncomeExpensesNet": -327000,
    "incomeBeforeTax": 60534000,
    "incomeBeforeTaxRatio": 0.471746195,
    "incomeTaxExpense": 14776000,
    "netIncome": 45243000,
    "netIncomeRatio": 0.3525822365,
    "eps": 0.52,
    "epsdiluted": 0.52,
    "weightedAverageShsOut": 105900000,
    "weightedAverageShsOutDil": 105900000,
    "link": "https://www.sec.gov/Archives/edgar/data/1374310/000137431012000024/0001374310-12-000024-index.htm",
    "finalLink": "https://www.sec.gov/Archives/edgar/data/1374310/000137431012000024/cboe930201210q.htm"
  },
  {
    "date": "2012-06-30",
    "symbol": "CBOE",
    "reportedCurrency": "USD",
    "cik": "0001374310",
    "fillingDate": "2012-08-07",
    "acceptedDate": "2012-08-07 15:33:00",
    "calendarYear": "2012",
    "period": "Q2",
    "revenue": 132549000,
    "costOfRevenue": 12001000,
    "grossProfit": 120548000,
    "grossProfitRatio": 0.9094598978,
    "researchAndDevelopmentExpenses": 0,
    "generalAndAdministrativeExpenses": 57198000,
    "sellingAndMarketingExpenses": 0,
    "sellingGeneralAndAdministrativeExpenses": 57198000,
    "otherExpenses": 9282000,
    "operatingExpenses": 66480000,
    "costAndExpenses": 66480000,
    "interestIncome": 26000,
    "interestExpense": 0,
    "depreciationAndAmortization": 8342000,
    "ebitda": 74411000,
    "ebitdaratio": 0.5613848464,
    "operatingIncome": 66069000,
    "operatingIncomeRatio": 0.4984496299,
    "totalOtherIncomeExpensesNet": -411000,
    "incomeBeforeTax": 65658000,
    "incomeBeforeTaxRatio": 0.4953488898,
    "incomeTaxExpense": 27162000,
    "netIncome": 37903000,
    "netIncomeRatio": 0.2859546281,
    "eps": 0.44,
    "epsdiluted": 0.44,
    "weightedAverageShsOut": 105900000,
    "weightedAverageShsOutDil": 105900000,
    "link": "https://www.sec.gov/Archives/edgar/data/1374310/000137431012000019/0001374310-12-000019-index.htm",
    "finalLink": "https://www.sec.gov/Archives/edgar/data/1374310/000137431012000019/cboe630201210q.htm"
  },
  {
    "date": "2012-03-31",
    "symbol": "CBOE",
    "reportedCurrency": "USD",
    "cik": "0001374310",
    "fillingDate": "2012-05-08",
    "acceptedDate": "2012-05-08 17:28:12",
    "calendarYear": "2012",
    "period": "Q1",
    "revenue": 121392000,
    "costOfRevenue": 11191000,
    "grossProfit": 110201000,
    "grossProfitRatio": 0.9078110584,
    "researchAndDevelopmentExpenses": 0,
    "generalAndAdministrativeExpenses": 54669000,
    "sellingAndMarketingExpenses": 0,
    "sellingGeneralAndAdministrativeExpenses": 54669000,
    "otherExpenses": 9308000,
    "operatingExpenses": 63977000,
    "costAndExpenses": 63977000,
    "interestIncome": 23000,
    "interestExpense": 0,
    "depreciationAndAmortization": 8342000,
    "ebitda": 65757000,
    "ebitdaratio": 0.54169138,
    "operatingIncome": 57415000,
    "operatingIncomeRatio": 0.4729718598,
    "totalOtherIncomeExpensesNet": -453000,
    "incomeBeforeTax": 56962000,
    "incomeBeforeTaxRatio": 0.4692401476,
    "incomeTaxExpense": 23545000,
    "netIncome": 32863000,
    "netIncomeRatio": 0.2707180045,
    "eps": 0.37,
    "epsdiluted": 0.37,
    "weightedAverageShsOut": 105900000,
    "weightedAverageShsOutDil": 105900000,
    "link": "https://www.sec.gov/Archives/edgar/data/1374310/000137431012000011/0001374310-12-000011-index.htm",
    "finalLink": "https://www.sec.gov/Archives/edgar/data/1374310/000137431012000011/cboe331201210q.htm"
  },
  {
    "date": "2011-12-31",
    "symbol": "CBOE",
    "reportedCurrency": "USD",
    "cik": "0001374310",
    "fillingDate": "2012-02-28",
    "acceptedDate": "2012-02-28 10:10:13",
    "calendarYear": "2011",
    "period": "Q4",
    "revenue": 120209000,
    "costOfRevenue": 0,
    "grossProfit": 120209000,
    "grossProfitRatio": 1,
    "researchAndDevelopmentExpenses": 0,
    "generalAndAdministrativeExpenses": 58745000,
    "sellingAndMarketingExpenses": 0,
    "sellingGeneralAndAdministrativeExpenses": 58745000,
    "otherExpenses": 8783000,
    "operatingExpenses": 67528000,
    "costAndExpenses": 67528000,
    "interestIncome": 0,
    "interestExpense": 206000,
    "depreciationAndAmortization": 7529000,
    "ebitda": 60072000,
    "ebitdaratio": 0.4997296375,
    "operatingIncome": 52681000,
    "operatingIncomeRatio": 0.4382450565,
    "totalOtherIncomeExpensesNet": -344000,
    "incomeBeforeTax": 52337000,
    "incomeBeforeTaxRatio": 0.435383374,
    "incomeTaxExpense": 20530000,
    "netIncome": 31277000,
    "netIncomeRatio": 0.260188505,
    "eps": 0.35,
    "epsdiluted": 0.35,
    "weightedAverageShsOut": 105900000,
    "weightedAverageShsOutDil": 105900000,
    "link": "https://www.sec.gov/Archives/edgar/data/1374310/000144530512000485/0001445305-12-000485-index.htm",
    "finalLink": "https://www.sec.gov/Archives/edgar/data/1374310/000144530512000485/cboe-12312011x10k.htm"
  },
  {
    "date": "2011-09-30",
    "symbol": "CBOE",
    "reportedCurrency": "USD",
    "cik": "0001374310",
    "fillingDate": "2011-11-08",
    "acceptedDate": "2011-11-08 14:26:03",
    "calendarYear": "2011",
    "period": "Q3",
    "revenue": 143604000,
    "costOfRevenue": 0,
    "grossProfit": 143604000,
    "grossProfitRatio": 1,
    "researchAndDevelopmentExpenses": 0,
    "generalAndAdministrativeExpenses": 58141000,
    "sellingAndMarketingExpenses": 0,
    "sellingGeneralAndAdministrativeExpenses": 58141000,
    "otherExpenses": 10497000,
    "operatingExpenses": 68638000,
    "costAndExpenses": 68638000,
    "interestIncome": 15000,
    "interestExpense": 226000,
    "depreciationAndAmortization": 8918000,
    "ebitda": 83709000,
    "ebitdaratio": 0.5829155177,
    "operatingIncome": 74966000,
    "operatingIncomeRatio": 0.5220328125,
    "totalOtherIncomeExpensesNet": -401000,
    "incomeBeforeTax": 74565000,
    "incomeBeforeTaxRatio": 0.5192404111,
    "incomeTaxExpense": 33238000,
    "netIncome": 40597000,
    "netIncomeRatio": 0.282701039,
    "eps": 0.45,
    "epsdiluted": 0.45,
    "weightedAverageShsOut": 105900000,
    "weightedAverageShsOutDil": 105900000,
    "link": "https://www.sec.gov/Archives/edgar/data/1374310/000144530511003304/0001445305-11-003304-index.htm",
    "finalLink": "https://www.sec.gov/Archives/edgar/data/1374310/000144530511003304/cboe930201110q.htm"
  },
  {
    "date": "2011-06-29",
    "symbol": "CBOE",
    "reportedCurrency": "USD",
    "cik": "0001374310",
    "fillingDate": "2011-08-09",
    "acceptedDate": "2011-08-09 17:01:35",
    "calendarYear": "2011",
    "period": "Q2",
    "revenue": 120290000,
    "costOfRevenue": 0,
    "grossProfit": 120290000,
    "grossProfitRatio": 1,
    "researchAndDevelopmentExpenses": 0,
    "generalAndAdministrativeExpenses": 53255000,
    "sellingAndMarketingExpenses": 0,
    "sellingGeneralAndAdministrativeExpenses": 53255000,
    "otherExpenses": 10583000,
    "operatingExpenses": 63838000,
    "costAndExpenses": 63838000,
    "interestIncome": 61000,
    "interestExpense": 223000,
    "depreciationAndAmortization": 9019000,
    "ebitda": 65532000,
    "ebitdaratio": 0.54478344,
    "operatingIncome": 56452000,
    "operatingIncomeRatio": 0.4692991936,
    "totalOtherIncomeExpensesNet": -162000,
    "incomeBeforeTax": 56290000,
    "incomeBeforeTaxRatio": 0.4679524483,
    "incomeTaxExpense": 22889000,
    "netIncome": 32609000,
    "netIncomeRatio": 0.2710865409,
    "eps": 0.36,
    "epsdiluted": 0.36,
    "weightedAverageShsOut": 105900000,
    "weightedAverageShsOutDil": 105900000,
    "link": "https://www.sec.gov/Archives/edgar/data/1374310/000144530511002460/0001445305-11-002460-index.htm",
    "finalLink": "https://www.sec.gov/Archives/edgar/data/1374310/000144530511002460/cboe630201110q.htm"
  },
  {
    "date": "2011-03-31",
    "symbol": "CBOE",
    "reportedCurrency": "USD",
    "cik": "0001374310",
    "fillingDate": "2011-05-10",
    "acceptedDate": "2011-05-10 11:37:20",
    "calendarYear": "2011",
    "period": "Q1",
    "revenue": 124042000,
    "costOfRevenue": 0,
    "grossProfit": 124042000,
    "grossProfitRatio": 1,
    "researchAndDevelopmentExpenses": 0,
    "generalAndAdministrativeExpenses": 56825000,
    "sellingAndMarketingExpenses": 0,
    "sellingGeneralAndAdministrativeExpenses": 56825000,
    "otherExpenses": 9682000,
    "operatingExpenses": 66507000,
    "costAndExpenses": 66507000,
    "interestIncome": 42000,
    "interestExpense": 225000,
    "depreciationAndAmortization": 8718000,
    "ebitda": 65835000,
    "ebitdaratio": 0.53074765,
    "operatingIncome": 57535000,
    "operatingIncomeRatio": 0.4638348301,
    "totalOtherIncomeExpensesNet": -643000,
    "incomeBeforeTax": 56892000,
    "incomeBeforeTaxRatio": 0.458651102,
    "incomeTaxExpense": 24021000,
    "netIncome": 32089000,
    "netIncomeRatio": 0.2586946357,
    "eps": 0.36,
    "epsdiluted": 0.36,
    "weightedAverageShsOut": 105900000,
    "weightedAverageShsOutDil": 105900000,
    "link": "https://www.sec.gov/Archives/edgar/data/1374310/000110465911027658/0001104659-11-027658-index.htm",
    "finalLink": "https://www.sec.gov/Archives/edgar/data/1374310/000110465911027658/a11-9219_110q.htm"
  },
  {
    "date": "2010-12-31",
    "symbol": "CBOE",
    "reportedCurrency": "USD",
    "cik": "0001374310",
    "fillingDate": "2011-03-16",
    "acceptedDate": "2011-03-16 12:19:50",
    "calendarYear": "2010",
    "period": "Q4",
    "revenue": 117391000,
    "costOfRevenue": 0,
    "grossProfit": 117391000,
    "grossProfitRatio": 1,
    "researchAndDevelopmentExpenses": 0,
    "generalAndAdministrativeExpenses": 56280000,
    "sellingAndMarketingExpenses": 0,
    "sellingGeneralAndAdministrativeExpenses": 56280000,
    "otherExpenses": 9257000,
    "operatingExpenses": 65537000,
    "costAndExpenses": 65537000,
    "interestIncome": 0,
    "interestExpense": 225000,
    "depreciationAndAmortization": 8207000,
    "ebitda": 58388000,
    "ebitdaratio": 0.4973805488,
    "operatingIncome": 51854000,
    "operatingIncomeRatio": 0.4417204045,
    "totalOtherIncomeExpensesNet": -1898000,
    "incomeBeforeTax": 49956000,
    "incomeBeforeTaxRatio": 0.4255522144,
    "incomeTaxExpense": 18579000,
    "netIncome": 31377000,
    "netIncomeRatio": 0.2672862485,
    "eps": 0.33,
    "epsdiluted": 0.33,
    "weightedAverageShsOut": 105900000,
    "weightedAverageShsOutDil": 105900000,
    "link": "https://www.sec.gov/Archives/edgar/data/1374310/000104746911002202/0001047469-11-002202-index.htm",
    "finalLink": "https://www.sec.gov/Archives/edgar/data/1374310/000104746911002202/a2202482z10-k.htm"
  },
  {
    "date": "2010-09-30",
    "symbol": "CBOE",
    "reportedCurrency": "USD",
    "cik": "0001374310",
    "fillingDate": "2010-11-12",
    "acceptedDate": "2010-11-12 06:01:16",
    "calendarYear": "2010",
    "period": "Q3",
    "revenue": 106015000,
    "costOfRevenue": 0,
    "grossProfit": 106015000,
    "grossProfitRatio": 1,
    "researchAndDevelopmentExpenses": 0,
    "generalAndAdministrativeExpenses": 63202000,
    "sellingAndMarketingExpenses": 0,
    "sellingGeneralAndAdministrativeExpenses": 63202000,
    "otherExpenses": 7880000,
    "operatingExpenses": 71082000,
    "costAndExpenses": 71082000,
    "interestIncome": 0,
    "interestExpense": 225000,
    "depreciationAndAmortization": 7117000,
    "ebitda": 42040000,
    "ebitdaratio": 0.3965476584,
    "operatingIncome": 34933000,
    "operatingIncomeRatio": 0.329509975,
    "totalOtherIncomeExpensesNet": -235000,
    "incomeBeforeTax": 34698000,
    "incomeBeforeTaxRatio": 0.3272933076,
    "incomeTaxExpense": 14244000,
    "netIncome": 20020000,
    "netIncomeRatio": 0.1888412017,
    "eps": 0.2,
    "epsdiluted": 0.2,
    "weightedAverageShsOut": 105900000,
    "weightedAverageShsOutDil": 105900000,
    "link": "https://www.sec.gov/Archives/edgar/data/1374310/000110465910057704/0001104659-10-057704-index.htm",
    "finalLink": "https://www.sec.gov/Archives/edgar/data/1374310/000110465910057704/a10-17708_110q.htm"
  },
  {
    "date": "2010-06-30",
    "symbol": "CBOE",
    "reportedCurrency": "USD",
    "cik": "0001374310",
    "fillingDate": "2010-08-12",
    "acceptedDate": "2010-08-12 16:11:48",
    "calendarYear": "2010",
    "period": "Q2",
    "revenue": 112618000,
    "costOfRevenue": 0,
    "grossProfit": 112618000,
    "grossProfitRatio": 1,
    "researchAndDevelopmentExpenses": 0,
    "generalAndAdministrativeExpenses": 61218000,
    "sellingAndMarketingExpenses": 0,
    "sellingGeneralAndAdministrativeExpenses": 61218000,
    "otherExpenses": 9574000,
    "operatingExpenses": 70792000,
    "costAndExpenses": 70792000,
    "interestIncome": 0,
    "interestExpense": 224000,
    "depreciationAndAmortization": 7318000,
    "ebitda": 49110000,
    "ebitdaratio": 0.4360759381,
    "operatingIncome": 41826000,
    "operatingIncomeRatio": 0.3713971124,
    "totalOtherIncomeExpensesNet": -258000,
    "incomeBeforeTax": 41568000,
    "incomeBeforeTaxRatio": 0.369106182,
    "incomeTaxExpense": 16678000,
    "netIncome": 24779000,
    "netIncomeRatio": 0.2200269939,
    "eps": 0.27,
    "epsdiluted": 0.27,
    "weightedAverageShsOut": 105900000,
    "weightedAverageShsOutDil": 105900000,
    "link": "https://www.sec.gov/Archives/edgar/data/1374310/000110465910044076/0001104659-10-044076-index.htm",
    "finalLink": "https://www.sec.gov/Archives/edgar/data/1374310/000110465910044076/a10-15330_110q.htm"
  },
  {
    "date": "2010-03-31",
    "symbol": "CBOE",
    "reportedCurrency": "USD",
    "cik": "0001374310",
    "fillingDate": "2010-06-11",
    "acceptedDate": "2010-06-11 15:19:09",
    "calendarYear": "2010",
    "period": "Q1",
    "revenue": 101081000,
    "costOfRevenue": 0,
    "grossProfit": 101081000,
    "grossProfitRatio": 1,
    "researchAndDevelopmentExpenses": 0,
    "generalAndAdministrativeExpenses": 54306000,
    "sellingAndMarketingExpenses": 0,
    "sellingGeneralAndAdministrativeExpenses": 54306000,
    "otherExpenses": 8046000,
    "operatingExpenses": 62352000,
    "costAndExpenses": 62352000,
    "interestIncome": 0,
    "interestExpense": 222000,
    "depreciationAndAmortization": 7318000,
    "ebitda": 45942000,
    "ebitdaratio": 0.4545067817,
    "operatingIncome": 38729000,
    "operatingIncomeRatio": 0.3831481683,
    "totalOtherIncomeExpensesNet": -327000,
    "incomeBeforeTax": 38402000,
    "incomeBeforeTaxRatio": 0.379913139,
    "incomeTaxExpense": 15726000,
    "netIncome": 22676000,
    "netIncomeRatio": 0.2243349393,
    "eps": 0.25,
    "epsdiluted": 0.25,
    "weightedAverageShsOut": 105900000,
    "weightedAverageShsOutDil": 105900000,
    "link": "https://www.sec.gov/Archives/edgar/data/1374310/000110465910033480/0001104659-10-033480-index.htm",
    "finalLink": "https://www.sec.gov/Archives/edgar/data/1374310/000110465910033480/a10-11778_110q.htm"
  },
  {
    "date": "2009-12-31",
    "symbol": "CBOE",
    "reportedCurrency": "USD",
    "cik": "0001374310",
    "fillingDate": "2009-12-31",
    "acceptedDate": "2009-12-31 00:00:00",
    "calendarYear": "2009",
    "period": "Q4",
    "revenue": 120833000,
    "costOfRevenue": 0,
    "grossProfit": 120833000,
    "grossProfitRatio": 1,
    "researchAndDevelopmentExpenses": 0,
    "generalAndAdministrativeExpenses": 55876000,
    "sellingAndMarketingExpenses": 0,
    "sellingGeneralAndAdministrativeExpenses": 55876000,
    "otherExpenses": 8276000,
    "operatingExpenses": 64152000,
    "costAndExpenses": 64152000,
    "interestIncome": 0,
    "interestExpense": 220000,
    "depreciationAndAmortization": 6874000,
    "ebitda": 63666000,
    "ebitdaratio": 0.526892488,
    "operatingIncome": 56681000,
    "operatingIncomeRatio": 0.469085432,
    "totalOtherIncomeExpensesNet": -109000,
    "incomeBeforeTax": 56572000,
    "incomeBeforeTaxRatio": 0.4681833605,
    "incomeTaxExpense": 21668000,
    "netIncome": 34904000,
    "netIncomeRatio": 0.2888614865,
    "eps": 0.38,
    "epsdiluted": 0.38,
    "weightedAverageShsOut": 105900000,
    "weightedAverageShsOutDil": 105900000,
    "link": null,
    "finalLink": null
  },
  {
    "date": "2009-09-30",
    "symbol": "CBOE",
    "reportedCurrency": "USD",
    "cik": "0001374310",
    "fillingDate": "2009-09-30",
    "acceptedDate": "2009-09-30 00:00:00",
    "calendarYear": "2009",
    "period": "Q3",
    "revenue": 98199000,
    "costOfRevenue": 0,
    "grossProfit": 98199000,
    "grossProfitRatio": 1,
    "researchAndDevelopmentExpenses": 0,
    "generalAndAdministrativeExpenses": 57272000,
    "sellingAndMarketingExpenses": 0,
    "sellingGeneralAndAdministrativeExpenses": 57272000,
    "otherExpenses": 7925000,
    "operatingExpenses": 65197000,
    "costAndExpenses": 65197000,
    "interestIncome": 0,
    "interestExpense": 220000,
    "depreciationAndAmortization": 6900000,
    "ebitda": 39896000,
    "ebitdaratio": 0.4062770497,
    "operatingIncome": 33002000,
    "operatingIncomeRatio": 0.3360726688,
    "totalOtherIncomeExpensesNet": -226000,
    "incomeBeforeTax": 32776000,
    "incomeBeforeTaxRatio": 0.3337712197,
    "incomeTaxExpense": 13616000,
    "netIncome": 19160000,
    "netIncomeRatio": 0.1951140032,
    "eps": 0.21,
    "epsdiluted": 0.21,
    "weightedAverageShsOut": 105900000,
    "weightedAverageShsOutDil": 105900000,
    "link": null,
    "finalLink": null
  },
  {
    "date": "2009-06-30",
    "symbol": "CBOE",
    "reportedCurrency": "USD",
    "cik": "0001374310",
    "fillingDate": "2009-06-30",
    "acceptedDate": "2009-06-30 00:00:00",
    "calendarYear": "2009",
    "period": "Q2",
    "revenue": 108985000,
    "costOfRevenue": 0,
    "grossProfit": 108985000,
    "grossProfitRatio": 1,
    "researchAndDevelopmentExpenses": 0,
    "generalAndAdministrativeExpenses": 53501000,
    "sellingAndMarketingExpenses": 0,
    "sellingGeneralAndAdministrativeExpenses": 53501000,
    "otherExpenses": 7902000,
    "operatingExpenses": 61403000,
    "costAndExpenses": 61403000,
    "interestIncome": 0,
    "interestExpense": 218000,
    "depreciationAndAmortization": 7044000,
    "ebitda": 54375000,
    "ebitdaratio": 0.49892187,
    "operatingIncome": 47582000,
    "operatingIncomeRatio": 0.4365921916,
    "totalOtherIncomeExpensesNet": -89000,
    "incomeBeforeTax": 47493000,
    "incomeBeforeTaxRatio": 0.4357755654,
    "incomeTaxExpense": 19384000,
    "netIncome": 28109000,
    "netIncomeRatio": 0.257916227,
    "eps": 0.31,
    "epsdiluted": 0.31,
    "weightedAverageShsOut": 105900000,
    "weightedAverageShsOutDil": 105900000,
    "link": null,
    "finalLink": null
  },
  {
    "date": "2009-03-31",
    "symbol": "CBOE",
    "reportedCurrency": "USD",
    "cik": "0001374310",
    "fillingDate": "2009-03-31",
    "acceptedDate": "2009-03-31 00:00:00",
    "calendarYear": "2009",
    "period": "Q1",
    "revenue": 98067000,
    "costOfRevenue": 0,
    "grossProfit": 98067000,
    "grossProfitRatio": 1,
    "researchAndDevelopmentExpenses": 0,
    "generalAndAdministrativeExpenses": 48703000,
    "sellingAndMarketingExpenses": 0,
    "sellingGeneralAndAdministrativeExpenses": 48703000,
    "otherExpenses": 9044000,
    "operatingExpenses": 57747000,
    "costAndExpenses": 57747000,
    "interestIncome": 0,
    "interestExpense": 217000,
    "depreciationAndAmortization": 6907000,
    "ebitda": 47001000,
    "ebitdaratio": 0.4792743736,
    "operatingIncome": 40320000,
    "operatingIncomeRatio": 0.4111474808,
    "totalOtherIncomeExpensesNet": 69000,
    "incomeBeforeTax": 40389000,
    "incomeBeforeTaxRatio": 0.4118510814,
    "incomeTaxExpense": 16111000,
    "netIncome": 24278000,
    "netIncomeRatio": 0.24756544,
    "eps": 0.27,
    "epsdiluted": 0.27,
    "weightedAverageShsOut": 105900000,
    "weightedAverageShsOutDil": 105900000,
    "link": null,
    "finalLink": null
  }
]