[
  {
    "date": "2024-12-31",
    "symbol": "CBOE",
    "reportedCurrency": "USD",
    "cik": "0001374310",
    "fillingDate": "2025-02-21",
    "acceptedDate": "2025-02-21 08:17:47",
    "calendarYear": "2024",
    "period": "FY",
    "revenue": 4094500000,
    "costOfRevenue": 2484500000,
    "grossProfit": 1610000000,
    "grossProfitRatio": 0.3932104042,
    "researchAndDevelopmentExpenses": 0,
    "generalAndAdministrativeExpenses": 557200000,
    "sellingAndMarketingExpenses": 45800000,
    "sellingGeneralAndAdministrativeExpenses": 730400000,
    "otherExpenses": -91400000,
    "operatingExpenses": 511600000,
    "costAndExpenses": 2996100000,
    "interestIncome": 27300000,
    "interestExpense": 51500000,
    "depreciationAndAmortization": 133000000,
    "ebitda": 1268300000,
    "ebitdaratio": 0.3097569911,
    "operatingIncome": 1098400000,
    "operatingIncomeRatio": 0.2682623031,
    "totalOtherIncomeExpensesNet": -14600000,
    "incomeBeforeTax": 1083800000,
    "incomeBeforeTaxRatio": 0.2646965441,
    "incomeTaxExpense": 318900000,
    "netIncome": 764900000,
    "netIncomeRatio": 0.1868115765,
    "eps": 7.31,
    "epsdiluted": 7.29,
    "weightedAverageShsOut": 105100000,
    "weightedAverageShsOutDil": 105500000,
    "link": "https://www.sec.gov/Archives/edgar/data/1374310/000162828025006984/0001628280-25-006984-index.htm",
    "finalLink": "https://www.sec.gov/Archives/edgar/data/1374310/000162828025006984/cboe-20241231.htm"
  },
  {
    "date": "2023-12-31",
    "symbol": "CBOE",
    "reportedCurrency": "USD",
    "cik": "0001374310",
    "fillingDate": "2024-02-16",
    "acceptedDate": "2024-02-16 08:31:03",
    "calendarYear": "2023",
    "period": "FY",
    "revenue": 3773500000,
    "costOfRevenue": 1855500000,
    "grossProfit": 1918000000,
    "grossProfitRatio": 0.5082814363,
    "researchAndDevelopmentExpenses": 0,
    "generalAndAdministrativeExpenses": 182900000,
    "sellingAndMarketingExpenses": 497900000,
    "sellingGeneralAndAdministrativeExpenses": 680800000,
    "otherExpenses": 179300000,
    "operatingExpenses": 860100000,
    "costAndExpenses": 2715600000,
    "interestIncome": 12000000,
    "interestExpense": 62400000,
    "depreciationAndAmortization": 158000000,
    "ebitda": 1268000000,
    "ebitdaratio": 0.3360275606,
    "operatingIncome": 1057900000,
    "operatingIncomeRatio": 0.2803498079,
    "totalOtherIncomeExpensesNet": -10300000,
    "incomeBeforeTax": 1047600000,
    "incomeBeforeTaxRatio": 0.2776202465,
    "incomeTaxExpense": 286200000,
    "netIncome": 761400000,
    "netIncomeRatio": 0.2017755399,
    "eps": 7.16,
    "epsdiluted": 7.13,
    "weightedAverageShsOut": 105800000,
    "weightedAverageShsOutDil": 106200000,
    "link": "https://www.sec.gov/Archives/edgar/data/1374310/000155837024001277/0001558370-24-001277-index.htm",
    "finalLink": "https://www.sec.gov/Archives/edgar/data/1374310/000155837024001277/cboe-20231231x10k.htm"
  },
  {
    "date": "2022-12-31",
    "symbol": "CBOE",
    "reportedCurrency": "USD",
    "cik": "0001374310",
    "fillingDate": "2023-02-17",
    "acceptedDate": "2023-02-17 08:31:17",
    "calendarYear": "2022",
    "period": "FY",
    "revenue": 3958500000,
    "costOfRevenue": 2216800000,
    "grossProfit": 1741700000,
    "grossProfitRatio": 0.4399898952,
    "researchAndDevelopmentExpenses": 0,
    "generalAndAdministrativeExpenses": 452000000,
    "sellingAndMarketingExpenses": 23700000,
    "sellingGeneralAndAdministrativeExpenses": 475700000,
    "otherExpenses": 217900000,
    "operatingExpenses": 771300000,
    "costAndExpenses": 2988100000,
    "interestIncome": 3600000,
    "interestExpense": 60000000,
    "depreciationAndAmortization": 2988100000,
    "ebitda": 1137200000,
    "ebitdaratio": 0.2872805356,
    "operatingIncome": 970100000,
    "operatingIncomeRatio": 0.2450675761,
    "totalOtherIncomeExpensesNet": -56700000,
    "incomeBeforeTax": 432900000,
    "incomeBeforeTaxRatio": 0.1093596059,
    "incomeTaxExpense": 197900000,
    "netIncome": 235000000,
    "netIncomeRatio": 0.0593659214,
    "eps": 2.21,
    "epsdiluted": 2.2,
    "weightedAverageShsOut": 106300000,
    "weightedAverageShsOutDil": 106700000,
    "link": "https://www.sec.gov/Archives/edgar/data/1374310/000155837023001489/0001558370-23-001489-index.htm",
    "finalLink": "https://www.sec.gov/Archives/edgar/data/1374310/000155837023001489/cboe-20221231x10k.htm"
  },
  {
    "date": "2021-12-31",
    "symbol": "CBOE",
    "reportedCurrency": "USD",
    "cik": "0001374310",
    "fillingDate": "2022-02-18",
    "acceptedDate": "2022-02-18 08:31:51",
    "calendarYear": "2021",
    "period": "FY",
    "revenue": 3494800000,
    "costOfRevenue": 2307200000,
    "grossProfit": 1187600000,
    "grossProfitRatio": 0.3398191599,
    "researchAndDevelopmentExpenses": 0,
    "generalAndAdministrativeExpenses": 372200000,
    "sellingAndMarketingExpenses": 9700000,
    "sellingGeneralAndAdministrativeExpenses": 381900000,
    "otherExpenses": 282400000,
    "operatingExpenses": 366100000,
    "costAndExpenses": 2673300000,
    "interestIncome": 600000,
    "interestExpense": 48000000,
    "depreciationAndAmortization": 2673300000,
    "ebitda": 988900000,
    "ebitdaratio": 0.2829632597,
    "operatingIncome": 805900000,
    "operatingIncomeRatio": 0.2305997482,
    "totalOtherIncomeExpensesNet": -49800000,
    "incomeBeforeTax": 756100000,
    "incomeBeforeTaxRatio": 0.2163500057,
    "incomeTaxExpense": 227100000,
    "netIncome": 529000000,
    "netIncomeRatio": 0.1513677464,
    "eps": 4.93,
    "epsdiluted": 4.92,
    "weightedAverageShsOut": 107000000,
    "weightedAverageShsOutDil": 107200000,
    "link": "https://www.sec.gov/Archives/edgar/data/1374310/000155837022001386/0001558370-22-001386-index.htm",
    "finalLink": "https://www.sec.gov/Archives/edgar/data/1374310/000155837022001386/cboe-20211231x10k.htm"
  },
  {
    "date": "2020-12-31",
    "symbol": "CBOE",
    "reportedCurrency": "USD",
    "cik": "0001374310",
    "fillingDate": "2021-02-19",
    "acceptedDate": "2021-02-19 16:09:49",
    "calendarYear": "2020",
    "period": "FY",
    "revenue": 3427100000,
    "costOfRevenue": 2397700000,
    "grossProfit": 1029400000,
    "grossProfitRatio": 0.3003705757,
    "researchAndDevelopmentExpenses": 0,
    "generalAndAdministrativeExpenses": 285500000,
    "sellingAndMarketingExpenses": 6600000,
    "sellingGeneralAndAdministrativeExpenses": 292100000,
    "otherExpenses": 261400000,
    "operatingExpenses": 322000000,
    "costAndExpenses": 2719700000,
    "interestIncome": 1100000,
    "interestExpense": 38700000,
    "depreciationAndAmortization": 2719700000,
    "ebitda": 865900000,
    "ebitdaratio": 0.252662601,
    "operatingIncome": 662200000,
    "operatingIncomeRatio": 0.1932245922,
    "totalOtherIncomeExpensesNet": -1800000,
    "incomeBeforeTax": 660400000,
    "incomeBeforeTaxRatio": 0.1926993668,
    "incomeTaxExpense": 192200000,
    "netIncome": 468200000,
    "netIncomeRatio": 0.1366169648,
    "eps": 4.28,
    "epsdiluted": 4.27,
    "weightedAverageShsOut": 109100000,
    "weightedAverageShsOutDil": 109300000,
    "link": "https://www.sec.gov/Archives/edgar/data/1374310/000155837021001286/0001558370-21-001286-index.htm",
    "finalLink": "https://www.sec.gov/Archives/edgar/data/1374310/000155837021001286/cboe-20201231x10k.htm"
  },
  {
    "date": "2019-12-31",
    "symbol": "CBOE",
    "reportedCurrency": "USD",
    "cik": "0001374310",
    "fillingDate": "2020-02-21",
    "acceptedDate": "2020-02-21 08:04:06",
    "calendarYear": "2019",
    "period": "FY",
    "revenue": 2496100000,
    "costOfRevenue": 1558200000,
    "grossProfit": 937900000,
    "grossProfitRatio": 0.375746164,
    "researchAndDevelopmentExpenses": 0,
    "generalAndAdministrativeExpenses": 68300000,
    "sellingAndMarketingExpenses": 0,
    "sellingGeneralAndAdministrativeExpenses": 68300000,
    "otherExpenses": 283900000,
    "operatingExpenses": 352200000,
    "costAndExpenses": 1910400000,
    "interestIncome": 1900000,
    "interestExpense": 37800000,
    "depreciationAndAmortization": 1948200000,
    "ebitda": 724500000,
    "ebitdaratio": 0.2902527944,
    "operatingIncome": 537200000,
    "operatingIncomeRatio": 0.2152157365,
    "totalOtherIncomeExpensesNet": -35800000,
    "incomeBeforeTax": 501400000,
    "incomeBeforeTaxRatio": 0.2008733624,
    "incomeTaxExpense": 130600000,
    "netIncome": 374900000,
    "netIncomeRatio": 0.1501943031,
    "eps": 3.37,
    "epsdiluted": 3.35,
    "weightedAverageShsOut": 111400000,
    "weightedAverageShsOutDil": 111800000,
    "link": "https://www.sec.gov/Archives/edgar/data/1374310/000155837020001127/0001558370-20-001127-index.htm",
    "finalLink": "https://www.sec.gov/Archives/edgar/data/1374310/000155837020001127/cboe-20191231x10k3d7487.htm"
  },
  {
    "date": "2018-12-31",
    "symbol": "CBOE",
    "reportedCurrency": "USD",
    "cik": "0001374310",
    "fillingDate": "2019-02-22",
    "acceptedDate": "2019-02-22 08:40:36",
    "calendarYear": "2018",
    "period": "FY",
    "revenue": 2768800000,
    "costOfRevenue": 1780700000,
    "grossProfit": 988100000,
    "grossProfitRatio": 0.3568694019,
    "researchAndDevelopmentExpenses": 0,
    "generalAndAdministrativeExpenses": 68300000,
    "sellingAndMarketingExpenses": 0,
    "sellingGeneralAndAdministrativeExpenses": 68300000,
    "otherExpenses": 10000000,
    "operatingExpenses": 358600000,
    "costAndExpenses": 2139300000,
    "interestIncome": 2300000,
    "interestExpense": 38200000,
    "depreciationAndAmortization": 2179800000,
    "ebitda": 793000000,
    "ebitdaratio": 0.2864056631,
    "operatingIncome": 599400000,
    "operatingIncomeRatio": 0.2164836752,
    "totalOtherIncomeExpensesNet": -28200000,
    "incomeBeforeTax": 571200000,
    "incomeBeforeTaxRatio": 0.2062987576,
    "incomeTaxExpense": 146000000,
    "netIncome": 426500000,
    "netIncomeRatio": 0.1540378503,
    "eps": 3.81,
    "epsdiluted": 3.8,
    "weightedAverageShsOut": 111800000,
    "weightedAverageShsOutDil": 112200000,
    "link": "https://www.sec.gov/Archives/edgar/data/1374310/000155837019000884/0001558370-19-000884-index.htm",
    "finalLink": "https://www.sec.gov/Archives/edgar/data/1374310/000155837019000884/cboe-20181231x10k.htm"
  },
  {
    "date": "2017-12-31",
    "symbol": "CBOE",
    "reportedCurrency": "USD",
    "cik": "0001374310",
    "fillingDate": "2018-02-22",
    "acceptedDate": "2018-02-22 17:17:52",
    "calendarYear": "2017",
    "period": "FY",
    "revenue": 2229100000,
    "costOfRevenue": 1434900000,
    "grossProfit": 794200000,
    "grossProfitRatio": 0.3562872908,
    "researchAndDevelopmentExpenses": 0,
    "generalAndAdministrativeExpenses": 66000000,
    "sellingAndMarketingExpenses": 0,
    "sellingGeneralAndAdministrativeExpenses": 66000000,
    "otherExpenses": 3800000,
    "operatingExpenses": 336900000,
    "costAndExpenses": 1771800000,
    "interestIncome": 1300000,
    "interestExpense": 41300000,
    "depreciationAndAmortization": 1814400000,
    "ebitda": 606900000,
    "ebitdaratio": 0.272262348,
    "operatingIncome": 371900000,
    "operatingIncomeRatio": 0.1668386344,
    "totalOtherIncomeExpensesNet": -37500000,
    "incomeBeforeTax": 334400000,
    "incomeBeforeTaxRatio": 0.1500157014,
    "incomeTaxExpense": -66200000,
    "netIncome": 401700000,
    "netIncomeRatio": 0.1802072585,
    "eps": 3.7,
    "epsdiluted": 3.69,
    "weightedAverageShsOut": 107200000,
    "weightedAverageShsOutDil": 107500000,
    "link": "https://www.sec.gov/Archives/edgar/data/1374310/000155837018000953/0001558370-18-000953-index.htm",
    "finalLink": "https://www.sec.gov/Archives/edgar/data/1374310/000155837018000953/cboe-20171231x10k.htm"
  },
  {
    "date": "2016-12-31",
    "symbol": "CBOE",
    "reportedCurrency": "USD",
    "cik": "0001374310",
    "fillingDate": "2017-02-21",
    "acceptedDate": "2017-02-21 11:45:39",
    "calendarYear": "2016",
    "period": "FY",
    "revenue": 645106000,
    "costOfRevenue": 191105000,
    "grossProfit": 454001000,
    "grossProfitRatio": 0.7037618624,
    "researchAndDevelopmentExpenses": 0,
    "generalAndAdministrativeExpenses": 66703000,
    "sellingAndMarketingExpenses": 900000,
    "sellingGeneralAndAdministrativeExpenses": 67603000,
    "otherExpenses": 54762000,
    "operatingExpenses": 155801000,
    "costAndExpenses": 346906000,
    "interestIncome": 0,
    "interestExpense": 5747000,
    "depreciationAndAmortization": 364493000,
    "ebitda": 356700000,
    "ebitdaratio": 0.5529323863,
    "operatingIncome": 298200000,
    "operatingIncomeRatio": 0.4622496148,
    "totalOtherIncomeExpensesNet": 8404000,
    "incomeBeforeTax": 306604000,
    "incomeBeforeTaxRatio": 0.4752769312,
    "incomeTaxExpense": 120884000,
    "netIncome": 186820000,
    "netIncomeRatio": 0.2895958184,
    "eps": 2.27,
    "epsdiluted": 2.27,
    "weightedAverageShsOut": 105900000,
    "weightedAverageShsOutDil": 105900000,
    "link": "https://www.sec.gov/Archives/edgar/data/1374310/000137431017000006/0001374310-17-000006-index.htm",
    "finalLink": "https://www.sec.gov/Archives/edgar/data/1374310/000137431017000006/cboe-1231201610k.htm"
  },
  {
    "date": "2015-12-31",
    "symbol": "CBOE",
    "reportedCurrency": "USD",
    "cik": "0001374310",
    "fillingDate": "2016-02-19",
    "acceptedDate": "2016-02-18 17:39:50",
    "calendarYear": "2015",
    "period": "FY",
    "revenue": 634545000,
    "costOfRevenue": 176499000,
    "grossProfit": 458046000,
    "grossProfitRatio": 0.7218495142,
    "researchAndDevelopmentExpenses": 0,
    "generalAndAdministrativeExpenses": 50060000,
    "sellingAndMarketingExpenses": 2293000,
    "sellingGeneralAndAdministrativeExpenses": 52353000,
    "otherExpenses": 56121000,
    "operatingExpenses": 138118000,
    "costAndExpenses": 314617000,
    "interestIncome": 0,
    "interestExpense": 43000,
    "depreciationAndAmortization": 46355000,
    "ebitda": 366283000,
    "ebitdaratio": 0.577237233,
    "operatingIncome": 319928000,
    "operatingIncomeRatio": 0.5041848884,
    "totalOtherIncomeExpensesNet": 4124000,
    "incomeBeforeTax": 324024000,
    "incomeBeforeTaxRatio": 0.5106399073,
    "incomeTaxExpense": 119001000,
    "netIncome": 205023000,
    "netIncomeRatio": 0.3231023804,
    "eps": 2.46,
    "epsdiluted": 2.46,
    "weightedAverageShsOut": 105900000,
    "weightedAverageShsOutDil": 105900000,
    "link": "https://www.sec.gov/Archives/edgar/data/1374310/000137431016000038/0001374310-16-000038-index.htm",
    "finalLink": "https://www.sec.gov/Archives/edgar/data/1374310/000137431016000038/cboe-1231201510k.htm"
  },
  {
    "date": "2014-12-31",
    "symbol": "CBOE",
    "reportedCurrency": "USD",
    "cik": "0001374310",
    "fillingDate": "2015-02-20",
    "acceptedDate": "2015-02-20 12:18:46",
    "calendarYear": "2014",
    "period": "FY",
    "revenue": 617225000,
    "costOfRevenue": 66110000,
    "grossProfit": 551115000,
    "grossProfitRatio": 0.8928915711,
    "researchAndDevelopmentExpenses": 0,
    "generalAndAdministrativeExpenses": 121734000,
    "sellingAndMarketingExpenses": 0,
    "sellingGeneralAndAdministrativeExpenses": 121734000,
    "otherExpenses": 106534000,
    "operatingExpenses": 237314000,
    "costAndExpenses": 303424000,
    "interestIncome": 0,
    "interestExpense": 0,
    "depreciationAndAmortization": 40000000,
    "ebitda": 357905000,
    "ebitdaratio": 0.5798614768,
    "operatingIncome": 313801000,
    "operatingIncomeRatio": 0.5084061728,
    "totalOtherIncomeExpensesNet": -4104000,
    "incomeBeforeTax": 309697000,
    "incomeBeforeTaxRatio": 0.5017570578,
    "incomeTaxExpense": 119983000,
    "netIncome": 189714000,
    "netIncomeRatio": 0.3073660335,
    "eps": 2.21,
    "epsdiluted": 2.21,
    "weightedAverageShsOut": 105900000,
    "weightedAverageShsOutDil": 105900000,
    "link": "https://www.sec.gov/Archives/edgar/data/1374310/000137431015000005/0001374310-15-000005-index.htm",
    "finalLink": "https://www.sec.gov/Archives/edgar/data/1374310/000137431015000005/cboe-1231201410k.htm"
  },
  {
    "date": "2013-12-31",
    "symbol": "CBOE",
    "reportedCurrency": "USD",
    "cik": "0001374310",
    "fillingDate": "2014-02-21",
    "acceptedDate": "2014-02-20 19:16:53",
    "calendarYear": "2013",
    "period": "FY",
    "revenue": 572050000,
    "costOfRevenue": 56576000,
    "grossProfit": 515474000,
    "grossProfitRatio": 0.9010995542,
    "researchAndDevelopmentExpenses": 0,
    "generalAndAdministrativeExpenses": 118083000,
    "sellingAndMarketingExpenses": 0,
    "sellingGeneralAndAdministrativeExpenses": 118083000,
    "otherExpenses": 101771000,
    "operatingExpenses": 229660000,
    "costAndExpenses": 286236000,
    "interestIncome": 0,
    "interestExpense": 0,
    "depreciationAndAmortization": 34602000,
    "ebitda": 320416000,
    "ebitdaratio": 0.5601188707,
    "operatingIncome": 285814000,
    "operatingIncomeRatio": 0.4996311511,
    "totalOtherIncomeExpensesNet": -2158000,
    "incomeBeforeTax": 283656000,
    "incomeBeforeTaxRatio": 0.4958587536,
    "incomeTaxExpense": 107657000,
    "netIncome": 175999000,
    "netIncomeRatio": 0.3076636658,
    "eps": 1.99,
    "epsdiluted": 1.99,
    "weightedAverageShsOut": 105900000,
    "weightedAverageShsOutDil": 105900000,
    "link": "https://www.sec.gov/Archives/edgar/data/1374310/000137431014000008/0001374310-14-000008-index.htm",
    "finalLink": "https://www.sec.gov/Archives/edgar/data/1374310/000137431014000008/cboe-1231201310k.htm"
  },
  {
    "date": "2012-12-31",
    "symbol": "CBOE",
    "reportedCurrency": "USD",
    "cik": "0001374310",
    "fillingDate": "2013-02-28",
    "acceptedDate": "2013-02-28 11:12:03",
    "calendarYear": "2012",
    "period": "FY",
    "revenue": 512338000,
    "costOfRevenue": 46135000,
    "grossProfit": 466203000,
    "grossProfitRatio": 0.9099520239,
    "researchAndDevelopmentExpenses": 0,
    "generalAndAdministrativeExpenses": 104196000,
    "sellingAndMarketingExpenses": 0,
    "sellingGeneralAndAdministrativeExpenses": 104196000,
    "otherExpenses": 107904000,
    "operatingExpenses": 222106000,
    "costAndExpenses": 268241000,
    "interestIncome": 0,
    "interestExpense": 0,
    "depreciationAndAmortization": 31573000,
    "ebitda": 275670000,
    "ebitdaratio": 0.5380627633,
    "operatingIncome": 244097000,
    "operatingIncomeRatio": 0.47643743,
    "totalOtherIncomeExpensesNet": -1546000,
    "incomeBeforeTax": 242551000,
    "incomeBeforeTaxRatio": 0.4734198908,
    "incomeTaxExpense": 85156000,
    "netIncome": 157395000,
    "netIncomeRatio": 0.3072093032,
    "eps": 1.78,
    "epsdiluted": 1.78,
    "weightedAverageShsOut": 105900000,
    "weightedAverageShsOutDil": 105900000,
    "link": "https://www.sec.gov/Archives/edgar/data/1374310/000137431013000008/0001374310-13-000008-index.htm",
    "finalLink": "https://www.sec.gov/Archives/edgar/data/1374310/000137431013000008/cboe-12312012x10k.htm"
  },
  {
    "date": "2011-12-31",
    "symbol": "CBOE",
    "reportedCurrency": "USD",
    "cik": "0001374310",
    "fillingDate": "2012-02-28",
    "acceptedDate": "2012-02-28 10:10:13",
    "calendarYear": "2011",
    "period": "FY",
    "revenue": 508144000,
    "costOfRevenue": 0,
    "grossProfit": 508144000,
    "grossProfitRatio": 1,
    "researchAndDevelopmentExpenses": 0,
    "generalAndAdministrativeExpenses": 226970000,
    "sellingAndMarketingExpenses": 0,
    "sellingGeneralAndAdministrativeExpenses": 226970000,
    "otherExpenses": 39542000,
    "operatingExpenses": 266512000,
    "costAndExpenses": 266512000,
    "interestIncome": 0,
    "interestExpense": 879000,
    "depreciationAndAmortization": 34184000,
    "ebitda": 275147000,
    "ebitdaratio": 0.5414744639,
    "operatingIncome": 241632000,
    "operatingIncomeRatio": 0.4755187506,
    "totalOtherIncomeExpensesNet": -1548000,
    "incomeBeforeTax": 240084000,
    "incomeBeforeTaxRatio": 0.47247237,
    "incomeTaxExpense": 100678000,
    "netIncome": 139406000,
    "netIncomeRatio": 0.2743434932,
    "eps": 1.52,
    "epsdiluted": 1.52,
    "weightedAverageShsOut": 105900000,
    "weightedAverageShsOutDil": 105900000,
    "link": "https://www.sec.gov/Archives/edgar/data/1374310/000144530512000485/0001445305-12-000485-index.htm",
    "finalLink": "https://www.sec.gov/Archives/edgar/data/1374310/000144530512000485/cboe-12312011x10k.htm"
  },
  {
    "date": "2010-12-31",
    "symbol": "CBOE",
    "reportedCurrency": "USD",
    "cik": "0001374310",
    "fillingDate": "2011-03-16",
    "acceptedDate": "2011-03-16 12:19:50",
    "calendarYear": "2010",
    "period": "FY",
    "revenue": 437104000,
    "costOfRevenue": 0,
    "grossProfit": 437104000,
    "grossProfitRatio": 1,
    "researchAndDevelopmentExpenses": 0,
    "generalAndAdministrativeExpenses": 235006000,
    "sellingAndMarketingExpenses": 0,
    "sellingGeneralAndAdministrativeExpenses": 235006000,
    "otherExpenses": 34757000,
    "operatingExpenses": 269763000,
    "costAndExpenses": 269763000,
    "interestIncome": 0,
    "interestExpense": 896000,
    "depreciationAndAmortization": 29960000,
    "ebitda": 195479000,
    "ebitdaratio": 0.4472139354,
    "operatingIncome": 167341000,
    "operatingIncomeRatio": 0.3828402394,
    "totalOtherIncomeExpensesNet": -2718000,
    "incomeBeforeTax": 164623000,
    "incomeBeforeTaxRatio": 0.3766220396,
    "incomeTaxExpense": 65227000,
    "netIncome": 99396000,
    "netIncomeRatio": 0.2273966836,
    "eps": 1.03,
    "epsdiluted": 1.03,
    "weightedAverageShsOut": 105900000,
    "weightedAverageShsOutDil": 105900000,
    "link": "https://www.sec.gov/Archives/edgar/data/1374310/000104746911002202/0001047469-11-002202-index.htm",
    "finalLink": "https://www.sec.gov/Archives/edgar/data/1374310/000104746911002202/a2202482z10-k.htm"
  },
  {
    "date": "2009-12-31",
    "symbol": "CBOE",
    "reportedCurrency": "USD",
    "cik": "0001374310",
    "fillingDate": "2009-12-31",
    "acceptedDate": "2009-12-31 00:00:00",
    "calendarYear": "2009",
    "period": "FY",
    "revenue": 426082000,
    "costOfRevenue": 0,
    "grossProfit": 426082000,
    "grossProfitRatio": 1,
    "researchAndDevelopmentExpenses": 0,
    "generalAndAdministrativeExpenses": 215351000,
    "sellingAndMarketingExpenses": 0,
    "sellingGeneralAndAdministrativeExpenses": 215351000,
    "otherExpenses": 33146000,
    "operatingExpenses": 248497000,
    "costAndExpenses": 248497000,
    "interestIncome": 0,
    "interestExpense": 875000,
    "depreciationAndAmortization": 27725000,
    "ebitda": 205830000,
    "ebitdaratio": 0.4830760276,
    "operatingIncome": 177585000,
    "operatingIncomeRatio": 0.4167859708,
    "totalOtherIncomeExpensesNet": -355000,
    "incomeBeforeTax": 177230000,
    "incomeBeforeTaxRatio": 0.4159527978,
    "incomeTaxExpense": 70779000,
    "netIncome": 106451000,
    "netIncomeRatio": 0.2498368859,
    "eps": 1.17,
    "epsdiluted": 1.17,
    "weightedAverageShsOut": 105900000,
    "weightedAverageShsOutDil": 105900000,
    "link": null,
    "finalLink": null
  },
  {
    "date": "2008-12-31",
    "symbol": "CBOE",
    "reportedCurrency": "USD",
    "cik": "0001374310",
    "fillingDate": "2008-12-31",
    "acceptedDate": "2008-12-31 00:00:00",
    "calendarYear": "2008",
    "period": "FY",
    "revenue": 416783000,
    "costOfRevenue": 0,
    "grossProfit": 416783000,
    "grossProfitRatio": 1,
    "researchAndDevelopmentExpenses": 0,
    "generalAndAdministrativeExpenses": 196959000,
    "sellingAndMarketingExpenses": 0,
    "sellingGeneralAndAdministrativeExpenses": 196959000,
    "otherExpenses": 32514000,
    "operatingExpenses": 229473000,
    "costAndExpenses": 229473000,
    "interestIncome": 0,
    "interestExpense": 19000,
    "depreciationAndAmortization": 25656000,
    "ebitda": 212084000,
    "ebitdaratio": 0.5088595264,
    "operatingIncome": 187310000,
    "operatingIncomeRatio": 0.4494185223,
    "totalOtherIncomeExpensesNet": 6097000,
    "incomeBeforeTax": 193407000,
    "incomeBeforeTaxRatio": 0.464047238,
    "incomeTaxExpense": 78119000,
    "netIncome": 115288000,
    "netIncomeRatio": 0.2766139694,
    "eps": 1.27,
    "epsdiluted": 1.24,
    "weightedAverageShsOut": 105900000,
    "weightedAverageShsOutDil": 105900000,
    "link": null,
    "finalLink": null
  }
]