[
  {
    "date": "2025-06-30",
    "symbol": "CBRE",
    "reportedCurrency": "USD",
    "cik": "0001138118",
    "fillingDate": "2025-07-29",
    "acceptedDate": "2025-07-29 16:59:15",
    "calendarYear": "2025",
    "period": "Q2",
    "revenue": 9753000000,
    "costOfRevenue": 618000000,
    "grossProfit": 9135000000,
    "grossProfitRatio": 0.9366348816,
    "researchAndDevelopmentExpenses": 0,
    "generalAndAdministrativeExpenses": 1275000000,
    "sellingAndMarketingExpenses": 0,
    "sellingGeneralAndAdministrativeExpenses": 1275000000,
    "otherExpenses": 7506000000,
    "operatingExpenses": 8781000000,
    "costAndExpenses": 9380000000,
    "interestIncome": 0,
    "interestExpense": 58000000,
    "depreciationAndAmortization": 182000000,
    "ebitda": 537000000,
    "ebitdaratio": 0.0550599815,
    "operatingIncome": 374000000,
    "operatingIncomeRatio": 0.0383471752,
    "totalOtherIncomeExpensesNet": -74000000,
    "incomeBeforeTax": 300000000,
    "incomeBeforeTaxRatio": 0.0307597662,
    "incomeTaxExpense": 61000000,
    "netIncome": 215000000,
    "netIncomeRatio": 0.0220444991,
    "eps": 0.72,
    "epsdiluted": 0.72,
    "weightedAverageShsOut": 305859000,
    "weightedAverageShsOutDil": 302915000,
    "link": "https://www.sec.gov/Archives/edgar/data/1138118/000113811825000019/0001138118-25-000019-index.htm",
    "finalLink": "https://www.sec.gov/Archives/edgar/data/1138118/000113811825000019/cbre-20250630.htm"
  },
  {
    "date": "2025-03-31",
    "symbol": "CBRE",
    "reportedCurrency": "USD",
    "cik": "0001138118",
    "fillingDate": "2025-04-24",
    "acceptedDate": "2025-04-24 16:32:57",
    "calendarYear": "2025",
    "period": "Q1",
    "revenue": 8910000000,
    "costOfRevenue": 7265000000,
    "grossProfit": 1645000000,
    "grossProfitRatio": 0.184624018,
    "researchAndDevelopmentExpenses": 0,
    "generalAndAdministrativeExpenses": 0,
    "sellingAndMarketingExpenses": 0,
    "sellingGeneralAndAdministrativeExpenses": 1192000000,
    "otherExpenses": 177000000,
    "operatingExpenses": 1369000000,
    "costAndExpenses": 8634000000,
    "interestIncome": 0,
    "interestExpense": 50000000,
    "depreciationAndAmortization": 225000000,
    "ebitda": 501000000,
    "ebitdaratio": 0.0562289562,
    "operatingIncome": 276000000,
    "operatingIncomeRatio": 0.030976431,
    "totalOtherIncomeExpensesNet": -33000000,
    "incomeBeforeTax": 243000000,
    "incomeBeforeTaxRatio": 0.0272727273,
    "incomeTaxExpense": 52000000,
    "netIncome": 163000000,
    "netIncomeRatio": 0.0182940516,
    "eps": 0.54,
    "epsdiluted": 0.54,
    "weightedAverageShsOut": 305859000,
    "weightedAverageShsOutDil": 302915000,
    "link": "https://www.sec.gov/Archives/edgar/data/1138118/000113811825000010/0001138118-25-000010-index.htm",
    "finalLink": "https://www.sec.gov/Archives/edgar/data/1138118/000113811825000010/cbre-20250331.htm"
  },
  {
    "date": "2024-12-31",
    "symbol": "CBRE",
    "reportedCurrency": "USD",
    "cik": "0001138118",
    "fillingDate": "2025-02-14",
    "acceptedDate": "2025-02-14 17:13:12",
    "calendarYear": "2024",
    "period": "Q4",
    "revenue": 10404000000,
    "costOfRevenue": 8255000000,
    "grossProfit": 2149000000,
    "grossProfitRatio": 0.2065551711,
    "researchAndDevelopmentExpenses": 0,
    "generalAndAdministrativeExpenses": 1389000000,
    "sellingAndMarketingExpenses": 82000000,
    "sellingGeneralAndAdministrativeExpenses": 1471000000,
    "otherExpenses": 84000000,
    "operatingExpenses": 1555000000,
    "costAndExpenses": 9810000000,
    "interestIncome": 0,
    "interestExpense": 52000000,
    "depreciationAndAmortization": 204000000,
    "ebitda": 705000000,
    "ebitdaratio": 0.0677623991,
    "operatingIncome": 594000000,
    "operatingIncomeRatio": 0.0570934256,
    "totalOtherIncomeExpensesNet": 19000000,
    "incomeBeforeTax": 613000000,
    "incomeBeforeTaxRatio": 0.0589196463,
    "incomeTaxExpense": 112000000,
    "netIncome": 487000000,
    "netIncomeRatio": 0.0468089196,
    "eps": 1.59,
    "epsdiluted": 1.58,
    "weightedAverageShsOut": 306254000,
    "weightedAverageShsOutDil": 308305000,
    "link": "https://www.sec.gov/Archives/edgar/data/1138118/000113811825000005/0001138118-25-000005-index.htm",
    "finalLink": "https://www.sec.gov/Archives/edgar/data/1138118/000113811825000005/cbre-20241231.htm"
  },
  {
    "date": "2024-09-30",
    "symbol": "CBRE",
    "reportedCurrency": "USD",
    "cik": "0001138118",
    "fillingDate": "2024-10-24",
    "acceptedDate": "2024-10-24 07:21:44",
    "calendarYear": "2024",
    "period": "Q3",
    "revenue": 9036000000,
    "costOfRevenue": 7252000000,
    "grossProfit": 1784000000,
    "grossProfitRatio": 0.1974324923,
    "researchAndDevelopmentExpenses": 0,
    "generalAndAdministrativeExpenses": 0,
    "sellingAndMarketingExpenses": 0,
    "sellingGeneralAndAdministrativeExpenses": 1215000000,
    "otherExpenses": 201000000,
    "operatingExpenses": 1416000000,
    "costAndExpenses": 8668000000,
    "interestIncome": 0,
    "interestExpense": 64000000,
    "depreciationAndAmortization": 178000000,
    "ebitda": 569000000,
    "ebitdaratio": 0.0629703409,
    "operatingIncome": 368000000,
    "operatingIncomeRatio": 0.0407259849,
    "totalOtherIncomeExpensesNet": -56000000,
    "incomeBeforeTax": 312000000,
    "incomeBeforeTaxRatio": 0.0345285525,
    "incomeTaxExpense": 67000000,
    "netIncome": 225000000,
    "netIncomeRatio": 0.0249003984,
    "eps": 0.73,
    "epsdiluted": 0.73,
    "weightedAverageShsOut": 306254000,
    "weightedAverageShsOutDil": 308305000,
    "link": "https://www.sec.gov/Archives/edgar/data/1138118/000113811824000029/0001138118-24-000029-index.htm",
    "finalLink": "https://www.sec.gov/Archives/edgar/data/1138118/000113811824000029/cbre-20240930.htm"
  },
  {
    "date": "2024-06-30",
    "symbol": "CBRE",
    "reportedCurrency": "USD",
    "cik": "0001138118",
    "fillingDate": "2024-07-25",
    "acceptedDate": "2024-07-25 06:56:58",
    "calendarYear": "2024",
    "period": "Q2",
    "revenue": 8391000000,
    "costOfRevenue": 6793000000,
    "grossProfit": 1598000000,
    "grossProfitRatio": 0.1904421404,
    "researchAndDevelopmentExpenses": 0,
    "generalAndAdministrativeExpenses": 0,
    "sellingAndMarketingExpenses": 0,
    "sellingGeneralAndAdministrativeExpenses": 1191000000,
    "otherExpenses": 161000000,
    "operatingExpenses": 1352000000,
    "costAndExpenses": 8145000000,
    "interestIncome": 0,
    "interestExpense": 63000000,
    "depreciationAndAmortization": 161000000,
    "ebitda": 407000000,
    "ebitdaratio": 0.0485043499,
    "operatingIncome": 246000000,
    "operatingIncomeRatio": 0.0293171255,
    "totalOtherIncomeExpensesNet": -72000000,
    "incomeBeforeTax": 174000000,
    "incomeBeforeTaxRatio": 0.0207365034,
    "incomeTaxExpense": 32000000,
    "netIncome": 130000000,
    "netIncomeRatio": 0.0154927899,
    "eps": 0.42,
    "epsdiluted": 0.42,
    "weightedAverageShsOut": 306745116,
    "weightedAverageShsOutDil": 308035211,
    "link": "https://www.sec.gov/Archives/edgar/data/1138118/000113811824000023/0001138118-24-000023-index.htm",
    "finalLink": "https://www.sec.gov/Archives/edgar/data/1138118/000113811824000023/cbre-20240630.htm"
  },
  {
    "date": "2024-03-31",
    "symbol": "CBRE",
    "reportedCurrency": "USD",
    "cik": "0001138118",
    "fillingDate": "2024-05-03",
    "acceptedDate": "2024-05-03 16:19:03",
    "calendarYear": "2024",
    "period": "Q1",
    "revenue": 7935000000,
    "costOfRevenue": 6475000000,
    "grossProfit": 1460000000,
    "grossProfitRatio": 0.183994959,
    "researchAndDevelopmentExpenses": 0,
    "generalAndAdministrativeExpenses": 0,
    "sellingAndMarketingExpenses": 0,
    "sellingGeneralAndAdministrativeExpenses": 1111000000,
    "otherExpenses": 145000000,
    "operatingExpenses": 1256000000,
    "costAndExpenses": 7731000000,
    "interestIncome": 0,
    "interestExpense": 36000000,
    "depreciationAndAmortization": 205000000,
    "ebitda": 396000000,
    "ebitdaratio": 0.049905482,
    "operatingIncome": 204000000,
    "operatingIncomeRatio": 0.0257088847,
    "totalOtherIncomeExpensesNet": -85000000,
    "incomeBeforeTax": 119000000,
    "incomeBeforeTaxRatio": 0.0149968494,
    "incomeTaxExpense": -29000000,
    "netIncome": 126000000,
    "netIncomeRatio": 0.015879017,
    "eps": 0.41,
    "epsdiluted": 0.41,
    "weightedAverageShsOut": 305808212,
    "weightedAverageShsOutDil": 308502456,
    "link": "https://www.sec.gov/Archives/edgar/data/1138118/000113811824000014/0001138118-24-000014-index.htm",
    "finalLink": "https://www.sec.gov/Archives/edgar/data/1138118/000113811824000014/cbre-20240331.htm"
  },
  {
    "date": "2023-12-31",
    "symbol": "CBRE",
    "reportedCurrency": "USD",
    "cik": "0001138118",
    "fillingDate": "2024-02-20",
    "acceptedDate": "2024-02-20 06:09:11",
    "calendarYear": "2023",
    "period": "Q4",
    "revenue": 8950000000,
    "costOfRevenue": 7067000000,
    "grossProfit": 1883000000,
    "grossProfitRatio": 0.2103910615,
    "researchAndDevelopmentExpenses": 0,
    "generalAndAdministrativeExpenses": 1135000000,
    "sellingAndMarketingExpenses": 74000000,
    "sellingGeneralAndAdministrativeExpenses": 1209000000,
    "otherExpenses": 170000000,
    "operatingExpenses": 1379000000,
    "costAndExpenses": 8446000000,
    "interestIncome": 0,
    "interestExpense": 39397000,
    "depreciationAndAmortization": 182000000,
    "ebitda": 708000000,
    "ebitdaratio": 0.0791061453,
    "operatingIncome": 504000000,
    "operatingIncomeRatio": 0.0563128492,
    "totalOtherIncomeExpensesNet": 127000000,
    "incomeBeforeTax": 631000000,
    "incomeBeforeTaxRatio": 0.0705027933,
    "incomeTaxExpense": 136000000,
    "netIncome": 477151000,
    "netIncomeRatio": 0.0533129609,
    "eps": 1.57,
    "epsdiluted": 1.55,
    "weightedAverageShsOut": 304728400,
    "weightedAverageShsOutDil": 308526651,
    "link": "https://www.sec.gov/Archives/edgar/data/1138118/000113811824000006/0001138118-24-000006-index.htm",
    "finalLink": "https://www.sec.gov/Archives/edgar/data/1138118/000113811824000006/cbre-20231231.htm"
  },
  {
    "date": "2023-09-30",
    "symbol": "CBRE",
    "reportedCurrency": "USD",
    "cik": "0001138118",
    "fillingDate": "2023-10-27",
    "acceptedDate": "2023-10-27 06:50:17",
    "calendarYear": "2023",
    "period": "Q3",
    "revenue": 7868000000,
    "costOfRevenue": 6397000000,
    "grossProfit": 1471000000,
    "grossProfitRatio": 0.1869598373,
    "researchAndDevelopmentExpenses": 0,
    "generalAndAdministrativeExpenses": 0,
    "sellingAndMarketingExpenses": 0,
    "sellingGeneralAndAdministrativeExpenses": 1053000000,
    "otherExpenses": 149000000,
    "operatingExpenses": 1202000000,
    "costAndExpenses": 7599000000,
    "interestIncome": 0,
    "interestExpense": 38206000,
    "depreciationAndAmortization": 149000000,
    "ebitda": 418000000,
    "ebitdaratio": 0.0531265887,
    "operatingIncome": 269000000,
    "operatingIncomeRatio": 0.0341891205,
    "totalOtherIncomeExpensesNet": -37000000,
    "incomeBeforeTax": 232000000,
    "incomeBeforeTaxRatio": 0.0294865277,
    "incomeTaxExpense": 31000000,
    "netIncome": 190553000,
    "netIncomeRatio": 0.0242187341,
    "eps": 0.62,
    "epsdiluted": 0.61,
    "weightedAverageShsOut": 307854518,
    "weightedAverageShsOutDil": 312221133,
    "link": "https://www.sec.gov/Archives/edgar/data/1138118/000162828023035353/0001628280-23-035353-index.htm",
    "finalLink": "https://www.sec.gov/Archives/edgar/data/1138118/000162828023035353/cbre-20230930.htm"
  },
  {
    "date": "2023-06-30",
    "symbol": "CBRE",
    "reportedCurrency": "USD",
    "cik": "0001138118",
    "fillingDate": "2023-07-27",
    "acceptedDate": "2023-07-27 16:31:25",
    "calendarYear": "2023",
    "period": "Q2",
    "revenue": 7720000000,
    "costOfRevenue": 6179000000,
    "grossProfit": 1541000000,
    "grossProfitRatio": 0.199611399,
    "researchAndDevelopmentExpenses": 0,
    "generalAndAdministrativeExpenses": 0,
    "sellingAndMarketingExpenses": 0,
    "sellingGeneralAndAdministrativeExpenses": 1089000000,
    "otherExpenses": 146000000,
    "operatingExpenses": 1235000000,
    "costAndExpenses": 7414000000,
    "interestIncome": 0,
    "interestExpense": 42982000,
    "depreciationAndAmortization": 154000000,
    "ebitda": 451000000,
    "ebitdaratio": 0.0584196891,
    "operatingIncome": 306000000,
    "operatingIncomeRatio": 0.0396373057,
    "totalOtherIncomeExpensesNet": -45000000,
    "incomeBeforeTax": 261000000,
    "incomeBeforeTaxRatio": 0.0338082902,
    "incomeTaxExpense": 55000000,
    "netIncome": 201000000,
    "netIncomeRatio": 0.0260362694,
    "eps": 0.65,
    "epsdiluted": 0.64,
    "weightedAverageShsOut": 310857203,
    "weightedAverageShsOutDil": 314282247,
    "link": "https://www.sec.gov/Archives/edgar/data/1138118/000113811823000025/0001138118-23-000025-index.htm",
    "finalLink": "https://www.sec.gov/Archives/edgar/data/1138118/000113811823000025/cbre-20230630.htm"
  },
  {
    "date": "2023-03-31",
    "symbol": "CBRE",
    "reportedCurrency": "USD",
    "cik": "0001138118",
    "fillingDate": "2023-04-27",
    "acceptedDate": "2023-04-27 16:10:56",
    "calendarYear": "2023",
    "period": "Q1",
    "revenue": 7411000000,
    "costOfRevenue": 6006000000,
    "grossProfit": 1405000000,
    "grossProfitRatio": 0.1895830522,
    "researchAndDevelopmentExpenses": 0,
    "generalAndAdministrativeExpenses": 0,
    "sellingAndMarketingExpenses": 0,
    "sellingGeneralAndAdministrativeExpenses": 1070000000,
    "otherExpenses": 298000000,
    "operatingExpenses": 1368000000,
    "costAndExpenses": 7374000000,
    "interestIncome": 414000,
    "interestExpense": 28414000,
    "depreciationAndAmortization": 162000000,
    "ebitda": 335000000,
    "ebitdaratio": 0.0452030765,
    "operatingIncome": 37000000,
    "operatingIncomeRatio": 0.0049925786,
    "totalOtherIncomeExpensesNet": 116000000,
    "incomeBeforeTax": 153000000,
    "incomeBeforeTaxRatio": 0.0206449872,
    "incomeTaxExpense": 28000000,
    "netIncome": 117000000,
    "netIncomeRatio": 0.0157873431,
    "eps": 0.38,
    "epsdiluted": 0.37,
    "weightedAverageShsOut": 310464609,
    "weightedAverageShsOutDil": 315358147,
    "link": "https://www.sec.gov/Archives/edgar/data/1138118/000113811823000015/0001138118-23-000015-index.htm",
    "finalLink": "https://www.sec.gov/Archives/edgar/data/1138118/000113811823000015/cbre-20230331.htm"
  },
  {
    "date": "2022-12-31",
    "symbol": "CBRE",
    "reportedCurrency": "USD",
    "cik": "0001138118",
    "fillingDate": "2023-02-27",
    "acceptedDate": "2023-02-24 18:34:13",
    "calendarYear": "2022",
    "period": "Q4",
    "revenue": 8194243000,
    "costOfRevenue": 6464932000,
    "grossProfit": 1729311000,
    "grossProfitRatio": 0.2110397507,
    "researchAndDevelopmentExpenses": 0,
    "generalAndAdministrativeExpenses": 1200458000,
    "sellingAndMarketingExpenses": 85100000,
    "sellingGeneralAndAdministrativeExpenses": 1285558000,
    "otherExpenses": 199992000,
    "operatingExpenses": 1485550000,
    "costAndExpenses": 7950482000,
    "interestIncome": 0,
    "interestExpense": 17698000,
    "depreciationAndAmortization": 177873000,
    "ebitda": 470153000,
    "ebitdaratio": 0.0573760139,
    "operatingIncome": 243761000,
    "operatingIncomeRatio": 0.0297478364,
    "totalOtherIncomeExpensesNet": -183319000,
    "incomeBeforeTax": 60442000,
    "incomeBeforeTaxRatio": 0.0073761542,
    "incomeTaxExpense": -25691000,
    "netIncome": 81112000,
    "netIncomeRatio": 0.0098986569,
    "eps": 0.26,
    "epsdiluted": 0.25,
    "weightedAverageShsOut": 314248642,
    "weightedAverageShsOutDil": 319221283,
    "link": "https://www.sec.gov/Archives/edgar/data/1138118/000113811823000009/0001138118-23-000009-index.htm",
    "finalLink": "https://www.sec.gov/Archives/edgar/data/1138118/000113811823000009/cbre-20221231.htm"
  },
  {
    "date": "2022-09-30",
    "symbol": "CBRE",
    "reportedCurrency": "USD",
    "cik": "0001138118",
    "fillingDate": "2022-10-27",
    "acceptedDate": "2022-10-27 16:31:50",
    "calendarYear": "2022",
    "period": "Q3",
    "revenue": 7529546000,
    "costOfRevenue": 5934490000,
    "grossProfit": 1595056000,
    "grossProfitRatio": 0.2118395983,
    "researchAndDevelopmentExpenses": 0,
    "generalAndAdministrativeExpenses": 0,
    "sellingAndMarketingExpenses": 0,
    "sellingGeneralAndAdministrativeExpenses": 1052778000,
    "otherExpenses": 167928000,
    "operatingExpenses": 1220706000,
    "costAndExpenses": 7155196000,
    "interestIncome": 0,
    "interestExpense": 19957000,
    "depreciationAndAmortization": 142136000,
    "ebitda": 542278000,
    "ebitdaratio": 0.0720200129,
    "operatingIncome": 374350000,
    "operatingIncomeRatio": 0.049717473,
    "totalOtherIncomeExpensesNet": 219997000,
    "incomeBeforeTax": 594347000,
    "incomeBeforeTaxRatio": 0.0789353037,
    "incomeTaxExpense": 142667000,
    "netIncome": 446639000,
    "netIncomeRatio": 0.0593181847,
    "eps": 1.4,
    "epsdiluted": 1.38,
    "weightedAverageShsOut": 319827769,
    "weightedAverageShsOutDil": 324742584,
    "link": "https://www.sec.gov/Archives/edgar/data/1138118/000113811822000033/0001138118-22-000033-index.htm",
    "finalLink": "https://www.sec.gov/Archives/edgar/data/1138118/000113811822000033/cbre-20220930.htm"
  },
  {
    "date": "2022-06-30",
    "symbol": "CBRE",
    "reportedCurrency": "USD",
    "cik": "0001138118",
    "fillingDate": "2022-08-05",
    "acceptedDate": "2022-08-04 17:57:10",
    "calendarYear": "2022",
    "period": "Q2",
    "revenue": 7771278000,
    "costOfRevenue": 6053984000,
    "grossProfit": 1717294000,
    "grossProfitRatio": 0.2209796124,
    "researchAndDevelopmentExpenses": 0,
    "generalAndAdministrativeExpenses": 0,
    "sellingAndMarketingExpenses": 0,
    "sellingGeneralAndAdministrativeExpenses": 1170365000,
    "otherExpenses": 29992000,
    "operatingExpenses": 1200357000,
    "costAndExpenses": 7254341000,
    "interestIncome": 0,
    "interestExpense": 18518000,
    "depreciationAndAmortization": 162359000,
    "ebitda": 546929000,
    "ebitdaratio": 0.070378257,
    "operatingIncome": 516937000,
    "operatingIncomeRatio": 0.0665189175,
    "totalOtherIncomeExpensesNet": 93741000,
    "incomeBeforeTax": 610678000,
    "incomeBeforeTaxRatio": 0.0785814122,
    "incomeTaxExpense": 120762000,
    "netIncome": 487322000,
    "netIncomeRatio": 0.06270809,
    "eps": 1.5,
    "epsdiluted": 1.48,
    "weightedAverageShsOut": 325415305,
    "weightedAverageShsOutDil": 329843710,
    "link": "https://www.sec.gov/Archives/edgar/data/1138118/000113811822000027/0001138118-22-000027-index.htm",
    "finalLink": "https://www.sec.gov/Archives/edgar/data/1138118/000113811822000027/cbre-20220630.htm"
  },
  {
    "date": "2022-03-31",
    "symbol": "CBRE",
    "reportedCurrency": "USD",
    "cik": "0001138118",
    "fillingDate": "2022-05-09",
    "acceptedDate": "2022-05-09 16:40:27",
    "calendarYear": "2022",
    "period": "Q1",
    "revenue": 7332933000,
    "costOfRevenue": 5752194000,
    "grossProfit": 1580739000,
    "grossProfitRatio": 0.2155670862,
    "researchAndDevelopmentExpenses": 0,
    "generalAndAdministrativeExpenses": 0,
    "sellingAndMarketingExpenses": 0,
    "sellingGeneralAndAdministrativeExpenses": 1057875000,
    "otherExpenses": 145912000,
    "operatingExpenses": 1203787000,
    "costAndExpenses": 6955981000,
    "interestIncome": 0,
    "interestExpense": 12826000,
    "depreciationAndAmortization": 149032000,
    "ebitda": 522864000,
    "ebitdaratio": 0.0713035289,
    "operatingIncome": 376952000,
    "operatingIncomeRatio": 0.0514053517,
    "totalOtherIncomeExpensesNet": 15581000,
    "incomeBeforeTax": 392533000,
    "incomeBeforeTaxRatio": 0.0535301495,
    "incomeTaxExpense": -3738000,
    "netIncome": 392297000,
    "netIncomeRatio": 0.053497966,
    "eps": 1.18,
    "epsdiluted": 1.16,
    "weightedAverageShsOut": 331925104,
    "weightedAverageShsOutDil": 337140325,
    "link": "https://www.sec.gov/Archives/edgar/data/1138118/000113811822000018/0001138118-22-000018-index.htm",
    "finalLink": "https://www.sec.gov/Archives/edgar/data/1138118/000113811822000018/cbre-20220331.htm"
  },
  {
    "date": "2021-12-31",
    "symbol": "CBRE",
    "reportedCurrency": "USD",
    "cik": "0001138118",
    "fillingDate": "2022-03-01",
    "acceptedDate": "2022-02-28 19:23:41",
    "calendarYear": "2021",
    "period": "Q4",
    "revenue": 8550217000,
    "costOfRevenue": 6584255000,
    "grossProfit": 1965962000,
    "grossProfitRatio": 0.2299312403,
    "researchAndDevelopmentExpenses": 0,
    "generalAndAdministrativeExpenses": 1218405000,
    "sellingAndMarketingExpenses": 68900000,
    "sellingGeneralAndAdministrativeExpenses": 1287305000,
    "otherExpenses": 86421000,
    "operatingExpenses": 1373726000,
    "costAndExpenses": 7957981000,
    "interestIncome": 0,
    "interestExpense": 15436000,
    "depreciationAndAmortization": 194044000,
    "ebitda": 710557000,
    "ebitdaratio": 0.0831039727,
    "operatingIncome": 592236000,
    "operatingIncomeRatio": 0.0692656105,
    "totalOtherIncomeExpensesNet": 324865000,
    "incomeBeforeTax": 917101000,
    "incomeBeforeTaxRatio": 0.1072605526,
    "incomeTaxExpense": 224227000,
    "netIncome": 691992000,
    "netIncomeRatio": 0.0809326828,
    "eps": 2.07,
    "epsdiluted": 2.04,
    "weightedAverageShsOut": 334079778,
    "weightedAverageShsOutDil": 339466153,
    "link": "https://www.sec.gov/Archives/edgar/data/1138118/000113811822000010/0001138118-22-000010-index.htm",
    "finalLink": "https://www.sec.gov/Archives/edgar/data/1138118/000113811822000010/cbre-20211231.htm"
  },
  {
    "date": "2021-09-30",
    "symbol": "CBRE",
    "reportedCurrency": "USD",
    "cik": "0001138118",
    "fillingDate": "2021-10-28",
    "acceptedDate": "2021-10-28 17:04:52",
    "calendarYear": "2021",
    "period": "Q3",
    "revenue": 6798327000,
    "costOfRevenue": 5258947000,
    "grossProfit": 1539380000,
    "grossProfitRatio": 0.2264351215,
    "researchAndDevelopmentExpenses": 0,
    "generalAndAdministrativeExpenses": 0,
    "sellingAndMarketingExpenses": 0,
    "sellingGeneralAndAdministrativeExpenses": 1009470000,
    "otherExpenses": 120245000,
    "operatingExpenses": 1129715000,
    "costAndExpenses": 6388662000,
    "interestIncome": 0,
    "interestExpense": 11038000,
    "depreciationAndAmortization": 122563999,
    "ebitda": 529909999,
    "ebitdaratio": 0.0779471183,
    "operatingIncome": 409665000,
    "operatingIncomeRatio": 0.0602596786,
    "totalOtherIncomeExpensesNet": 160464000,
    "incomeBeforeTax": 570129000,
    "incomeBeforeTaxRatio": 0.0838631328,
    "incomeTaxExpense": 133507000,
    "netIncome": 435743000,
    "netIncomeRatio": 0.0640956223,
    "eps": 1.3,
    "epsdiluted": 1.28,
    "weightedAverageShsOut": 335364942,
    "weightedAverageShsOutDil": 340337159,
    "link": "https://www.sec.gov/Archives/edgar/data/1138118/000113811821000042/0001138118-21-000042-index.htm",
    "finalLink": "https://www.sec.gov/Archives/edgar/data/1138118/000113811821000042/cbre-20210930.htm"
  },
  {
    "date": "2021-06-30",
    "symbol": "CBRE",
    "reportedCurrency": "USD",
    "cik": "0001138118",
    "fillingDate": "2021-07-30",
    "acceptedDate": "2021-07-30 06:55:57",
    "calendarYear": "2021",
    "period": "Q2",
    "revenue": 6458613000,
    "costOfRevenue": 5016759000,
    "grossProfit": 1441854000,
    "grossProfitRatio": 0.2232451457,
    "researchAndDevelopmentExpenses": 0,
    "generalAndAdministrativeExpenses": 0,
    "sellingAndMarketingExpenses": 0,
    "sellingGeneralAndAdministrativeExpenses": 949082000,
    "otherExpenses": 126290000,
    "operatingExpenses": 1075372000,
    "costAndExpenses": 6092131000,
    "interestIncome": 0,
    "interestExpense": 13772000,
    "depreciationAndAmortization": 119085000,
    "ebitda": 492772000,
    "ebitdaratio": 0.0762968767,
    "operatingIncome": 366482000,
    "operatingIncomeRatio": 0.0567431428,
    "totalOtherIncomeExpensesNet": 210405000,
    "incomeBeforeTax": 576887000,
    "incomeBeforeTaxRatio": 0.0893205708,
    "incomeTaxExpense": 133445000,
    "netIncome": 442637000,
    "netIncomeRatio": 0.0685343742,
    "eps": 1.32,
    "epsdiluted": 1.3,
    "weightedAverageShsOut": 335643233,
    "weightedAverageShsOutDil": 339502871,
    "link": "https://www.sec.gov/Archives/edgar/data/1138118/000113811821000033/0001138118-21-000033-index.htm",
    "finalLink": "https://www.sec.gov/Archives/edgar/data/1138118/000113811821000033/cbre-20210630.htm"
  },
  {
    "date": "2021-03-31",
    "symbol": "CBRE",
    "reportedCurrency": "USD",
    "cik": "0001138118",
    "fillingDate": "2021-04-29",
    "acceptedDate": "2021-04-29 17:06:10",
    "calendarYear": "2021",
    "period": "Q1",
    "revenue": 5938879000,
    "costOfRevenue": 4719546000,
    "grossProfit": 1219333000,
    "grossProfitRatio": 0.2053136627,
    "researchAndDevelopmentExpenses": 0,
    "generalAndAdministrativeExpenses": 0,
    "sellingAndMarketingExpenses": 0,
    "sellingGeneralAndAdministrativeExpenses": 828327000,
    "otherExpenses": 121922000,
    "operatingExpenses": 950249000,
    "costAndExpenses": 5669795000,
    "interestIncome": 0,
    "interestExpense": 10106000,
    "depreciationAndAmortization": 122078000,
    "ebitda": 391006000,
    "ebitdaratio": 0.065838351,
    "operatingIncome": 269084000,
    "operatingIncomeRatio": 0.0453088874,
    "totalOtherIncomeExpensesNet": 76220000,
    "incomeBeforeTax": 345304000,
    "incomeBeforeTaxRatio": 0.0581429593,
    "incomeTaxExpense": 76327000,
    "netIncome": 266202000,
    "netIncomeRatio": 0.0448236107,
    "eps": 0.79,
    "epsdiluted": 0.78,
    "weightedAverageShsOut": 335860494,
    "weightedAverageShsOutDil": 339580504,
    "link": "https://www.sec.gov/Archives/edgar/data/1138118/000113811821000023/0001138118-21-000023-index.htm",
    "finalLink": "https://www.sec.gov/Archives/edgar/data/1138118/000113811821000023/cbre-20210331.htm"
  },
  {
    "date": "2020-12-31",
    "symbol": "CBRE",
    "reportedCurrency": "USD",
    "cik": "0001138118",
    "fillingDate": "2021-02-24",
    "acceptedDate": "2021-02-24 17:03:30",
    "calendarYear": "2020",
    "period": "Q4",
    "revenue": 6910501000,
    "costOfRevenue": 5328730000,
    "grossProfit": 1581771000,
    "grossProfitRatio": 0.2288938241,
    "researchAndDevelopmentExpenses": 0,
    "generalAndAdministrativeExpenses": 779102000,
    "sellingAndMarketingExpenses": 57200000,
    "sellingGeneralAndAdministrativeExpenses": 836302000,
    "otherExpenses": 301573000,
    "operatingExpenses": 1137875000,
    "costAndExpenses": 6466605000,
    "interestIncome": 0,
    "interestExpense": 15958000,
    "depreciationAndAmortization": 155833000,
    "ebitda": 778169000,
    "ebitdaratio": 0.1126067415,
    "operatingIncome": 443896000,
    "operatingIncomeRatio": 0.0642349954,
    "totalOtherIncomeExpensesNet": -33456000,
    "incomeBeforeTax": 410440000,
    "incomeBeforeTaxRatio": 0.0593936677,
    "incomeTaxExpense": 95054000,
    "netIncome": 313765000,
    "netIncomeRatio": 0.0454040886,
    "eps": 0.94,
    "epsdiluted": 0.93,
    "weightedAverageShsOut": 335397942,
    "weightedAverageShsOutDil": 338799615,
    "link": "https://www.sec.gov/Archives/edgar/data/1138118/000113811821000012/0001138118-21-000012-index.htm",
    "finalLink": "https://www.sec.gov/Archives/edgar/data/1138118/000113811821000012/cbre-20201231.htm"
  },
  {
    "date": "2020-09-30",
    "symbol": "CBRE",
    "reportedCurrency": "USD",
    "cik": "0001138118",
    "fillingDate": "2020-10-29",
    "acceptedDate": "2020-10-29 17:13:32",
    "calendarYear": "2020",
    "period": "Q3",
    "revenue": 5645142000,
    "costOfRevenue": 4564579000,
    "grossProfit": 1080563000,
    "grossProfitRatio": 0.1914146712,
    "researchAndDevelopmentExpenses": 0,
    "generalAndAdministrativeExpenses": 0,
    "sellingAndMarketingExpenses": 0,
    "sellingGeneralAndAdministrativeExpenses": 794227000,
    "otherExpenses": 74928000,
    "operatingExpenses": 869155000,
    "costAndExpenses": 5433734000,
    "interestIncome": 0,
    "interestExpense": 17829000,
    "depreciationAndAmortization": 127725000,
    "ebitda": 286336000,
    "ebitdaratio": 0.0507225505,
    "operatingIncome": 211408000,
    "operatingIncomeRatio": 0.0374495451,
    "totalOtherIncomeExpensesNet": 22494000,
    "incomeBeforeTax": 233902000,
    "incomeBeforeTaxRatio": 0.0414342102,
    "incomeTaxExpense": 49062000,
    "netIncome": 184132000,
    "netIncomeRatio": 0.03261778,
    "eps": 0.55,
    "epsdiluted": 0.55,
    "weightedAverageShsOut": 335287245,
    "weightedAverageShsOutDil": 337665848,
    "link": "https://www.sec.gov/Archives/edgar/data/1138118/000156459020048948/0001564590-20-048948-index.htm",
    "finalLink": "https://www.sec.gov/Archives/edgar/data/1138118/000156459020048948/cbre-10q_20200930.htm"
  },
  {
    "date": "2020-06-30",
    "symbol": "CBRE",
    "reportedCurrency": "USD",
    "cik": "0001138118",
    "fillingDate": "2020-08-04",
    "acceptedDate": "2020-08-04 13:48:36",
    "calendarYear": "2020",
    "period": "Q2",
    "revenue": 5381384000,
    "costOfRevenue": 4392137000,
    "grossProfit": 989247000,
    "grossProfitRatio": 0.1838276176,
    "researchAndDevelopmentExpenses": 0,
    "generalAndAdministrativeExpenses": 0,
    "sellingAndMarketingExpenses": 0,
    "sellingGeneralAndAdministrativeExpenses": 740612000,
    "otherExpenses": 154470000,
    "operatingExpenses": 895082000,
    "costAndExpenses": 5287219000,
    "interestIncome": 0,
    "interestExpense": 17950000,
    "depreciationAndAmortization": 116384000,
    "ebitda": 248635000,
    "ebitdaratio": 0.0462027984,
    "operatingIncome": 94165000,
    "operatingIncomeRatio": 0.0174982867,
    "totalOtherIncomeExpensesNet": 6750000,
    "incomeBeforeTax": 100915000,
    "incomeBeforeTaxRatio": 0.0187526109,
    "incomeTaxExpense": 18803000,
    "netIncome": 81897000,
    "netIncomeRatio": 0.0152185757,
    "eps": 0.24,
    "epsdiluted": 0.24,
    "weightedAverageShsOut": 335126126,
    "weightedAverageShsOutDil": 337361419,
    "link": "https://www.sec.gov/Archives/edgar/data/1138118/000156459020035965/0001564590-20-035965-index.htm",
    "finalLink": "https://www.sec.gov/Archives/edgar/data/1138118/000156459020035965/cbre-10q_20200630.htm"
  },
  {
    "date": "2020-03-31",
    "symbol": "CBRE",
    "reportedCurrency": "USD",
    "cik": "0001138118",
    "fillingDate": "2020-05-07",
    "acceptedDate": "2020-05-07 06:59:00",
    "calendarYear": "2020",
    "period": "Q1",
    "revenue": 5889168000,
    "costOfRevenue": 4712674000,
    "grossProfit": 1176494000,
    "grossProfitRatio": 0.1997725315,
    "researchAndDevelopmentExpenses": 0,
    "generalAndAdministrativeExpenses": 0,
    "sellingAndMarketingExpenses": 0,
    "sellingGeneralAndAdministrativeExpenses": 790066000,
    "otherExpenses": 166138000,
    "operatingExpenses": 956204000,
    "costAndExpenses": 5668878000,
    "interestIncome": 0,
    "interestExpense": 16016000,
    "depreciationAndAmortization": 113794000,
    "ebitda": 386428000,
    "ebitdaratio": 0.0656167391,
    "operatingIncome": 220290000,
    "operatingIncomeRatio": 0.0374059629,
    "totalOtherIncomeExpensesNet": 4422000,
    "incomeBeforeTax": 224712000,
    "incomeBeforeTaxRatio": 0.038156833,
    "incomeTaxExpense": 51182000,
    "netIncome": 172195000,
    "netIncomeRatio": 0.0292392745,
    "eps": 0.51,
    "epsdiluted": 0.51,
    "weightedAverageShsOut": 334969826,
    "weightedAverageShsOutDil": 339737911,
    "link": "https://www.sec.gov/Archives/edgar/data/1138118/000156459020022348/0001564590-20-022348-index.htm",
    "finalLink": "https://www.sec.gov/Archives/edgar/data/1138118/000156459020022348/cbre-10q_20200331.htm"
  },
  {
    "date": "2019-12-31",
    "symbol": "CBRE",
    "reportedCurrency": "USD",
    "cik": "0001138118",
    "fillingDate": "2020-03-02",
    "acceptedDate": "2020-03-02 13:03:45",
    "calendarYear": "2019",
    "period": "Q4",
    "revenue": 7119407000,
    "costOfRevenue": 5533853000,
    "grossProfit": 1585554000,
    "grossProfitRatio": 0.2227087172,
    "researchAndDevelopmentExpenses": 0,
    "generalAndAdministrativeExpenses": 925060000,
    "sellingAndMarketingExpenses": 76100000,
    "sellingGeneralAndAdministrativeExpenses": 1001160000,
    "otherExpenses": 70553000,
    "operatingExpenses": 1071713000,
    "costAndExpenses": 6605566000,
    "interestIncome": 0,
    "interestExpense": 18116000,
    "depreciationAndAmortization": 140862000,
    "ebitda": 609894000,
    "ebitdaratio": 0.0856664045,
    "operatingIncome": 513841000,
    "operatingIncomeRatio": 0.072174691,
    "totalOtherIncomeExpensesNet": 25320000,
    "incomeBeforeTax": 539161000,
    "incomeBeforeTaxRatio": 0.0757311669,
    "incomeTaxExpense": -99972000,
    "netIncome": 637618000,
    "netIncomeRatio": 0.0895605491,
    "eps": 1.9,
    "epsdiluted": 1.87,
    "weightedAverageShsOut": 334745003,
    "weightedAverageShsOutDil": 340333005,
    "link": "https://www.sec.gov/Archives/edgar/data/1138118/000156459020008056/0001564590-20-008056-index.htm",
    "finalLink": "https://www.sec.gov/Archives/edgar/data/1138118/000156459020008056/cbre-10k_20191231.htm"
  },
  {
    "date": "2019-09-30",
    "symbol": "CBRE",
    "reportedCurrency": "USD",
    "cik": "0001138118",
    "fillingDate": "2019-11-06",
    "acceptedDate": "2019-11-06 06:58:01",
    "calendarYear": "2019",
    "period": "Q3",
    "revenue": 5925101000,
    "costOfRevenue": 4687336000,
    "grossProfit": 1237765000,
    "grossProfitRatio": 0.2089019242,
    "researchAndDevelopmentExpenses": 0,
    "generalAndAdministrativeExpenses": 0,
    "sellingAndMarketingExpenses": 0,
    "sellingGeneralAndAdministrativeExpenses": 809584000,
    "otherExpenses": 111551000,
    "operatingExpenses": 921135000,
    "costAndExpenses": 5608471000,
    "interestIncome": 0,
    "interestExpense": 21846000,
    "depreciationAndAmortization": 111560000,
    "ebitda": 428181000,
    "ebitdaratio": 0.0722656036,
    "operatingIncome": 316630000,
    "operatingIncomeRatio": 0.0534387515,
    "totalOtherIncomeExpensesNet": 4891000,
    "incomeBeforeTax": 321521000,
    "incomeBeforeTaxRatio": 0.0542642227,
    "incomeTaxExpense": 63468000,
    "netIncome": 256599000,
    "netIncomeRatio": 0.0433071099,
    "eps": 0.76,
    "epsdiluted": 0.75,
    "weightedAverageShsOut": 336203747,
    "weightedAverageShsOutDil": 341100182,
    "link": "https://www.sec.gov/Archives/edgar/data/1138118/000156459019040653/0001564590-19-040653-index.htm",
    "finalLink": "https://www.sec.gov/Archives/edgar/data/1138118/000156459019040653/cbre-10q_20190930.htm"
  },
  {
    "date": "2019-06-30",
    "symbol": "CBRE",
    "reportedCurrency": "USD",
    "cik": "0001138118",
    "fillingDate": "2019-08-09",
    "acceptedDate": "2019-08-09 06:07:55",
    "calendarYear": "2019",
    "period": "Q2",
    "revenue": 5714073000,
    "costOfRevenue": 4445790000,
    "grossProfit": 1268283000,
    "grossProfitRatio": 0.2219577874,
    "researchAndDevelopmentExpenses": 0,
    "generalAndAdministrativeExpenses": 0,
    "sellingAndMarketingExpenses": 0,
    "sellingGeneralAndAdministrativeExpenses": 844697000,
    "otherExpenses": 139169000,
    "operatingExpenses": 983866000,
    "costAndExpenses": 5429656000,
    "interestIncome": 0,
    "interestExpense": 24600000,
    "depreciationAndAmortization": 106479000,
    "ebitda": 423586000,
    "ebitdaratio": 0.0741303095,
    "operatingIncome": 284417000,
    "operatingIncomeRatio": 0.0497748279,
    "totalOtherIncomeExpensesNet": 1542000,
    "incomeBeforeTax": 285959000,
    "incomeBeforeTaxRatio": 0.0500446879,
    "incomeTaxExpense": 62521000,
    "netIncome": 223731000,
    "netIncomeRatio": 0.0391543825,
    "eps": 0.67,
    "epsdiluted": 0.66,
    "weightedAverageShsOut": 336222471,
    "weightedAverageShsOutDil": 340508931,
    "link": "https://www.sec.gov/Archives/edgar/data/1138118/000156459019031004/0001564590-19-031004-index.htm",
    "finalLink": "https://www.sec.gov/Archives/edgar/data/1138118/000156459019031004/cbre-10q_20190630.htm"
  },
  {
    "date": "2019-03-31",
    "symbol": "CBRE",
    "reportedCurrency": "USD",
    "cik": "0001138118",
    "fillingDate": "2019-05-10",
    "acceptedDate": "2019-05-10 14:13:14",
    "calendarYear": "2019",
    "period": "Q1",
    "revenue": 5135510000,
    "costOfRevenue": 4022034000,
    "grossProfit": 1113476000,
    "grossProfitRatio": 0.2168189722,
    "researchAndDevelopmentExpenses": 0,
    "generalAndAdministrativeExpenses": 0,
    "sellingAndMarketingExpenses": 0,
    "sellingGeneralAndAdministrativeExpenses": 784376000,
    "otherExpenses": 184113000,
    "operatingExpenses": 968489000,
    "costAndExpenses": 4990523000,
    "interestIncome": 1534000,
    "interestExpense": 22726000,
    "depreciationAndAmortization": 105823000,
    "ebitda": 329100000,
    "ebitdaratio": 0.0640832167,
    "operatingIncome": 144987000,
    "operatingIncomeRatio": 0.0282322496,
    "totalOtherIncomeExpensesNet": 69717000,
    "incomeBeforeTax": 214704000,
    "incomeBeforeTaxRatio": 0.041807727,
    "incomeTaxExpense": 43878000,
    "netIncome": 164409000,
    "netIncomeRatio": 0.0320141524,
    "eps": 0.49,
    "epsdiluted": 0.48,
    "weightedAverageShsOut": 336020431,
    "weightedAverageShsOutDil": 340158399,
    "link": "https://www.sec.gov/Archives/edgar/data/1138118/000156459019018435/0001564590-19-018435-index.htm",
    "finalLink": "https://www.sec.gov/Archives/edgar/data/1138118/000156459019018435/cbre-10q_20190331.htm"
  },
  {
    "date": "2018-12-31",
    "symbol": "CBRE",
    "reportedCurrency": "USD",
    "cik": "0001138118",
    "fillingDate": "2019-03-01",
    "acceptedDate": "2019-03-01 09:12:05",
    "calendarYear": "2018",
    "period": "Q4",
    "revenue": 6293748000,
    "costOfRevenue": 4771599000,
    "grossProfit": 1522149000,
    "grossProfitRatio": 0.2418509607,
    "researchAndDevelopmentExpenses": 0,
    "generalAndAdministrativeExpenses": 847915000,
    "sellingAndMarketingExpenses": 74800000,
    "sellingGeneralAndAdministrativeExpenses": 922715000,
    "otherExpenses": 140087000,
    "operatingExpenses": 1062802000,
    "costAndExpenses": 5834401000,
    "interestIncome": 2244000,
    "interestExpense": 24876000,
    "depreciationAndAmortization": 116940000,
    "ebitda": 599434000,
    "ebitdaratio": 0.0952427711,
    "operatingIncome": 459347000,
    "operatingIncomeRatio": 0.0729846508,
    "totalOtherIncomeExpensesNet": 36768000,
    "incomeBeforeTax": 496115000,
    "incomeBeforeTaxRatio": 0.0788266388,
    "incomeTaxExpense": 101612000,
    "netIncome": 393795000,
    "netIncomeRatio": 0.0625692354,
    "eps": 1.16,
    "epsdiluted": 1.15,
    "weightedAverageShsOut": 339823278,
    "weightedAverageShsOutDil": 342683720,
    "link": "https://www.sec.gov/Archives/edgar/data/1138118/000156459019005666/0001564590-19-005666-index.htm",
    "finalLink": "https://www.sec.gov/Archives/edgar/data/1138118/000156459019005666/cbg-10k_20181231.htm"
  },
  {
    "date": "2018-09-30",
    "symbol": "CBRE",
    "reportedCurrency": "USD",
    "cik": "0001138118",
    "fillingDate": "2018-11-09",
    "acceptedDate": "2018-11-09 08:09:47",
    "calendarYear": "2018",
    "period": "Q3",
    "revenue": 5260954000,
    "costOfRevenue": 4098904000,
    "grossProfit": 1162050000,
    "grossProfitRatio": 0.2208819921,
    "researchAndDevelopmentExpenses": 0,
    "generalAndAdministrativeExpenses": 0,
    "sellingAndMarketingExpenses": 0,
    "sellingGeneralAndAdministrativeExpenses": 831349000,
    "otherExpenses": 140984000,
    "operatingExpenses": 972333000,
    "costAndExpenses": 5071237000,
    "interestIncome": 1231000,
    "interestExpense": 26651000,
    "depreciationAndAmortization": 113484000,
    "ebitda": 330701000,
    "ebitdaratio": 0.0628595118,
    "operatingIncome": 189717000,
    "operatingIncomeRatio": 0.0360613303,
    "totalOtherIncomeExpensesNet": 196935000,
    "incomeBeforeTax": 386652000,
    "incomeBeforeTaxRatio": 0.0734946552,
    "incomeTaxExpense": 94963000,
    "netIncome": 290469000,
    "netIncomeRatio": 0.0552122296,
    "eps": 0.86,
    "epsdiluted": 0.85,
    "weightedAverageShsOut": 339477316,
    "weightedAverageShsOutDil": 343733947,
    "link": "https://www.sec.gov/Archives/edgar/data/1138118/000156459018028760/0001564590-18-028760-index.htm",
    "finalLink": "https://www.sec.gov/Archives/edgar/data/1138118/000156459018028760/cbg-10q_20180930.htm"
  },
  {
    "date": "2018-06-30",
    "symbol": "CBRE",
    "reportedCurrency": "USD",
    "cik": "0001138118",
    "fillingDate": "2018-08-09",
    "acceptedDate": "2018-08-09 13:53:11",
    "calendarYear": "2018",
    "period": "Q2",
    "revenue": 5111434000,
    "costOfRevenue": 3958748000,
    "grossProfit": 1152686000,
    "grossProfitRatio": 0.2255112753,
    "researchAndDevelopmentExpenses": 0,
    "generalAndAdministrativeExpenses": 0,
    "sellingAndMarketingExpenses": 0,
    "sellingGeneralAndAdministrativeExpenses": 826282000,
    "otherExpenses": 101088000,
    "operatingExpenses": 927370000,
    "costAndExpenses": 4886118000,
    "interestIncome": 1489000,
    "interestExpense": 26885000,
    "depreciationAndAmortization": 113399000,
    "ebitda": 326404000,
    "ebitdaratio": 0.063857618,
    "operatingIncome": 225316000,
    "operatingIncomeRatio": 0.0440807805,
    "totalOtherIncomeExpensesNet": 74634000,
    "incomeBeforeTax": 299950000,
    "incomeBeforeTaxRatio": 0.0586821624,
    "incomeTaxExpense": 70319000,
    "netIncome": 228667000,
    "netIncomeRatio": 0.0447363695,
    "eps": 0.67,
    "epsdiluted": 0.67,
    "weightedAverageShsOut": 339081556,
    "weightedAverageShsOutDil": 343471513,
    "link": "https://www.sec.gov/Archives/edgar/data/1138118/000156459018020899/0001564590-18-020899-index.htm",
    "finalLink": "https://www.sec.gov/Archives/edgar/data/1138118/000156459018020899/cbg-10q_20180630.htm"
  },
  {
    "date": "2018-03-31",
    "symbol": "CBRE",
    "reportedCurrency": "USD",
    "cik": "0001138118",
    "fillingDate": "2018-05-10",
    "acceptedDate": "2018-05-10 12:09:12",
    "calendarYear": "2018",
    "period": "Q1",
    "revenue": 4673952000,
    "costOfRevenue": 3619961000,
    "grossProfit": 1053991000,
    "grossProfitRatio": 0.2255031716,
    "researchAndDevelopmentExpenses": 0,
    "generalAndAdministrativeExpenses": 0,
    "sellingAndMarketingExpenses": 0,
    "sellingGeneralAndAdministrativeExpenses": 732235000,
    "otherExpenses": 108147000,
    "operatingExpenses": 840382000,
    "costAndExpenses": 4460343000,
    "interestIncome": 3621000,
    "interestExpense": 28858000,
    "depreciationAndAmortization": 108165000,
    "ebitda": 321756000,
    "ebitdaratio": 0.0688402448,
    "operatingIncome": 213609000,
    "operatingIncomeRatio": 0.0457020098,
    "totalOtherIncomeExpensesNet": -17320000,
    "incomeBeforeTax": 196289000,
    "incomeBeforeTaxRatio": 0.0419963662,
    "incomeTaxExpense": 46164000,
    "netIncome": 150288000,
    "netIncomeRatio": 0.0321543739,
    "eps": 0.44,
    "epsdiluted": 0.44,
    "weightedAverageShsOut": 338890098,
    "weightedAverageShsOutDil": 342589810,
    "link": "https://www.sec.gov/Archives/edgar/data/1138118/000156459018012793/0001564590-18-012793-index.htm",
    "finalLink": "https://www.sec.gov/Archives/edgar/data/1138118/000156459018012793/cbg-10q_20180331.htm"
  },
  {
    "date": "2017-12-31",
    "symbol": "CBRE",
    "reportedCurrency": "USD",
    "cik": "0001138118",
    "fillingDate": "2018-03-01",
    "acceptedDate": "2018-03-01 10:29:41",
    "calendarYear": "2017",
    "period": "Q4",
    "revenue": 5499654000,
    "costOfRevenue": 4150803000,
    "grossProfit": 1348851000,
    "grossProfitRatio": 0.2452610655,
    "researchAndDevelopmentExpenses": 0,
    "generalAndAdministrativeExpenses": 771429000,
    "sellingAndMarketingExpenses": 63100000,
    "sellingGeneralAndAdministrativeExpenses": 834529000,
    "otherExpenses": 108135000,
    "operatingExpenses": 942664000,
    "costAndExpenses": 5093467000,
    "interestIncome": 2886000,
    "interestExpense": 32891000,
    "depreciationAndAmortization": 109100000,
    "ebitda": 514322000,
    "ebitdaratio": 0.0935189741,
    "operatingIncome": 406187000,
    "operatingIncomeRatio": 0.0738568281,
    "totalOtherIncomeExpensesNet": 22302000,
    "incomeBeforeTax": 428489000,
    "incomeBeforeTaxRatio": 0.0779119923,
    "incomeTaxExpense": 266978999,
    "netIncome": 168400000,
    "netIncomeRatio": 0.0306201081,
    "eps": 0.5,
    "epsdiluted": 0.49,
    "weightedAverageShsOut": 338777028,
    "weightedAverageShsOutDil": 341728078,
    "link": "https://www.sec.gov/Archives/edgar/data/1138118/000156459018003991/0001564590-18-003991-index.htm",
    "finalLink": "https://www.sec.gov/Archives/edgar/data/1138118/000156459018003991/cbg-10k_20171231.htm"
  },
  {
    "date": "2017-09-30",
    "symbol": "CBRE",
    "reportedCurrency": "USD",
    "cik": "0001138118",
    "fillingDate": "2017-11-09",
    "acceptedDate": "2017-11-09 12:10:25",
    "calendarYear": "2017",
    "period": "Q3",
    "revenue": 4638596000,
    "costOfRevenue": 3598279000,
    "grossProfit": 1040317000,
    "grossProfitRatio": 0.2242741123,
    "researchAndDevelopmentExpenses": 0,
    "generalAndAdministrativeExpenses": 0,
    "sellingAndMarketingExpenses": 0,
    "sellingGeneralAndAdministrativeExpenses": 704950000,
    "otherExpenses": 96411000,
    "operatingExpenses": 801361000,
    "costAndExpenses": 4399640000,
    "interestIncome": 3129000,
    "interestExpense": 34483000,
    "depreciationAndAmortization": 102591000,
    "ebitda": 335367000,
    "ebitdaratio": 0.0722992474,
    "operatingIncome": 238956000,
    "operatingIncomeRatio": 0.0515147256,
    "totalOtherIncomeExpensesNet": 38248000,
    "incomeBeforeTax": 277204000,
    "incomeBeforeTaxRatio": 0.059760324,
    "incomeTaxExpense": 77072000,
    "netIncome": 199088000,
    "netIncomeRatio": 0.0429198835,
    "eps": 0.59,
    "epsdiluted": 0.58,
    "weightedAverageShsOut": 337948324,
    "weightedAverageShsOutDil": 341186431,
    "link": "https://www.sec.gov/Archives/edgar/data/1138118/000156459017023069/0001564590-17-023069-index.htm",
    "finalLink": "https://www.sec.gov/Archives/edgar/data/1138118/000156459017023069/cbg-10q_20170930.htm"
  },
  {
    "date": "2017-06-30",
    "symbol": "CBRE",
    "reportedCurrency": "USD",
    "cik": "0001138118",
    "fillingDate": "2017-08-09",
    "acceptedDate": "2017-08-08 18:23:40",
    "calendarYear": "2017",
    "period": "Q2",
    "revenue": 4439571000,
    "costOfRevenue": 3409540000,
    "grossProfit": 1030031000,
    "grossProfitRatio": 0.2320113813,
    "researchAndDevelopmentExpenses": 0,
    "generalAndAdministrativeExpenses": 0,
    "sellingAndMarketingExpenses": 0,
    "sellingGeneralAndAdministrativeExpenses": 712615000,
    "otherExpenses": 89088000,
    "operatingExpenses": 801703000,
    "costAndExpenses": 4211243000,
    "interestIncome": 1427000,
    "interestExpense": 35430000,
    "depreciationAndAmortization": 100386000,
    "ebitda": 317416000,
    "ebitdaratio": 0.0714969982,
    "operatingIncome": 228328000,
    "operatingIncomeRatio": 0.0514301945,
    "totalOtherIncomeExpensesNet": 44567000,
    "incomeBeforeTax": 272895000,
    "incomeBeforeTaxRatio": 0.0614687771,
    "incomeTaxExpense": 69887000,
    "netIncome": 201777000,
    "netIncomeRatio": 0.0454496617,
    "eps": 0.6,
    "epsdiluted": 0.59,
    "weightedAverageShsOut": 336975149,
    "weightedAverageShsOutDil": 340882603,
    "link": "https://www.sec.gov/Archives/edgar/data/1138118/000156459017016641/0001564590-17-016641-index.htm",
    "finalLink": "https://www.sec.gov/Archives/edgar/data/1138118/000156459017016641/cbg-10q_20170630.htm"
  },
  {
    "date": "2017-03-31",
    "symbol": "CBRE",
    "reportedCurrency": "USD",
    "cik": "0001138118",
    "fillingDate": "2017-05-10",
    "acceptedDate": "2017-05-10 11:37:34",
    "calendarYear": "2017",
    "period": "Q1",
    "revenue": 4050966000,
    "costOfRevenue": 3146477000,
    "grossProfit": 904489000,
    "grossProfitRatio": 0.2232773615,
    "researchAndDevelopmentExpenses": 0,
    "generalAndAdministrativeExpenses": 0,
    "sellingAndMarketingExpenses": 0,
    "sellingGeneralAndAdministrativeExpenses": 606626000,
    "otherExpenses": 92652000,
    "operatingExpenses": 699278000,
    "costAndExpenses": 3845755000,
    "interestIncome": 2411000,
    "interestExpense": 34010000,
    "depreciationAndAmortization": 94037000,
    "ebitda": 297863000,
    "ebitdaratio": 0.0735288818,
    "operatingIncome": 205211000,
    "operatingIncomeRatio": 0.0506573,
    "totalOtherIncomeExpensesNet": -12466000,
    "incomeBeforeTax": 192745000,
    "incomeBeforeTaxRatio": 0.0475800093,
    "incomeTaxExpense": 53819000,
    "netIncome": 137020000,
    "netIncomeRatio": 0.0338240311,
    "eps": 0.41,
    "epsdiluted": 0.4,
    "weightedAverageShsOut": 336907836,
    "weightedAverageShsOutDil": 339690579,
    "link": "https://www.sec.gov/Archives/edgar/data/1138118/000156459017010115/0001564590-17-010115-index.htm",
    "finalLink": "https://www.sec.gov/Archives/edgar/data/1138118/000156459017010115/cbg-10q_20170331.htm"
  },
  {
    "date": "2016-12-31",
    "symbol": "CBRE",
    "reportedCurrency": "USD",
    "cik": "0001138118",
    "fillingDate": "2017-03-01",
    "acceptedDate": "2017-03-01 12:54:02",
    "calendarYear": "2016",
    "period": "Q4",
    "revenue": 3823831000,
    "costOfRevenue": 2603098000,
    "grossProfit": 1220733000,
    "grossProfitRatio": 0.3192434498,
    "researchAndDevelopmentExpenses": 0,
    "generalAndAdministrativeExpenses": 579429000,
    "sellingAndMarketingExpenses": 65800000,
    "sellingGeneralAndAdministrativeExpenses": 645229000,
    "otherExpenses": 222683000,
    "operatingExpenses": 867912000,
    "costAndExpenses": 3471010000,
    "interestIncome": 2506000,
    "interestExpense": 35801000,
    "depreciationAndAmortization": 96940000,
    "ebitda": 575504000,
    "ebitdaratio": 0.1505045594,
    "operatingIncome": 352821000,
    "operatingIncomeRatio": 0.0922689836,
    "totalOtherIncomeExpensesNet": 43389000,
    "incomeBeforeTax": 396210000,
    "incomeBeforeTaxRatio": 0.1036159809,
    "incomeTaxExpense": 131084000,
    "netIncome": 263975000,
    "netIncomeRatio": 0.0690341702,
    "eps": 0.78,
    "epsdiluted": 0.78,
    "weightedAverageShsOut": 336843925,
    "weightedAverageShsOutDil": 338839469,
    "link": "https://www.sec.gov/Archives/edgar/data/1138118/000119312517064772/0001193125-17-064772-index.htm",
    "finalLink": "https://www.sec.gov/Archives/edgar/data/1138118/000119312517064772/d291832d10k.htm"
  },
  {
    "date": "2016-09-30",
    "symbol": "CBRE",
    "reportedCurrency": "USD",
    "cik": "0001138118",
    "fillingDate": "2016-11-09",
    "acceptedDate": "2016-11-09 12:24:49",
    "calendarYear": "2016",
    "period": "Q3",
    "revenue": 3193487000,
    "costOfRevenue": 2238083000,
    "grossProfit": 955404000,
    "grossProfitRatio": 0.2991726599,
    "researchAndDevelopmentExpenses": 0,
    "generalAndAdministrativeExpenses": 0,
    "sellingAndMarketingExpenses": 0,
    "sellingGeneralAndAdministrativeExpenses": 634030000,
    "otherExpenses": 148882000,
    "operatingExpenses": 782912000,
    "costAndExpenses": 3020995000,
    "interestIncome": 1020000,
    "interestExpense": 37273000,
    "depreciationAndAmortization": 92725000,
    "ebitda": 321374000,
    "ebitdaratio": 0.100634197,
    "operatingIncome": 172492000,
    "operatingIncomeRatio": 0.0540136847,
    "totalOtherIncomeExpensesNet": -10225000,
    "incomeBeforeTax": 162267000,
    "incomeBeforeTaxRatio": 0.0508118555,
    "incomeTaxExpense": 51414000,
    "netIncome": 104163000,
    "netIncomeRatio": 0.0326173239,
    "eps": 0.31,
    "epsdiluted": 0.31,
    "weightedAverageShsOut": 335770122,
    "weightedAverageShsOutDil": 338488975,
    "link": "https://www.sec.gov/Archives/edgar/data/1138118/000119312516764008/0001193125-16-764008-index.htm",
    "finalLink": "https://www.sec.gov/Archives/edgar/data/1138118/000119312516764008/d271606d10q.htm"
  },
  {
    "date": "2016-06-30",
    "symbol": "CBRE",
    "reportedCurrency": "USD",
    "cik": "0001138118",
    "fillingDate": "2016-08-09",
    "acceptedDate": "2016-08-09 11:20:23",
    "calendarYear": "2016",
    "period": "Q2",
    "revenue": 3207537000,
    "costOfRevenue": 2236433000,
    "grossProfit": 971104000,
    "grossProfitRatio": 0.3027569129,
    "researchAndDevelopmentExpenses": 0,
    "generalAndAdministrativeExpenses": 0,
    "sellingAndMarketingExpenses": 0,
    "sellingGeneralAndAdministrativeExpenses": 671042000,
    "otherExpenses": 117468000,
    "operatingExpenses": 788510000,
    "costAndExpenses": 3024943000,
    "interestIncome": 3066000,
    "interestExpense": 36987000,
    "depreciationAndAmortization": 90268000,
    "ebitda": 300062000,
    "ebitdaratio": 0.0935490378,
    "operatingIncome": 182594000,
    "operatingIncomeRatio": 0.0569265452,
    "totalOtherIncomeExpensesNet": 4890000,
    "incomeBeforeTax": 187484000,
    "incomeBeforeTaxRatio": 0.0584510794,
    "incomeTaxExpense": 64039000,
    "netIncome": 121668000,
    "netIncomeRatio": 0.0379319085,
    "eps": 0.36,
    "epsdiluted": 0.36,
    "weightedAverageShsOut": 335076746,
    "weightedAverageShsOutDil": 338080641,
    "link": "https://www.sec.gov/Archives/edgar/data/1138118/000119312516676274/0001193125-16-676274-index.htm",
    "finalLink": "https://www.sec.gov/Archives/edgar/data/1138118/000119312516676274/d222328d10q.htm"
  },
  {
    "date": "2016-03-31",
    "symbol": "CBRE",
    "reportedCurrency": "USD",
    "cik": "0001138118",
    "fillingDate": "2016-05-10",
    "acceptedDate": "2016-05-10 12:01:18",
    "calendarYear": "2016",
    "period": "Q1",
    "revenue": 2846734000,
    "costOfRevenue": 2013613000,
    "grossProfit": 833121000,
    "grossProfitRatio": 0.2926585343,
    "researchAndDevelopmentExpenses": 0,
    "generalAndAdministrativeExpenses": 0,
    "sellingAndMarketingExpenses": 0,
    "sellingGeneralAndAdministrativeExpenses": 635566000,
    "otherExpenses": 89975000,
    "operatingExpenses": 725541000,
    "costAndExpenses": 2739154000,
    "interestIncome": 1459000,
    "interestExpense": 34790000,
    "depreciationAndAmortization": 86994000,
    "ebitda": 197555000,
    "ebitdaratio": 0.0693970705,
    "operatingIncome": 107580000,
    "operatingIncomeRatio": 0.0377906752,
    "totalOtherIncomeExpensesNet": 27185000,
    "incomeBeforeTax": 134765000,
    "incomeBeforeTaxRatio": 0.0473402151,
    "incomeTaxExpense": 50125000,
    "netIncome": 82167000,
    "netIncomeRatio": 0.028863603,
    "eps": 0.25,
    "epsdiluted": 0.24,
    "weightedAverageShsOut": 333992935,
    "weightedAverageShsOutDil": 337506232,
    "link": "https://www.sec.gov/Archives/edgar/data/1138118/000119312516585170/0001193125-16-585170-index.htm",
    "finalLink": "https://www.sec.gov/Archives/edgar/data/1138118/000119312516585170/d132908d10q.htm"
  },
  {
    "date": "2015-12-31",
    "symbol": "CBRE",
    "reportedCurrency": "USD",
    "cik": "0001138118",
    "fillingDate": "2016-02-29",
    "acceptedDate": "2016-02-29 13:32:36",
    "calendarYear": "2015",
    "period": "Q4",
    "revenue": 3700242000,
    "costOfRevenue": 2512221000,
    "grossProfit": 1188021000,
    "grossProfitRatio": 0.3210657573,
    "researchAndDevelopmentExpenses": 0,
    "generalAndAdministrativeExpenses": 779932000,
    "sellingAndMarketingExpenses": 62700000,
    "sellingGeneralAndAdministrativeExpenses": 842632000,
    "otherExpenses": 138406000,
    "operatingExpenses": 981038000,
    "costAndExpenses": 3493259000,
    "interestIncome": 1454000,
    "interestExpense": 35813000,
    "depreciationAndAmortization": 98598000,
    "ebitda": 345389000,
    "ebitdaratio": 0.0933422733,
    "operatingIncome": 206983000,
    "operatingIncomeRatio": 0.0559376927,
    "totalOtherIncomeExpensesNet": 90222000,
    "incomeBeforeTax": 297205000,
    "incomeBeforeTaxRatio": 0.0803204223,
    "incomeTaxExpense": 114610000,
    "netIncome": 180043000,
    "netIncomeRatio": 0.0486570878,
    "eps": 0.54,
    "epsdiluted": 0.53,
    "weightedAverageShsOut": 333783269,
    "weightedAverageShsOutDil": 337223824,
    "link": "https://www.sec.gov/Archives/edgar/data/1138118/000119312516484680/0001193125-16-484680-index.htm",
    "finalLink": "https://www.sec.gov/Archives/edgar/data/1138118/000119312516484680/d215062d10k.htm"
  },
  {
    "date": "2015-09-30",
    "symbol": "CBRE",
    "reportedCurrency": "USD",
    "cik": "0001138118",
    "fillingDate": "2015-11-09",
    "acceptedDate": "2015-11-09 13:28:09",
    "calendarYear": "2015",
    "period": "Q3",
    "revenue": 2712559000,
    "costOfRevenue": 1773660000,
    "grossProfit": 938899000,
    "grossProfitRatio": 0.3461303515,
    "researchAndDevelopmentExpenses": 0,
    "generalAndAdministrativeExpenses": 0,
    "sellingAndMarketingExpenses": 0,
    "sellingGeneralAndAdministrativeExpenses": 626905000,
    "otherExpenses": 71893000,
    "operatingExpenses": 698798000,
    "costAndExpenses": 2472458000,
    "interestIncome": 1158000,
    "interestExpense": 30699000,
    "depreciationAndAmortization": 75047000,
    "ebitda": 311994000,
    "ebitdaratio": 0.1150183277,
    "operatingIncome": 240101000,
    "operatingIncomeRatio": 0.0885145724,
    "totalOtherIncomeExpensesNet": -17244000,
    "incomeBeforeTax": 222857000,
    "incomeBeforeTaxRatio": 0.0821574757,
    "incomeTaxExpense": 72866000,
    "netIncome": 149123000,
    "netIncomeRatio": 0.0549750254,
    "eps": 0.45,
    "epsdiluted": 0.44,
    "weightedAverageShsOut": 332684487,
    "weightedAverageShsOutDil": 336561877,
    "link": "https://www.sec.gov/Archives/edgar/data/1138118/000119312515371619/0001193125-15-371619-index.htm",
    "finalLink": "https://www.sec.gov/Archives/edgar/data/1138118/000119312515371619/d64274d10q.htm"
  },
  {
    "date": "2015-06-30",
    "symbol": "CBRE",
    "reportedCurrency": "USD",
    "cik": "0001138118",
    "fillingDate": "2015-08-10",
    "acceptedDate": "2015-08-10 14:56:50",
    "calendarYear": "2015",
    "period": "Q2",
    "revenue": 2390506000,
    "costOfRevenue": 1487974000,
    "grossProfit": 902532000,
    "grossProfitRatio": 0.377548519,
    "researchAndDevelopmentExpenses": 0,
    "generalAndAdministrativeExpenses": 0,
    "sellingAndMarketingExpenses": 0,
    "sellingGeneralAndAdministrativeExpenses": 610158000,
    "otherExpenses": 63619000,
    "operatingExpenses": 673777000,
    "costAndExpenses": 2161751000,
    "interestIncome": 1402000,
    "interestExpense": 26154000,
    "depreciationAndAmortization": 70605000,
    "ebitda": 292374000,
    "ebitdaratio": 0.1223063234,
    "operatingIncome": 228755000,
    "operatingIncomeRatio": 0.0956931294,
    "totalOtherIncomeExpensesNet": -19128000,
    "incomeBeforeTax": 209627000,
    "incomeBeforeTaxRatio": 0.0876914762,
    "incomeTaxExpense": 76474000,
    "netIncome": 125029000,
    "netIncomeRatio": 0.0523023159,
    "eps": 0.38,
    "epsdiluted": 0.37,
    "weightedAverageShsOut": 331999935,
    "weightedAverageShsOutDil": 336154524,
    "link": "https://www.sec.gov/Archives/edgar/data/1138118/000119312515284650/0001193125-15-284650-index.htm",
    "finalLink": "https://www.sec.gov/Archives/edgar/data/1138118/000119312515284650/d97362d10q.htm"
  },
  {
    "date": "2015-03-31",
    "symbol": "CBRE",
    "reportedCurrency": "USD",
    "cik": "0001138118",
    "fillingDate": "2015-05-11",
    "acceptedDate": "2015-05-11 15:16:46",
    "calendarYear": "2015",
    "period": "Q1",
    "revenue": 2052503000,
    "costOfRevenue": 1290777000,
    "grossProfit": 761726000,
    "grossProfitRatio": 0.3711205294,
    "researchAndDevelopmentExpenses": 0,
    "generalAndAdministrativeExpenses": 0,
    "sellingAndMarketingExpenses": 0,
    "sellingGeneralAndAdministrativeExpenses": 531775000,
    "otherExpenses": 69846000,
    "operatingExpenses": 601621000,
    "costAndExpenses": 1892398000,
    "interestIncome": 2297000,
    "interestExpense": 26214000,
    "depreciationAndAmortization": 69846000,
    "ebitda": 229951000,
    "ebitdaratio": 0.1120344282,
    "operatingIncome": 160105000,
    "operatingIncomeRatio": 0.0780047581,
    "totalOtherIncomeExpensesNet": -10064000,
    "incomeBeforeTax": 150041000,
    "incomeBeforeTaxRatio": 0.0731014766,
    "incomeTaxExpense": 56903000,
    "netIncome": 92937000,
    "netIncomeRatio": 0.0452798364,
    "eps": 0.28,
    "epsdiluted": 0.28,
    "weightedAverageShsOut": 331976907,
    "weightedAverageShsOutDil": 335698590,
    "link": "https://www.sec.gov/Archives/edgar/data/1138118/000119312515181733/0001193125-15-181733-index.htm",
    "finalLink": "https://www.sec.gov/Archives/edgar/data/1138118/000119312515181733/d893183d10q.htm"
  },
  {
    "date": "2014-12-31",
    "symbol": "CBRE",
    "reportedCurrency": "USD",
    "cik": "0001138118",
    "fillingDate": "2015-03-02",
    "acceptedDate": "2015-03-02 15:07:51",
    "calendarYear": "2014",
    "period": "Q4",
    "revenue": 2787194000,
    "costOfRevenue": 1706343000,
    "grossProfit": 1080851000,
    "grossProfitRatio": 0.3877918078,
    "researchAndDevelopmentExpenses": 0,
    "generalAndAdministrativeExpenses": 685828000,
    "sellingAndMarketingExpenses": 55600000,
    "sellingGeneralAndAdministrativeExpenses": 741428000,
    "otherExpenses": 50796000,
    "operatingExpenses": 792224000,
    "costAndExpenses": 2498567000,
    "interestIncome": 1912000,
    "interestExpense": 27709000,
    "depreciationAndAmortization": 69444000,
    "ebitda": 339423000,
    "ebitdaratio": 0.1217794671,
    "operatingIncome": 288627000,
    "operatingIncomeRatio": 0.1035546862,
    "totalOtherIncomeExpensesNet": 9484000,
    "incomeBeforeTax": 298111000,
    "incomeBeforeTaxRatio": 0.1069573916,
    "incomeTaxExpense": 92441000,
    "netIncome": 204277000,
    "netIncomeRatio": 0.0732912743,
    "eps": 0.62,
    "epsdiluted": 0.61,
    "weightedAverageShsOut": 331875303,
    "weightedAverageShsOutDil": 335106838,
    "link": "https://www.sec.gov/Archives/edgar/data/1138118/000119312515073030/0001193125-15-073030-index.htm",
    "finalLink": "https://www.sec.gov/Archives/edgar/data/1138118/000119312515073030/d837146d10k.htm"
  },
  {
    "date": "2014-09-30",
    "symbol": "CBRE",
    "reportedCurrency": "USD",
    "cik": "0001138118",
    "fillingDate": "2014-11-10",
    "acceptedDate": "2014-11-10 15:23:43",
    "calendarYear": "2014",
    "period": "Q3",
    "revenue": 2275076000,
    "costOfRevenue": 1428986000,
    "grossProfit": 846090000,
    "grossProfitRatio": 0.3718952686,
    "researchAndDevelopmentExpenses": 0,
    "generalAndAdministrativeExpenses": 0,
    "sellingAndMarketingExpenses": 0,
    "sellingGeneralAndAdministrativeExpenses": 592411000,
    "otherExpenses": 68539000,
    "operatingExpenses": 660950000,
    "costAndExpenses": 2089936000,
    "interestIncome": 1598000,
    "interestExpense": 27841000,
    "depreciationAndAmortization": 67159000,
    "ebitda": 253679000,
    "ebitdaratio": 0.1115035278,
    "operatingIncome": 185140000,
    "operatingIncomeRatio": 0.0813775012,
    "totalOtherIncomeExpensesNet": -6143000,
    "incomeBeforeTax": 178997000,
    "incomeBeforeTaxRatio": 0.0786773717,
    "incomeTaxExpense": 69305000,
    "netIncome": 107099000,
    "netIncomeRatio": 0.0470749109,
    "eps": 0.32,
    "epsdiluted": 0.32,
    "weightedAverageShsOut": 330419006,
    "weightedAverageShsOutDil": 334293046,
    "link": "https://www.sec.gov/Archives/edgar/data/1138118/000119312514405746/0001193125-14-405746-index.htm",
    "finalLink": "https://www.sec.gov/Archives/edgar/data/1138118/000119312514405746/d788760d10q.htm"
  },
  {
    "date": "2014-06-30",
    "symbol": "CBRE",
    "reportedCurrency": "USD",
    "cik": "0001138118",
    "fillingDate": "2014-08-11",
    "acceptedDate": "2014-08-11 17:06:49",
    "calendarYear": "2014",
    "period": "Q2",
    "revenue": 2126806000,
    "costOfRevenue": 1314473000,
    "grossProfit": 812333000,
    "grossProfitRatio": 0.3819497406,
    "researchAndDevelopmentExpenses": 0,
    "generalAndAdministrativeExpenses": 0,
    "sellingAndMarketingExpenses": 0,
    "sellingGeneralAndAdministrativeExpenses": 566202000,
    "otherExpenses": 40125000,
    "operatingExpenses": 606327000,
    "costAndExpenses": 1920800000,
    "interestIncome": 1146000,
    "interestExpense": 28470000,
    "depreciationAndAmortization": 63295000,
    "ebitda": 246131000,
    "ebitdaratio": 0.1157279978,
    "operatingIncome": 206006000,
    "operatingIncomeRatio": 0.096861679,
    "totalOtherIncomeExpensesNet": -11696000,
    "incomeBeforeTax": 194310000,
    "incomeBeforeTaxRatio": 0.0913623527,
    "incomeTaxExpense": 64111000,
    "netIncome": 105464000,
    "netIncomeRatio": 0.0495879737,
    "eps": 0.32,
    "epsdiluted": 0.32,
    "weightedAverageShsOut": 330133061,
    "weightedAverageShsOutDil": 333918620,
    "link": "https://www.sec.gov/Archives/edgar/data/1138118/000119312514305068/0001193125-14-305068-index.htm",
    "finalLink": "https://www.sec.gov/Archives/edgar/data/1138118/000119312514305068/d744648d10q.htm"
  },
  {
    "date": "2014-03-31",
    "symbol": "CBRE",
    "reportedCurrency": "USD",
    "cik": "0001138118",
    "fillingDate": "2014-05-12",
    "acceptedDate": "2014-05-12 13:08:00",
    "calendarYear": "2014",
    "period": "Q1",
    "revenue": 1860842000,
    "costOfRevenue": 1161460000,
    "grossProfit": 699382000,
    "grossProfitRatio": 0.3758416889,
    "researchAndDevelopmentExpenses": 0,
    "generalAndAdministrativeExpenses": 0,
    "sellingAndMarketingExpenses": 0,
    "sellingGeneralAndAdministrativeExpenses": 528395000,
    "otherExpenses": 58506000,
    "operatingExpenses": 586901000,
    "costAndExpenses": 1748361000,
    "interestIncome": 1577000,
    "interestExpense": 28015000,
    "depreciationAndAmortization": 65203000,
    "ebitda": 170987000,
    "ebitdaratio": 0.0918868985,
    "operatingIncome": 112481000,
    "operatingIncomeRatio": 0.0604462926,
    "totalOtherIncomeExpensesNet": -6637000,
    "incomeBeforeTax": 105844000,
    "incomeBeforeTaxRatio": 0.0568796276,
    "incomeTaxExpense": 37902000,
    "netIncome": 67663000,
    "netIncomeRatio": 0.0363614966,
    "eps": 0.21,
    "epsdiluted": 0.2,
    "weightedAverageShsOut": 330035445,
    "weightedAverageShsOutDil": 333349519,
    "link": "https://www.sec.gov/Archives/edgar/data/1138118/000119312514194337/0001193125-14-194337-index.htm",
    "finalLink": "https://www.sec.gov/Archives/edgar/data/1138118/000119312514194337/d706570d10q.htm"
  },
  {
    "date": "2013-12-31",
    "symbol": "CBRE",
    "reportedCurrency": "USD",
    "cik": "0001138118",
    "fillingDate": "2014-09-23",
    "acceptedDate": "2014-09-23 07:39:07",
    "calendarYear": "2013",
    "period": "Q4",
    "revenue": 2233851000,
    "costOfRevenue": 1276998000,
    "grossProfit": 956853000,
    "grossProfitRatio": 0.4283423559,
    "researchAndDevelopmentExpenses": 0,
    "generalAndAdministrativeExpenses": 578230000,
    "sellingAndMarketingExpenses": 49400000,
    "sellingGeneralAndAdministrativeExpenses": 627630000,
    "otherExpenses": 160012000,
    "operatingExpenses": 787642000,
    "costAndExpenses": 2064640000,
    "interestIncome": 1287000,
    "interestExpense": 27372000,
    "depreciationAndAmortization": 52984000,
    "ebitda": 329223000,
    "ebitdaratio": 0.1473791224,
    "operatingIncome": 169211000,
    "operatingIncomeRatio": 0.0757485616,
    "totalOtherIncomeExpensesNet": 12868000,
    "incomeBeforeTax": 182079000,
    "incomeBeforeTaxRatio": 0.0815090174,
    "incomeTaxExpense": 66242000,
    "netIncome": 114646000,
    "netIncomeRatio": 0.0513221338,
    "eps": 0.35,
    "epsdiluted": 0.34,
    "weightedAverageShsOut": 329912177,
    "weightedAverageShsOutDil": 332519441,
    "link": "https://www.sec.gov/Archives/edgar/data/1138118/000119312514349197/0001193125-14-349197-index.htm",
    "finalLink": "https://www.sec.gov/Archives/edgar/data/1138118/000119312514349197/d793029d10ka.htm"
  },
  {
    "date": "2013-09-30",
    "symbol": "CBRE",
    "reportedCurrency": "USD",
    "cik": "0001138118",
    "fillingDate": "2013-11-12",
    "acceptedDate": "2013-11-12 13:35:42",
    "calendarYear": "2013",
    "period": "Q3",
    "revenue": 1733866000,
    "costOfRevenue": 1032348000,
    "grossProfit": 701518000,
    "grossProfitRatio": 0.4045975871,
    "researchAndDevelopmentExpenses": 0,
    "generalAndAdministrativeExpenses": 0,
    "sellingAndMarketingExpenses": 0,
    "sellingGeneralAndAdministrativeExpenses": 496615000,
    "otherExpenses": 46784000,
    "operatingExpenses": 543399000,
    "costAndExpenses": 1575747000,
    "interestIncome": 1484000,
    "interestExpense": 27783000,
    "depreciationAndAmortization": 47524000,
    "ebitda": 204903000,
    "ebitdaratio": 0.1181769525,
    "operatingIncome": 158119000,
    "operatingIncomeRatio": 0.0911944752,
    "totalOtherIncomeExpensesNet": -7827000,
    "incomeBeforeTax": 150292000,
    "incomeBeforeTaxRatio": 0.0866802856,
    "incomeTaxExpense": 56126000,
    "netIncome": 94444000,
    "netIncomeRatio": 0.054470184,
    "eps": 0.29,
    "epsdiluted": 0.28,
    "weightedAverageShsOut": 328307961,
    "weightedAverageShsOutDil": 332061402,
    "link": "https://www.sec.gov/Archives/edgar/data/1138118/000119312513437838/0001193125-13-437838-index.htm",
    "finalLink": "https://www.sec.gov/Archives/edgar/data/1138118/000119312513437838/d586144d10q.htm"
  },
  {
    "date": "2013-06-30",
    "symbol": "CBRE",
    "reportedCurrency": "USD",
    "cik": "0001138118",
    "fillingDate": "2013-08-09",
    "acceptedDate": "2013-08-09 12:47:37",
    "calendarYear": "2013",
    "period": "Q2",
    "revenue": 1742014000,
    "costOfRevenue": 1018827000,
    "grossProfit": 723187000,
    "grossProfitRatio": 0.4151441952,
    "researchAndDevelopmentExpenses": 0,
    "generalAndAdministrativeExpenses": 0,
    "sellingAndMarketingExpenses": 0,
    "sellingGeneralAndAdministrativeExpenses": 499458000,
    "otherExpenses": 0,
    "operatingExpenses": 527486000,
    "costAndExpenses": 1546313000,
    "interestIncome": 1490000,
    "interestExpense": 37532000,
    "depreciationAndAmortization": 43601000,
    "ebitda": 223729000,
    "ebitdaratio": 0.1284312296,
    "operatingIncome": 180128000,
    "operatingIncomeRatio": 0.1034021541,
    "totalOtherIncomeExpensesNet": -63184000,
    "incomeBeforeTax": 116944000,
    "incomeBeforeTaxRatio": 0.0671314926,
    "incomeTaxExpense": 45815000,
    "netIncome": 69902000,
    "netIncomeRatio": 0.0401271172,
    "eps": 0.21,
    "epsdiluted": 0.21,
    "weightedAverageShsOut": 327423589,
    "weightedAverageShsOutDil": 331631185,
    "link": "https://www.sec.gov/Archives/edgar/data/1138118/000119312513328678/0001193125-13-328678-index.htm",
    "finalLink": "https://www.sec.gov/Archives/edgar/data/1138118/000119312513328678/d545507d10q.htm"
  },
  {
    "date": "2013-03-31",
    "symbol": "CBRE",
    "reportedCurrency": "USD",
    "cik": "0001138118",
    "fillingDate": "2013-05-10",
    "acceptedDate": "2013-05-10 13:34:28",
    "calendarYear": "2013",
    "period": "Q1",
    "revenue": 1475063000,
    "costOfRevenue": 861216000,
    "grossProfit": 613847000,
    "grossProfitRatio": 0.4161496831,
    "researchAndDevelopmentExpenses": 0,
    "generalAndAdministrativeExpenses": 0,
    "sellingAndMarketingExpenses": 0,
    "sellingGeneralAndAdministrativeExpenses": 468016000,
    "otherExpenses": 0,
    "operatingExpenses": 500229999,
    "costAndExpenses": 1361445999,
    "interestIncome": 2028000,
    "interestExpense": 42395000,
    "depreciationAndAmortization": 46281000,
    "ebitda": 145831000,
    "ebitdaratio": 0.0988642519,
    "operatingIncome": 99550000,
    "operatingIncomeRatio": 0.0674886429,
    "totalOtherIncomeExpensesNet": -39880000,
    "incomeBeforeTax": 59670000,
    "incomeBeforeTaxRatio": 0.0404525095,
    "incomeTaxExpense": 19004000,
    "netIncome": 37546000,
    "netIncomeRatio": 0.0254538281,
    "eps": 0.11,
    "epsdiluted": 0.11,
    "weightedAverageShsOut": 326759455,
    "weightedAverageShsOutDil": 330802552,
    "link": "https://www.sec.gov/Archives/edgar/data/1138118/000119312513213389/0001193125-13-213389-index.htm",
    "finalLink": "https://www.sec.gov/Archives/edgar/data/1138118/000119312513213389/d497915d10q.htm"
  },
  {
    "date": "2012-12-31",
    "symbol": "CBRE",
    "reportedCurrency": "USD",
    "cik": "0001138118",
    "fillingDate": "2013-03-01",
    "acceptedDate": "2013-03-01 14:37:23",
    "calendarYear": "2012",
    "period": "Q4",
    "revenue": 2005846000,
    "costOfRevenue": 1138548000,
    "grossProfit": 867298000,
    "grossProfitRatio": 0.4323851382,
    "researchAndDevelopmentExpenses": 0,
    "generalAndAdministrativeExpenses": 0,
    "sellingAndMarketingExpenses": 0,
    "sellingGeneralAndAdministrativeExpenses": 569804000,
    "otherExpenses": 0,
    "operatingExpenses": 587258000,
    "costAndExpenses": 1725806000,
    "interestIncome": 1860000,
    "interestExpense": 43025000,
    "depreciationAndAmortization": 44750000,
    "ebitda": 297494000,
    "ebitdaratio": 0.1483134797,
    "operatingIncome": 252744000,
    "operatingIncomeRatio": 0.1260036912,
    "totalOtherIncomeExpensesNet": -13869000,
    "incomeBeforeTax": 238875000,
    "incomeBeforeTaxRatio": 0.1190894017,
    "incomeTaxExpense": 82969000,
    "netIncome": 172998000,
    "netIncomeRatio": 0.0862469003,
    "eps": 0.53,
    "epsdiluted": 0.53,
    "weightedAverageShsOut": 325372928,
    "weightedAverageShsOutDil": 329012910,
    "link": "https://www.sec.gov/Archives/edgar/data/1138118/000119312513087299/0001193125-13-087299-index.htm",
    "finalLink": "https://www.sec.gov/Archives/edgar/data/1138118/000119312513087299/d448420d10k.htm"
  },
  {
    "date": "2012-09-30",
    "symbol": "CBRE",
    "reportedCurrency": "USD",
    "cik": "0001138118",
    "fillingDate": "2012-11-09",
    "acceptedDate": "2012-11-09 12:12:26",
    "calendarYear": "2012",
    "period": "Q3",
    "revenue": 1557147000,
    "costOfRevenue": 908267000,
    "grossProfit": 648880000,
    "grossProfitRatio": 0.4167108179,
    "researchAndDevelopmentExpenses": 0,
    "generalAndAdministrativeExpenses": 0,
    "sellingAndMarketingExpenses": 0,
    "sellingGeneralAndAdministrativeExpenses": 457547000,
    "otherExpenses": 0,
    "operatingExpenses": 542259000,
    "costAndExpenses": 366008000,
    "interestIncome": 1895000,
    "interestExpense": 43651000,
    "depreciationAndAmortization": 40102000,
    "ebitda": 191333000,
    "ebitdaratio": 0.1228740768,
    "operatingIncome": 151231000,
    "operatingIncomeRatio": 0.0971205673,
    "totalOtherIncomeExpensesNet": -86366000,
    "incomeBeforeTax": 64864999,
    "incomeBeforeTaxRatio": 0.0416563105,
    "incomeTaxExpense": 22160000,
    "netIncome": 39709000,
    "netIncomeRatio": 0.0255011248,
    "eps": 0.12,
    "epsdiluted": 0.12,
    "weightedAverageShsOut": 322331850,
    "weightedAverageShsOutDil": 327309341,
    "link": "https://www.sec.gov/Archives/edgar/data/1138118/000119312512462450/0001193125-12-462450-index.htm",
    "finalLink": "https://www.sec.gov/Archives/edgar/data/1138118/000119312512462450/d401617d10q.htm"
  },
  {
    "date": "2012-06-30",
    "symbol": "CBRE",
    "reportedCurrency": "USD",
    "cik": "0001138118",
    "fillingDate": "2012-08-09",
    "acceptedDate": "2012-08-09 11:55:25",
    "calendarYear": "2012",
    "period": "Q2",
    "revenue": 1601117000,
    "costOfRevenue": 908143000,
    "grossProfit": 692974000,
    "grossProfitRatio": 0.4328065969,
    "researchAndDevelopmentExpenses": 0,
    "generalAndAdministrativeExpenses": 482377000,
    "sellingAndMarketingExpenses": 0,
    "sellingGeneralAndAdministrativeExpenses": 482377000,
    "otherExpenses": -2104000,
    "operatingExpenses": 520274000,
    "costAndExpenses": 1428417000,
    "interestIncome": 1585000,
    "interestExpense": 44411000,
    "depreciationAndAmortization": 38336000,
    "ebitda": 213126000,
    "ebitdaratio": 0.133110822,
    "operatingIncome": 172700000,
    "operatingIncomeRatio": 0.1078621987,
    "totalOtherIncomeExpensesNet": -42321000,
    "incomeBeforeTax": 130379000,
    "incomeBeforeTaxRatio": 0.0814300267,
    "incomeTaxExpense": 54780000,
    "netIncome": 75873000,
    "netIncomeRatio": 0.0473875426,
    "eps": 0.24,
    "epsdiluted": 0.23,
    "weightedAverageShsOut": 320852344,
    "weightedAverageShsOutDil": 326081681,
    "link": "https://www.sec.gov/Archives/edgar/data/1138118/000119312512346328/0001193125-12-346328-index.htm",
    "finalLink": "https://www.sec.gov/Archives/edgar/data/1138118/000119312512346328/d360230d10q.htm"
  },
  {
    "date": "2012-03-31",
    "symbol": "CBRE",
    "reportedCurrency": "USD",
    "cik": "0001138118",
    "fillingDate": "2012-05-10",
    "acceptedDate": "2012-05-10 13:19:23",
    "calendarYear": "2012",
    "period": "Q1",
    "revenue": 1349989000,
    "costOfRevenue": 787556000,
    "grossProfit": 562433000,
    "grossProfitRatio": 0.4166204317,
    "researchAndDevelopmentExpenses": 0,
    "generalAndAdministrativeExpenses": 440722000,
    "sellingAndMarketingExpenses": 0,
    "sellingGeneralAndAdministrativeExpenses": 440722000,
    "otherExpenses": 6588000,
    "operatingExpenses": 487179000,
    "costAndExpenses": 1274735000,
    "interestIncome": 2303000,
    "interestExpense": 43981000,
    "depreciationAndAmortization": 46457000,
    "ebitda": 145797000,
    "ebitdaratio": 0.1079986578,
    "operatingIncome": 76063000,
    "operatingIncomeRatio": 0.0563434221,
    "totalOtherIncomeExpensesNet": -20704000,
    "incomeBeforeTax": 55359000,
    "incomeBeforeTaxRatio": 0.0410070008,
    "incomeTaxExpense": 25413000,
    "netIncome": 26975000,
    "netIncomeRatio": 0.0199816443,
    "eps": 0.08,
    "epsdiluted": 0.08,
    "weightedAverageShsOut": 320671395,
    "weightedAverageShsOutDil": 325738859,
    "link": "https://www.sec.gov/Archives/edgar/data/1138118/000119312512224728/0001193125-12-224728-index.htm",
    "finalLink": "https://www.sec.gov/Archives/edgar/data/1138118/000119312512224728/d321279d10q.htm"
  },
  {
    "date": "2011-12-31",
    "symbol": "CBRE",
    "reportedCurrency": "USD",
    "cik": "0001138118",
    "fillingDate": "2012-02-29",
    "acceptedDate": "2012-02-29 16:29:27",
    "calendarYear": "2011",
    "period": "Q4",
    "revenue": 1763625000,
    "costOfRevenue": 1008946000,
    "grossProfit": 754679000,
    "grossProfitRatio": 0.4279135304,
    "researchAndDevelopmentExpenses": 0,
    "generalAndAdministrativeExpenses": 603647000,
    "sellingAndMarketingExpenses": 0,
    "sellingGeneralAndAdministrativeExpenses": 603647000,
    "otherExpenses": 8515000,
    "operatingExpenses": 639495000,
    "costAndExpenses": 1648441000,
    "interestIncome": 2380000,
    "interestExpense": 43235000,
    "depreciationAndAmortization": 36534000,
    "ebitda": 229800000,
    "ebitdaratio": 0.1302998086,
    "operatingIncome": 116556000,
    "operatingIncomeRatio": 0.0660888794,
    "totalOtherIncomeExpensesNet": 33475000,
    "incomeBeforeTax": 150031000,
    "incomeBeforeTaxRatio": 0.0850696718,
    "incomeTaxExpense": 72071000,
    "netIncome": 79763000,
    "netIncomeRatio": 0.0452267347,
    "eps": 0.25,
    "epsdiluted": 0.25,
    "weightedAverageShsOut": 320662314,
    "weightedAverageShsOutDil": 320671395,
    "link": "https://www.sec.gov/Archives/edgar/data/1138118/000119312512089257/0001193125-12-089257-index.htm",
    "finalLink": "https://www.sec.gov/Archives/edgar/data/1138118/000119312512089257/d266559d10k.htm"
  },
  {
    "date": "2011-09-30",
    "symbol": "CBRE",
    "reportedCurrency": "USD",
    "cik": "0001138118",
    "fillingDate": "2011-11-09",
    "acceptedDate": "2011-11-09 14:35:24",
    "calendarYear": "2011",
    "period": "Q3",
    "revenue": 1534463000,
    "costOfRevenue": 894607000,
    "grossProfit": 639856000,
    "grossProfitRatio": 0.4169901783,
    "researchAndDevelopmentExpenses": 0,
    "generalAndAdministrativeExpenses": 469138000,
    "sellingAndMarketingExpenses": 0,
    "sellingGeneralAndAdministrativeExpenses": 469138000,
    "otherExpenses": -5809000,
    "operatingExpenses": 496851000,
    "costAndExpenses": 1391458000,
    "interestIncome": 2493000,
    "interestExpense": 39080000,
    "depreciationAndAmortization": 31308000,
    "ebitda": 177711000,
    "ebitdaratio": 0.1158131542,
    "operatingIncome": 143005000,
    "operatingIncomeRatio": 0.0931954697,
    "totalOtherIncomeExpensesNet": -35682000,
    "incomeBeforeTax": 107323000,
    "incomeBeforeTaxRatio": 0.0699417321,
    "incomeTaxExpense": 47290000,
    "netIncome": 63807000,
    "netIncomeRatio": 0.0415826253,
    "eps": 0.2,
    "epsdiluted": 0.2,
    "weightedAverageShsOut": 318867447,
    "weightedAverageShsOutDil": 323714703,
    "link": "https://www.sec.gov/Archives/edgar/data/1138118/000119312511304244/0001193125-11-304244-index.htm",
    "finalLink": "https://www.sec.gov/Archives/edgar/data/1138118/000119312511304244/d232582d10q.htm"
  },
  {
    "date": "2011-06-30",
    "symbol": "CBRE",
    "reportedCurrency": "USD",
    "cik": "0001138118",
    "fillingDate": "2011-08-09",
    "acceptedDate": "2011-08-09 15:00:24",
    "calendarYear": "2011",
    "period": "Q2",
    "revenue": 1422218000,
    "costOfRevenue": 839822000,
    "grossProfit": 582396000,
    "grossProfitRatio": 0.4094984032,
    "researchAndDevelopmentExpenses": 0,
    "generalAndAdministrativeExpenses": 432856000,
    "sellingAndMarketingExpenses": 0,
    "sellingGeneralAndAdministrativeExpenses": 432856000,
    "otherExpenses": 25385000,
    "operatingExpenses": 458241000,
    "costAndExpenses": 1298063000,
    "interestIncome": 1902000,
    "interestExpense": 34216000,
    "depreciationAndAmortization": 25385000,
    "ebitda": 174537000,
    "ebitdaratio": 0.1227216925,
    "operatingIncome": 130182000,
    "operatingIncomeRatio": 0.0915344905,
    "totalOtherIncomeExpensesNet": -15246000,
    "incomeBeforeTax": 114936000,
    "incomeBeforeTaxRatio": 0.0808146149,
    "incomeTaxExpense": 46336000,
    "netIncome": 61223000,
    "netIncomeRatio": 0.0430475497,
    "eps": 0.19,
    "epsdiluted": 0.19,
    "weightedAverageShsOut": 317698275,
    "weightedAverageShsOutDil": 324093042,
    "link": "https://www.sec.gov/Archives/edgar/data/1138118/000119312511216305/0001193125-11-216305-index.htm",
    "finalLink": "https://www.sec.gov/Archives/edgar/data/1138118/000119312511216305/d10q.htm"
  },
  {
    "date": "2011-03-31",
    "symbol": "CBRE",
    "reportedCurrency": "USD",
    "cik": "0001138118",
    "fillingDate": "2011-05-10",
    "acceptedDate": "2011-05-10 14:03:17",
    "calendarYear": "2011",
    "period": "Q1",
    "revenue": 1185105000,
    "costOfRevenue": 713755000,
    "grossProfit": 471350000,
    "grossProfitRatio": 0.3977284713,
    "researchAndDevelopmentExpenses": 0,
    "generalAndAdministrativeExpenses": 377025000,
    "sellingAndMarketingExpenses": 0,
    "sellingGeneralAndAdministrativeExpenses": 377025000,
    "otherExpenses": 23178000,
    "operatingExpenses": 400203000,
    "costAndExpenses": 1113958000,
    "interestIncome": 2668000,
    "interestExpense": 33718000,
    "depreciationAndAmortization": 23178000,
    "ebitda": 114144000,
    "ebitdaratio": 0.0963155163,
    "operatingIncome": 73119000,
    "operatingIncomeRatio": 0.0616983305,
    "totalOtherIncomeExpensesNet": -15871000,
    "incomeBeforeTax": 57248000,
    "incomeBeforeTaxRatio": 0.0483062682,
    "incomeTaxExpense": 23406000,
    "netIncome": 34369000,
    "netIncomeRatio": 0.0290008058,
    "eps": 0.11,
    "epsdiluted": 0.11,
    "weightedAverageShsOut": 316563392,
    "weightedAverageShsOutDil": 322920829,
    "link": "https://www.sec.gov/Archives/edgar/data/1138118/000119312511133955/0001193125-11-133955-index.htm",
    "finalLink": "https://www.sec.gov/Archives/edgar/data/1138118/000119312511133955/d10q.htm"
  },
  {
    "date": "2010-12-31",
    "symbol": "CBRE",
    "reportedCurrency": "USD",
    "cik": "0001138118",
    "fillingDate": "2011-03-01",
    "acceptedDate": "2011-03-01 13:08:02",
    "calendarYear": "2010",
    "period": "Q4",
    "revenue": 1651296000,
    "costOfRevenue": 930869000,
    "grossProfit": 720427000,
    "grossProfitRatio": 0.4362797463,
    "researchAndDevelopmentExpenses": 0,
    "generalAndAdministrativeExpenses": 522128000,
    "sellingAndMarketingExpenses": 0,
    "sellingGeneralAndAdministrativeExpenses": 522128000,
    "otherExpenses": 28865000,
    "operatingExpenses": 550993000,
    "costAndExpenses": 1481862000,
    "interestIncome": 2042000,
    "interestExpense": 41329000,
    "depreciationAndAmortization": 29245000,
    "ebitda": 201300000,
    "ebitdaratio": 0.1219042498,
    "operatingIncome": 172933000,
    "operatingIncomeRatio": 0.1047256216,
    "totalOtherIncomeExpensesNet": -42207000,
    "incomeBeforeTax": 130726000,
    "incomeBeforeTaxRatio": 0.0791656977,
    "incomeTaxExpense": 58290000,
    "netIncome": 95144000,
    "netIncomeRatio": 0.0576177742,
    "eps": 0.23,
    "epsdiluted": 0.23,
    "weightedAverageShsOut": 315901493,
    "weightedAverageShsOutDil": 316563392,
    "link": "https://www.sec.gov/Archives/edgar/data/1138118/000119312511051618/0001193125-11-051618-index.htm",
    "finalLink": "https://www.sec.gov/Archives/edgar/data/1138118/000119312511051618/d10k.htm"
  },
  {
    "date": "2010-09-30",
    "symbol": "CBRE",
    "reportedCurrency": "USD",
    "cik": "0001138118",
    "fillingDate": "2010-11-09",
    "acceptedDate": "2010-11-09 14:28:47",
    "calendarYear": "2010",
    "period": "Q3",
    "revenue": 1266218000,
    "costOfRevenue": 735393000,
    "grossProfit": 530825000,
    "grossProfitRatio": 0.4192208609,
    "researchAndDevelopmentExpenses": 0,
    "generalAndAdministrativeExpenses": 374815000,
    "sellingAndMarketingExpenses": 0,
    "sellingGeneralAndAdministrativeExpenses": 374815000,
    "otherExpenses": 25605000,
    "operatingExpenses": 400420000,
    "costAndExpenses": 1135813000,
    "interestIncome": 1463000,
    "interestExpense": 49755000,
    "depreciationAndAmortization": 25605000,
    "ebitda": 161329000,
    "ebitdaratio": 0.12741013,
    "operatingIncome": 130579000,
    "operatingIncomeRatio": 0.1031252122,
    "totalOtherIncomeExpensesNet": -44610000,
    "incomeBeforeTax": 85969000,
    "incomeBeforeTaxRatio": 0.067894312,
    "incomeTaxExpense": 38075000,
    "netIncome": 57038000,
    "netIncomeRatio": 0.0450459558,
    "eps": 0.18,
    "epsdiluted": 0.18,
    "weightedAverageShsOut": 313791661,
    "weightedAverageShsOutDil": 319353359,
    "link": "https://www.sec.gov/Archives/edgar/data/1138118/000119312510253911/0001193125-10-253911-index.htm",
    "finalLink": "https://www.sec.gov/Archives/edgar/data/1138118/000119312510253911/d10q.htm"
  },
  {
    "date": "2010-06-30",
    "symbol": "CBRE",
    "reportedCurrency": "USD",
    "cik": "0001138118",
    "fillingDate": "2010-08-09",
    "acceptedDate": "2010-08-09 15:08:22",
    "calendarYear": "2010",
    "period": "Q2",
    "revenue": 1171919000,
    "costOfRevenue": 678714000,
    "grossProfit": 493205000,
    "grossProfitRatio": 0.4208524651,
    "researchAndDevelopmentExpenses": 0,
    "generalAndAdministrativeExpenses": 372033000,
    "sellingAndMarketingExpenses": 0,
    "sellingGeneralAndAdministrativeExpenses": 372033000,
    "otherExpenses": 27616000,
    "operatingExpenses": 399649000,
    "costAndExpenses": 1078363000,
    "interestIncome": 3111000,
    "interestExpense": 50275000,
    "depreciationAndAmortization": 27616000,
    "ebitda": 142141000,
    "ebitdaratio": 0.1212890993,
    "operatingIncome": 97179000,
    "operatingIncomeRatio": 0.0829229665,
    "totalOtherIncomeExpensesNet": -32929000,
    "incomeBeforeTax": 64250000,
    "incomeBeforeTaxRatio": 0.0548246082,
    "incomeTaxExpense": 26704000,
    "netIncome": 54790000,
    "netIncomeRatio": 0.0467523779,
    "eps": 0.17,
    "epsdiluted": 0.17,
    "weightedAverageShsOut": 312910934,
    "weightedAverageShsOutDil": 318425227,
    "link": "https://www.sec.gov/Archives/edgar/data/1138118/000119312510183181/0001193125-10-183181-index.htm",
    "finalLink": "https://www.sec.gov/Archives/edgar/data/1138118/000119312510183181/d10q.htm"
  },
  {
    "date": "2010-03-31",
    "symbol": "CBRE",
    "reportedCurrency": "USD",
    "cik": "0001138118",
    "fillingDate": "2010-05-10",
    "acceptedDate": "2010-05-10 15:12:58",
    "calendarYear": "2010",
    "period": "Q1",
    "revenue": 1025883000,
    "costOfRevenue": 615194000,
    "grossProfit": 410689000,
    "grossProfitRatio": 0.4003273278,
    "researchAndDevelopmentExpenses": 0,
    "generalAndAdministrativeExpenses": 338706000,
    "sellingAndMarketingExpenses": 0,
    "sellingGeneralAndAdministrativeExpenses": 338706000,
    "otherExpenses": 26295000,
    "operatingExpenses": 365001000,
    "costAndExpenses": 980195000,
    "interestIncome": 1800000,
    "interestExpense": 49792000,
    "depreciationAndAmortization": 26295000,
    "ebitda": 67199000,
    "ebitdaratio": 0.0655035711,
    "operatingIncome": 45688000,
    "operatingIncomeRatio": 0.044535293,
    "totalOtherIncomeExpensesNet": -54576000,
    "incomeBeforeTax": -8888000,
    "incomeBeforeTaxRatio": -0.008663756,
    "incomeTaxExpense": 7299000,
    "netIncome": -6627000,
    "netIncomeRatio": -0.006459801,
    "eps": -0.0212,
    "epsdiluted": -0.0212,
    "weightedAverageShsOut": 312879640,
    "weightedAverageShsOutDil": 312879640,
    "link": "https://www.sec.gov/Archives/edgar/data/1138118/000119312510114446/0001193125-10-114446-index.htm",
    "finalLink": "https://www.sec.gov/Archives/edgar/data/1138118/000119312510114446/d10q.htm"
  },
  {
    "date": "2009-12-31",
    "symbol": "CBRE",
    "reportedCurrency": "USD",
    "cik": "0001138118",
    "fillingDate": "2010-03-01",
    "acceptedDate": "2010-03-01 15:34:38",
    "calendarYear": "2009",
    "period": "Q4",
    "revenue": 1296499000,
    "costOfRevenue": 721165000,
    "grossProfit": 575334000,
    "grossProfitRatio": 0.4437596944,
    "researchAndDevelopmentExpenses": 0,
    "generalAndAdministrativeExpenses": 410687000,
    "sellingAndMarketingExpenses": 0,
    "sellingGeneralAndAdministrativeExpenses": 410687000,
    "otherExpenses": 32429000,
    "operatingExpenses": 443116000,
    "costAndExpenses": 1164281000,
    "interestIncome": 1339000,
    "interestExpense": 52855000,
    "depreciationAndAmortization": 25470000,
    "ebitda": 150189000,
    "ebitdaratio": 0.1158419713,
    "operatingIncome": 140445000,
    "operatingIncomeRatio": 0.1083263466,
    "totalOtherIncomeExpensesNet": -63479000,
    "incomeBeforeTax": 76966000,
    "incomeBeforeTaxRatio": 0.0593644885,
    "incomeTaxExpense": 25836000,
    "netIncome": 64290000,
    "netIncomeRatio": 0.0495873888,
    "eps": 0.16,
    "epsdiluted": 0.16,
    "weightedAverageShsOut": 298803851,
    "weightedAverageShsOutDil": 312879640,
    "link": "https://www.sec.gov/Archives/edgar/data/1138118/000119312510044595/0001193125-10-044595-index.htm",
    "finalLink": "https://www.sec.gov/Archives/edgar/data/1138118/000119312510044595/d10k.htm"
  },
  {
    "date": "2009-09-30",
    "symbol": "CBRE",
    "reportedCurrency": "USD",
    "cik": "0001138118",
    "fillingDate": "2009-11-09",
    "acceptedDate": "2009-11-09 15:32:16",
    "calendarYear": "2009",
    "period": "Q3",
    "revenue": 1023205000,
    "costOfRevenue": 606470000,
    "grossProfit": 416735000,
    "grossProfitRatio": 0.4072839754,
    "researchAndDevelopmentExpenses": 0,
    "generalAndAdministrativeExpenses": 338062000,
    "sellingAndMarketingExpenses": 0,
    "sellingGeneralAndAdministrativeExpenses": 338062000,
    "otherExpenses": 24445000,
    "operatingExpenses": 362507000,
    "costAndExpenses": 968977000,
    "interestIncome": 1248000,
    "interestExpense": 54075000,
    "depreciationAndAmortization": 24445000,
    "ebitda": 76375000,
    "ebitdaratio": 0.0746429112,
    "operatingIncome": 56994000,
    "operatingIncomeRatio": 0.0557014479,
    "totalOtherIncomeExpensesNet": -59139000,
    "incomeBeforeTax": -2145000,
    "incomeBeforeTaxRatio": -0.0020963541,
    "incomeTaxExpense": 8498000,
    "netIncome": 12377000,
    "netIncomeRatio": 0.0120963052,
    "eps": 0.04,
    "epsdiluted": 0.04,
    "weightedAverageShsOut": 282732848,
    "weightedAverageShsOutDil": 285923601,
    "link": "https://www.sec.gov/Archives/edgar/data/1138118/000104746909009816/0001047469-09-009816-index.htm",
    "finalLink": "https://www.sec.gov/Archives/edgar/data/1138118/000104746909009816/a2195316z10-q.htm"
  },
  {
    "date": "2009-06-30",
    "symbol": "CBRE",
    "reportedCurrency": "USD",
    "cik": "0001138118",
    "fillingDate": "2009-08-10",
    "acceptedDate": "2009-08-10 15:10:12",
    "calendarYear": "2009",
    "period": "Q2",
    "revenue": 955667000,
    "costOfRevenue": 566831000,
    "grossProfit": 388836000,
    "grossProfitRatio": 0.4068739425,
    "researchAndDevelopmentExpenses": 0,
    "generalAndAdministrativeExpenses": 328671000,
    "sellingAndMarketingExpenses": 0,
    "sellingGeneralAndAdministrativeExpenses": 328671000,
    "otherExpenses": 24166000,
    "operatingExpenses": 352837000,
    "costAndExpenses": 919668000,
    "interestIncome": 1237000,
    "interestExpense": 47418000,
    "depreciationAndAmortization": 24166000,
    "ebitda": 62584000,
    "ebitdaratio": 0.0654872461,
    "operatingIncome": 38924000,
    "operatingIncomeRatio": 0.0407296684,
    "totalOtherIncomeExpensesNet": -47924000,
    "incomeBeforeTax": -9000000,
    "incomeBeforeTaxRatio": -0.0094175063,
    "incomeTaxExpense": 4706000,
    "netIncome": -6637000,
    "netIncomeRatio": -0.0069448877,
    "eps": -0.025,
    "epsdiluted": -0.025,
    "weightedAverageShsOut": 265683366,
    "weightedAverageShsOutDil": 265683366,
    "link": "https://www.sec.gov/Archives/edgar/data/1138118/000104746909007486/0001047469-09-007486-index.htm",
    "finalLink": "https://www.sec.gov/Archives/edgar/data/1138118/000104746909007486/a2194036z10-q.htm"
  },
  {
    "date": "2009-03-31",
    "symbol": "CBRE",
    "reportedCurrency": "USD",
    "cik": "0001138118",
    "fillingDate": "2009-05-11",
    "acceptedDate": "2009-05-11 15:25:24",
    "calendarYear": "2009",
    "period": "Q1",
    "revenue": 890449000,
    "costOfRevenue": 553419000,
    "grossProfit": 337030000,
    "grossProfitRatio": 0.3784944449,
    "researchAndDevelopmentExpenses": 0,
    "generalAndAdministrativeExpenses": 306159000,
    "sellingAndMarketingExpenses": 0,
    "sellingGeneralAndAdministrativeExpenses": 306159000,
    "otherExpenses": 25392000,
    "operatingExpenses": 331551000,
    "costAndExpenses": 884970000,
    "interestIncome": 2305000,
    "interestExpense": 34798000,
    "depreciationAndAmortization": 25392000,
    "ebitda": 11454000,
    "ebitdaratio": 0.0128631735,
    "operatingIncome": 5479000,
    "operatingIncomeRatio": 0.0061530756,
    "totalOtherIncomeExpensesNet": -71945000,
    "incomeBeforeTax": -66466000,
    "incomeBeforeTaxRatio": -0.0746432418,
    "incomeTaxExpense": -12047000,
    "netIncome": -36689000,
    "netIncomeRatio": -0.0412028089,
    "eps": -0.14,
    "epsdiluted": -0.14,
    "weightedAverageShsOut": 261999151,
    "weightedAverageShsOutDil": 261999151,
    "link": "https://www.sec.gov/Archives/edgar/data/1138118/000104746909005353/0001047469-09-005353-index.htm",
    "finalLink": "https://www.sec.gov/Archives/edgar/data/1138118/000104746909005353/a2192915z10-q.htm"
  },
  {
    "date": "2008-12-31",
    "symbol": "CBRE",
    "reportedCurrency": "USD",
    "cik": "0001138118",
    "fillingDate": "2009-03-02",
    "acceptedDate": "2009-03-02 15:32:23",
    "calendarYear": "2008",
    "period": "Q4",
    "revenue": 1283284000,
    "costOfRevenue": 729708000,
    "grossProfit": 553576000,
    "grossProfitRatio": 0.4313745048,
    "researchAndDevelopmentExpenses": 0,
    "generalAndAdministrativeExpenses": 425546000,
    "sellingAndMarketingExpenses": 0,
    "sellingGeneralAndAdministrativeExpenses": 425546000,
    "otherExpenses": 1183055000,
    "operatingExpenses": 1608601000,
    "costAndExpenses": 2338309000,
    "interestIncome": 13362000,
    "interestExpense": 48114000,
    "depreciationAndAmortization": 31165000,
    "ebitda": -1023860000,
    "ebitdaratio": -0.7978436574,
    "operatingIncome": -1055025000,
    "operatingIncomeRatio": -0.8221290065,
    "totalOtherIncomeExpensesNet": -48114000,
    "incomeBeforeTax": -1103139000,
    "incomeBeforeTaxRatio": -0.8596218764,
    "incomeTaxExpense": -13683000,
    "netIncome": -1089456000,
    "netIncomeRatio": -0.8489593886,
    "eps": -4.16,
    "epsdiluted": -4.16,
    "weightedAverageShsOut": 261999151,
    "weightedAverageShsOutDil": 261999151,
    "link": "https://www.sec.gov/Archives/edgar/data/1138118/000119312509042445/0001193125-09-042445-index.htm",
    "finalLink": "https://www.sec.gov/Archives/edgar/data/1138118/000119312509042445/d10k.htm"
  },
  {
    "date": "2008-09-30",
    "symbol": "CBRE",
    "reportedCurrency": "USD",
    "cik": "0001138118",
    "fillingDate": "2008-11-10",
    "acceptedDate": "2008-11-10 15:37:25",
    "calendarYear": "2008",
    "period": "Q3",
    "revenue": 1299735000,
    "costOfRevenue": 755362000,
    "grossProfit": 544373000,
    "grossProfitRatio": 0.4188338392,
    "researchAndDevelopmentExpenses": 0,
    "generalAndAdministrativeExpenses": 420352000,
    "sellingAndMarketingExpenses": 0,
    "sellingGeneralAndAdministrativeExpenses": 420352000,
    "otherExpenses": 15646000,
    "operatingExpenses": 435998000,
    "costAndExpenses": 1191360000,
    "interestIncome": 4400000,
    "interestExpense": 42290000,
    "depreciationAndAmortization": 27729000,
    "ebitda": 134871000,
    "ebitdaratio": 0.1037680758,
    "operatingIncome": 108375000,
    "operatingIncomeRatio": 0.0833823818,
    "totalOtherIncomeExpensesNet": -41298000,
    "incomeBeforeTax": 67849000,
    "incomeBeforeTaxRatio": 0.0522021797,
    "incomeTaxExpense": 37701000,
    "netIncome": 40373000,
    "netIncomeRatio": 0.0310624858,
    "eps": 0.2,
    "epsdiluted": 0.19,
    "weightedAverageShsOut": 203680475,
    "weightedAverageShsOutDil": 207706250,
    "link": "https://www.sec.gov/Archives/edgar/data/1138118/000104746908011901/0001047469-08-011901-index.htm",
    "finalLink": "https://www.sec.gov/Archives/edgar/data/1138118/000104746908011901/a2189014z10-q.htm"
  },
  {
    "date": "2008-06-30",
    "symbol": "CBRE",
    "reportedCurrency": "USD",
    "cik": "0001138118",
    "fillingDate": "2008-08-08",
    "acceptedDate": "2008-08-08 16:03:09",
    "calendarYear": "2008",
    "period": "Q2",
    "revenue": 1314873000,
    "costOfRevenue": 737205000,
    "grossProfit": 577668000,
    "grossProfitRatio": 0.4393336847,
    "researchAndDevelopmentExpenses": 0,
    "generalAndAdministrativeExpenses": 468839000,
    "sellingAndMarketingExpenses": 0,
    "sellingGeneralAndAdministrativeExpenses": 468839000,
    "otherExpenses": 20980000,
    "operatingExpenses": 489819000,
    "costAndExpenses": 1227024000,
    "interestIncome": 4481000,
    "interestExpense": 50956000,
    "depreciationAndAmortization": 27225000,
    "ebitda": 115639000,
    "ebitdaratio": 0.0879468968,
    "operatingIncome": 87849000,
    "operatingIncomeRatio": 0.0668117757,
    "totalOtherIncomeExpensesNet": -53438000,
    "incomeBeforeTax": 36893000,
    "incomeBeforeTaxRatio": 0.0280582231,
    "incomeTaxExpense": 20330000,
    "netIncome": 16563000,
    "netIncomeRatio": 0.0125966538,
    "eps": 0.08,
    "epsdiluted": 0.08,
    "weightedAverageShsOut": 203435495,
    "weightedAverageShsOutDil": 208388563,
    "link": "https://www.sec.gov/Archives/edgar/data/1138118/000104746908009043/0001047469-08-009043-index.htm",
    "finalLink": "https://www.sec.gov/Archives/edgar/data/1138118/000104746908009043/a2187254z10-q.htm"
  },
  {
    "date": "2008-03-31",
    "symbol": "CBRE",
    "reportedCurrency": "USD",
    "cik": "0001138118",
    "fillingDate": "2008-05-12",
    "acceptedDate": "2008-05-12 14:38:32",
    "calendarYear": "2008",
    "period": "Q1",
    "revenue": 1230925000,
    "costOfRevenue": 704446000,
    "grossProfit": 526479000,
    "grossProfitRatio": 0.4277100554,
    "researchAndDevelopmentExpenses": 0,
    "generalAndAdministrativeExpenses": 432345000,
    "sellingAndMarketingExpenses": 0,
    "sellingGeneralAndAdministrativeExpenses": 432345000,
    "otherExpenses": 23802000,
    "operatingExpenses": 456147000,
    "costAndExpenses": 1160593000,
    "interestIncome": 5226000,
    "interestExpense": 43416000,
    "depreciationAndAmortization": 28452000,
    "ebitda": 98784000,
    "ebitdaratio": 0.0802518431,
    "operatingIncome": 70332000,
    "operatingIncomeRatio": 0.0571375185,
    "totalOtherIncomeExpensesNet": -48541000,
    "incomeBeforeTax": 26916000,
    "incomeBeforeTaxRatio": 0.0218664825,
    "incomeTaxExpense": 6462000,
    "netIncome": 20454000,
    "netIncomeRatio": 0.0166167719,
    "eps": 0.1,
    "epsdiluted": 0.1,
    "weightedAverageShsOut": 203110675,
    "weightedAverageShsOutDil": 207730837,
    "link": "https://www.sec.gov/Archives/edgar/data/1138118/000104746908006378/0001047469-08-006378-index.htm",
    "finalLink": "https://www.sec.gov/Archives/edgar/data/1138118/000104746908006378/a2185548z10-q.htm"
  },
  {
    "date": "2007-12-31",
    "symbol": "CBRE",
    "reportedCurrency": "USD",
    "cik": "0001138118",
    "fillingDate": "2008-02-29",
    "acceptedDate": "2008-02-29 16:14:49",
    "calendarYear": "2007",
    "period": "Q4",
    "revenue": 1837116000,
    "costOfRevenue": 967588000,
    "grossProfit": 869528000,
    "grossProfitRatio": 0.4733114294,
    "researchAndDevelopmentExpenses": 0,
    "generalAndAdministrativeExpenses": 638592000,
    "sellingAndMarketingExpenses": 0,
    "sellingGeneralAndAdministrativeExpenses": 638592000,
    "otherExpenses": 21855000,
    "operatingExpenses": 660447000,
    "costAndExpenses": 1628035000,
    "interestIncome": 0,
    "interestExpense": 0,
    "depreciationAndAmortization": 32579000,
    "ebitda": 241660000,
    "ebitdaratio": 0.1315431361,
    "operatingIncome": 191973000,
    "operatingIncomeRatio": 0.1044969398,
    "totalOtherIncomeExpensesNet": -1030000,
    "incomeBeforeTax": 190943000,
    "incomeBeforeTaxRatio": 0.1039362784,
    "incomeTaxExpense": 71131000,
    "netIncome": 122446000,
    "netIncomeRatio": 0.0666512077,
    "eps": 0.6,
    "epsdiluted": 0.6,
    "weightedAverageShsOut": 203110675,
    "weightedAverageShsOutDil": 203110675,
    "link": "https://www.sec.gov/Archives/edgar/data/1138118/000119312508043674/0001193125-08-043674-index.htm",
    "finalLink": "https://www.sec.gov/Archives/edgar/data/1138118/000119312508043674/d10k.htm"
  },
  {
    "date": "2007-09-30",
    "symbol": "CBRE",
    "reportedCurrency": "USD",
    "cik": "0001138118",
    "fillingDate": "2007-11-09",
    "acceptedDate": "2007-11-09 16:08:59",
    "calendarYear": "2007",
    "period": "Q3",
    "revenue": 1492809000,
    "costOfRevenue": 791852000,
    "grossProfit": 700957000,
    "grossProfitRatio": 0.4695557168,
    "researchAndDevelopmentExpenses": 0,
    "generalAndAdministrativeExpenses": 468375000,
    "sellingAndMarketingExpenses": 0,
    "sellingGeneralAndAdministrativeExpenses": 468375000,
    "otherExpenses": 12236000,
    "operatingExpenses": 480611000,
    "costAndExpenses": 1272463000,
    "interestIncome": 7937000,
    "interestExpense": 36152000,
    "depreciationAndAmortization": 30450000,
    "ebitda": 239813000,
    "ebitdaratio": 0.1606454677,
    "operatingIncome": 215254000,
    "operatingIncomeRatio": 0.1441939324,
    "totalOtherIncomeExpensesNet": -36152000,
    "incomeBeforeTax": 179102000,
    "incomeBeforeTaxRatio": 0.1199765007,
    "incomeTaxExpense": 64155000,
    "netIncome": 114947000,
    "netIncomeRatio": 0.0770004736,
    "eps": 0.5,
    "epsdiluted": 0.48,
    "weightedAverageShsOut": 230997817,
    "weightedAverageShsOutDil": 237450864,
    "link": "https://www.sec.gov/Archives/edgar/data/1138118/000104746907008892/0001047469-07-008892-index.htm",
    "finalLink": "https://www.sec.gov/Archives/edgar/data/1138118/000104746907008892/a2180840z10-q.htm"
  },
  {
    "date": "2007-06-30",
    "symbol": "CBRE",
    "reportedCurrency": "USD",
    "cik": "0001138118",
    "fillingDate": "2007-08-09",
    "acceptedDate": "2007-08-09 15:30:37",
    "calendarYear": "2007",
    "period": "Q2",
    "revenue": 1490363000,
    "costOfRevenue": 791605000,
    "grossProfit": 698758000,
    "grossProfitRatio": 0.4688508773,
    "researchAndDevelopmentExpenses": 0,
    "generalAndAdministrativeExpenses": 469754000,
    "sellingAndMarketingExpenses": 0,
    "sellingGeneralAndAdministrativeExpenses": 469754000,
    "otherExpenses": 27511000,
    "operatingExpenses": 497265000,
    "costAndExpenses": 1288870000,
    "interestIncome": 5972000,
    "interestExpense": 42173000,
    "depreciationAndAmortization": 29461000,
    "ebitda": 230954000,
    "ebitdaratio": 0.1549649314,
    "operatingIncome": 198616000,
    "operatingIncomeRatio": 0.1332668618,
    "totalOtherIncomeExpensesNet": -10121000,
    "incomeBeforeTax": 188495000,
    "incomeBeforeTaxRatio": 0.1264758988,
    "incomeTaxExpense": 47360000,
    "netIncome": 141135000,
    "netIncomeRatio": 0.0946984057,
    "eps": 0.61,
    "epsdiluted": 0.59,
    "weightedAverageShsOut": 230543095,
    "weightedAverageShsOutDil": 237475584,
    "link": "https://www.sec.gov/Archives/edgar/data/1138118/000110465907060838/0001104659-07-060838-index.htm",
    "finalLink": "https://www.sec.gov/Archives/edgar/data/1138118/000110465907060838/a07-19083_110q.htm"
  },
  {
    "date": "2007-03-31",
    "symbol": "CBRE",
    "reportedCurrency": "USD",
    "cik": "0001138118",
    "fillingDate": "2007-05-10",
    "acceptedDate": "2007-05-10 15:58:57",
    "calendarYear": "2007",
    "period": "Q1",
    "revenue": 1213961000,
    "costOfRevenue": 649673000,
    "grossProfit": 564288000,
    "grossProfitRatio": 0.4648320663,
    "researchAndDevelopmentExpenses": 0,
    "generalAndAdministrativeExpenses": 411937000,
    "sellingAndMarketingExpenses": 0,
    "sellingGeneralAndAdministrativeExpenses": 411937000,
    "otherExpenses": 27368000,
    "operatingExpenses": 439305000,
    "costAndExpenses": 1088978000,
    "interestIncome": 7013000,
    "interestExpense": 103009000,
    "depreciationAndAmortization": 29162000,
    "ebitda": 154145000,
    "ebitdaratio": 0.1269768963,
    "operatingIncome": 93128000,
    "operatingIncomeRatio": 0.0767141613,
    "totalOtherIncomeExpensesNet": -71154000,
    "incomeBeforeTax": 21974000,
    "incomeBeforeTaxRatio": 0.0181010757,
    "incomeTaxExpense": 9997000,
    "netIncome": 11977000,
    "netIncomeRatio": 0.0098660501,
    "eps": 0.05,
    "epsdiluted": 0.05,
    "weightedAverageShsOut": 229663454,
    "weightedAverageShsOutDil": 236932240,
    "link": "https://www.sec.gov/Archives/edgar/data/1138118/000110465907038272/0001104659-07-038272-index.htm",
    "finalLink": "https://www.sec.gov/Archives/edgar/data/1138118/000110465907038272/a07-11088_110q.htm"
  },
  {
    "date": "2006-12-31",
    "symbol": "CBRE",
    "reportedCurrency": "USD",
    "cik": "0001138118",
    "fillingDate": "2007-03-01",
    "acceptedDate": "2007-03-01 16:16:44",
    "calendarYear": "2006",
    "period": "Q4",
    "revenue": 1611832000,
    "costOfRevenue": 900577000,
    "grossProfit": 711255000,
    "grossProfitRatio": 0.4412711747,
    "researchAndDevelopmentExpenses": 0,
    "generalAndAdministrativeExpenses": 461900000,
    "sellingAndMarketingExpenses": 0,
    "sellingGeneralAndAdministrativeExpenses": 461900000,
    "otherExpenses": 25518000,
    "operatingExpenses": 487418000,
    "costAndExpenses": 1387995000,
    "interestIncome": 2254000,
    "interestExpense": 10252000,
    "depreciationAndAmortization": 29614000,
    "ebitda": 253451000,
    "ebitdaratio": 0.1572440552,
    "operatingIncome": 223837000,
    "operatingIncomeRatio": 0.1388711727,
    "totalOtherIncomeExpensesNet": -8544000,
    "incomeBeforeTax": 215293000,
    "incomeBeforeTaxRatio": 0.1335703721,
    "incomeTaxExpense": 90195000,
    "netIncome": 125098000,
    "netIncomeRatio": 0.077612307,
    "eps": 0.54,
    "epsdiluted": 0.54,
    "weightedAverageShsOut": 228453448,
    "weightedAverageShsOutDil": 229663454,
    "link": "https://www.sec.gov/Archives/edgar/data/1138118/000119312507044383/0001193125-07-044383-index.htm",
    "finalLink": "https://www.sec.gov/Archives/edgar/data/1138118/000119312507044383/d10k.htm"
  },
  {
    "date": "2006-09-30",
    "symbol": "CBRE",
    "reportedCurrency": "USD",
    "cik": "0001138118",
    "fillingDate": "2006-11-09",
    "acceptedDate": "2006-11-09 15:37:33",
    "calendarYear": "2006",
    "period": "Q3",
    "revenue": 903876000,
    "costOfRevenue": 456994000,
    "grossProfit": 446882000,
    "grossProfitRatio": 0.4944063124,
    "researchAndDevelopmentExpenses": 0,
    "generalAndAdministrativeExpenses": 293122000,
    "sellingAndMarketingExpenses": 0,
    "sellingGeneralAndAdministrativeExpenses": 293122000,
    "otherExpenses": 14892000,
    "operatingExpenses": 308014000,
    "costAndExpenses": 765008000,
    "interestIncome": 0,
    "interestExpense": 0,
    "depreciationAndAmortization": 15392000,
    "ebitda": 154260000,
    "ebitdaratio": 0.1706650027,
    "operatingIncome": 138868000,
    "operatingIncomeRatio": 0.1536361182,
    "totalOtherIncomeExpensesNet": 3246000,
    "incomeBeforeTax": 142114000,
    "incomeBeforeTaxRatio": 0.1572273188,
    "incomeTaxExpense": 49805000,
    "netIncome": 92309000,
    "netIncomeRatio": 0.1021257341,
    "eps": 0.41,
    "epsdiluted": 0.39,
    "weightedAverageShsOut": 226749704,
    "weightedAverageShsOutDil": 233943772,
    "link": "https://www.sec.gov/Archives/edgar/data/1138118/000110465906073536/0001104659-06-073536-index.htm",
    "finalLink": "https://www.sec.gov/Archives/edgar/data/1138118/000110465906073536/a06-21977_110q.htm"
  },
  {
    "date": "2006-06-30",
    "symbol": "CBRE",
    "reportedCurrency": "USD",
    "cik": "0001138118",
    "fillingDate": "2006-08-09",
    "acceptedDate": "2006-08-09 16:39:53",
    "calendarYear": "2006",
    "period": "Q2",
    "revenue": 836228000,
    "costOfRevenue": 412496000,
    "grossProfit": 423732000,
    "grossProfitRatio": 0.5067182634,
    "researchAndDevelopmentExpenses": 0,
    "generalAndAdministrativeExpenses": 283598000,
    "sellingAndMarketingExpenses": 0,
    "sellingGeneralAndAdministrativeExpenses": 283598000,
    "otherExpenses": 12255000,
    "operatingExpenses": 295853000,
    "costAndExpenses": 708349000,
    "interestIncome": 2976000,
    "interestExpense": 25783000,
    "depreciationAndAmortization": 26488000,
    "ebitda": 154367000,
    "ebitdaratio": 0.1845991763,
    "operatingIncome": 127879000,
    "operatingIncomeRatio": 0.1529236046,
    "totalOtherIncomeExpensesNet": -25783000,
    "incomeBeforeTax": 102096000,
    "incomeBeforeTaxRatio": 0.1220911043,
    "incomeTaxExpense": 37842000,
    "netIncome": 64254000,
    "netIncomeRatio": 0.0768378959,
    "eps": 0.28,
    "epsdiluted": 0.27,
    "weightedAverageShsOut": 225964727,
    "weightedAverageShsOutDil": 233655941,
    "link": "https://www.sec.gov/Archives/edgar/data/1138118/000110465906053196/0001104659-06-053196-index.htm",
    "finalLink": "https://www.sec.gov/Archives/edgar/data/1138118/000110465906053196/a06-15675_110q.htm"
  },
  {
    "date": "2006-03-31",
    "symbol": "CBRE",
    "reportedCurrency": "USD",
    "cik": "0001138118",
    "fillingDate": "2006-05-10",
    "acceptedDate": "2006-05-10 15:38:50",
    "calendarYear": "2006",
    "period": "Q1",
    "revenue": 680091000,
    "costOfRevenue": 340445000,
    "grossProfit": 339646000,
    "grossProfitRatio": 0.4994125786,
    "researchAndDevelopmentExpenses": 0,
    "generalAndAdministrativeExpenses": 265161000,
    "sellingAndMarketingExpenses": 0,
    "sellingGeneralAndAdministrativeExpenses": 265161000,
    "otherExpenses": 14930000,
    "operatingExpenses": 280091000,
    "costAndExpenses": 620536000,
    "interestIncome": 3590000,
    "interestExpense": 2161000,
    "depreciationAndAmortization": 16196000,
    "ebitda": 75751000,
    "ebitdaratio": 0.1113836237,
    "operatingIncome": 59555000,
    "operatingIncomeRatio": 0.0875691635,
    "totalOtherIncomeExpensesNet": -2161000,
    "incomeBeforeTax": 57394000,
    "incomeBeforeTaxRatio": 0.0843916476,
    "incomeTaxExpense": 20484000,
    "netIncome": 36910000,
    "netIncomeRatio": 0.0542721489,
    "eps": 0.16,
    "epsdiluted": 0.16,
    "weightedAverageShsOut": 225559521,
    "weightedAverageShsOutDil": 232948764,
    "link": "https://www.sec.gov/Archives/edgar/data/1138118/000110465906033238/0001104659-06-033238-index.htm",
    "finalLink": "https://www.sec.gov/Archives/edgar/data/1138118/000110465906033238/a06-9869_110q.htm"
  },
  {
    "date": "2005-12-31",
    "symbol": "CBRE",
    "reportedCurrency": "USD",
    "cik": "0001138118",
    "fillingDate": "2006-03-15",
    "acceptedDate": "2006-03-15 16:47:33",
    "calendarYear": "2005",
    "period": "Q4",
    "revenue": 956014000,
    "costOfRevenue": 482407000,
    "grossProfit": 473607000,
    "grossProfitRatio": 0.4953975569,
    "researchAndDevelopmentExpenses": 0,
    "generalAndAdministrativeExpenses": 301975000,
    "sellingAndMarketingExpenses": 0,
    "sellingGeneralAndAdministrativeExpenses": 301975000,
    "otherExpenses": 12663000,
    "operatingExpenses": 314638000,
    "costAndExpenses": 797045000,
    "interestIncome": 3351000,
    "interestExpense": 13515000,
    "depreciationAndAmortization": 13928000,
    "ebitda": 172897000,
    "ebitdaratio": 0.1808519541,
    "operatingIncome": 158969000,
    "operatingIncomeRatio": 0.1662831297,
    "totalOtherIncomeExpensesNet": 4450000,
    "incomeBeforeTax": 163419000,
    "incomeBeforeTaxRatio": 0.1709378733,
    "incomeTaxExpense": 68007000,
    "netIncome": 95412000,
    "netIncomeRatio": 0.0998018857,
    "eps": 0.42,
    "epsdiluted": 0.42,
    "weightedAverageShsOut": 224008743,
    "weightedAverageShsOutDil": 225559521,
    "link": "https://www.sec.gov/Archives/edgar/data/1138118/000119312506055100/0001193125-06-055100-index.htm",
    "finalLink": "https://www.sec.gov/Archives/edgar/data/1138118/000119312506055100/d10k.htm"
  },
  {
    "date": "2005-09-30",
    "symbol": "CBRE",
    "reportedCurrency": "USD",
    "cik": "0001138118",
    "fillingDate": "2005-11-08",
    "acceptedDate": "2005-11-08 15:04:56",
    "calendarYear": "2005",
    "period": "Q3",
    "revenue": 744198000,
    "costOfRevenue": 380943000,
    "grossProfit": 363255000,
    "grossProfitRatio": 0.4881160659,
    "researchAndDevelopmentExpenses": 0,
    "generalAndAdministrativeExpenses": 255706000,
    "sellingAndMarketingExpenses": 0,
    "sellingGeneralAndAdministrativeExpenses": 255706000,
    "otherExpenses": 11665000,
    "operatingExpenses": 267371000,
    "costAndExpenses": 648314000,
    "interestIncome": 413000,
    "interestExpense": 10423000,
    "depreciationAndAmortization": 13082000,
    "ebitda": 108966000,
    "ebitdaratio": 0.1464207106,
    "operatingIncome": 95884000,
    "operatingIncomeRatio": 0.1288420555,
    "totalOtherIncomeExpensesNet": -10423000,
    "incomeBeforeTax": 85461000,
    "incomeBeforeTaxRatio": 0.1148363742,
    "incomeTaxExpense": 28525000,
    "netIncome": 56936000,
    "netIncomeRatio": 0.0765065211,
    "eps": 0.26,
    "epsdiluted": 0.25,
    "weightedAverageShsOut": 222532011,
    "weightedAverageShsOutDil": 230331813,
    "link": "https://www.sec.gov/Archives/edgar/data/1138118/000110465905053451/0001104659-05-053451-index.htm",
    "finalLink": "https://www.sec.gov/Archives/edgar/data/1138118/000110465905053451/a05-19759_110q.htm"
  },
  {
    "date": "2005-06-30",
    "symbol": "CBRE",
    "reportedCurrency": "USD",
    "cik": "0001138118",
    "fillingDate": "2005-08-09",
    "acceptedDate": "2005-08-09 14:16:42",
    "calendarYear": "2005",
    "period": "Q2",
    "revenue": 672163000,
    "costOfRevenue": 338691000,
    "grossProfit": 333472000,
    "grossProfitRatio": 0.4961177572,
    "researchAndDevelopmentExpenses": 0,
    "generalAndAdministrativeExpenses": 241730000,
    "sellingAndMarketingExpenses": 0,
    "sellingGeneralAndAdministrativeExpenses": 241730000,
    "otherExpenses": 10818000,
    "operatingExpenses": 252548000,
    "costAndExpenses": 591239000,
    "interestIncome": 3058000,
    "interestExpense": 13374000,
    "depreciationAndAmortization": 12499000,
    "ebitda": 93423000,
    "ebitdaratio": 0.1389886084,
    "operatingIncome": 80924000,
    "operatingIncomeRatio": 0.1203934165,
    "totalOtherIncomeExpensesNet": 2631000,
    "incomeBeforeTax": 83555000,
    "incomeBeforeTaxRatio": 0.1243076456,
    "incomeTaxExpense": 33134000,
    "netIncome": 50421000,
    "netIncomeRatio": 0.0750130549,
    "eps": 0.23,
    "epsdiluted": 0.22,
    "weightedAverageShsOut": 221355696,
    "weightedAverageShsOutDil": 229097697,
    "link": "https://www.sec.gov/Archives/edgar/data/1138118/000119312505162340/0001193125-05-162340-index.htm",
    "finalLink": "https://www.sec.gov/Archives/edgar/data/1138118/000119312505162340/d10q.htm"
  },
  {
    "date": "2005-03-31",
    "symbol": "CBRE",
    "reportedCurrency": "USD",
    "cik": "0001138118",
    "fillingDate": "2005-05-10",
    "acceptedDate": "2005-05-10 13:44:17",
    "calendarYear": "2005",
    "period": "Q1",
    "revenue": 538266000,
    "costOfRevenue": 268046000,
    "grossProfit": 270220000,
    "grossProfitRatio": 0.5020194476,
    "researchAndDevelopmentExpenses": 0,
    "generalAndAdministrativeExpenses": 223221000,
    "sellingAndMarketingExpenses": 0,
    "sellingGeneralAndAdministrativeExpenses": 223221000,
    "otherExpenses": 10370000,
    "operatingExpenses": 233591000,
    "costAndExpenses": 501637000,
    "interestIncome": 2445000,
    "interestExpense": 12842000,
    "depreciationAndAmortization": 12610000,
    "ebitda": 49239000,
    "ebitdaratio": 0.0914770764,
    "operatingIncome": 36629000,
    "operatingIncomeRatio": 0.0680499976,
    "totalOtherIncomeExpensesNet": -12842000,
    "incomeBeforeTax": 23787000,
    "incomeBeforeTaxRatio": 0.0441919051,
    "incomeTaxExpense": 9215000,
    "netIncome": 14572000,
    "netIncomeRatio": 0.0270721168,
    "eps": 0.0667,
    "epsdiluted": 0.0633,
    "weightedAverageShsOut": 220598529,
    "weightedAverageShsOutDil": 228554175,
    "link": "https://www.sec.gov/Archives/edgar/data/1138118/000119312505102408/0001193125-05-102408-index.htm",
    "finalLink": "https://www.sec.gov/Archives/edgar/data/1138118/000119312505102408/d10q.htm"
  },
  {
    "date": "2004-12-31",
    "symbol": "CBRE",
    "reportedCurrency": "USD",
    "cik": "0001138118",
    "fillingDate": "2005-03-15",
    "acceptedDate": "2005-03-15 16:54:58",
    "calendarYear": "2004",
    "period": "Q4",
    "revenue": 798189000,
    "costOfRevenue": 406221000,
    "grossProfit": 391968000,
    "grossProfitRatio": 0.4910716635,
    "researchAndDevelopmentExpenses": 0,
    "generalAndAdministrativeExpenses": 266876000,
    "sellingAndMarketingExpenses": 0,
    "sellingGeneralAndAdministrativeExpenses": 266876000,
    "otherExpenses": 14856000,
    "operatingExpenses": 281732000,
    "costAndExpenses": 687953000,
    "interestIncome": 4264000,
    "interestExpense": 1964000,
    "depreciationAndAmortization": 16175000,
    "ebitda": 126411000,
    "ebitdaratio": 0.1583722652,
    "operatingIncome": 110236000,
    "operatingIncomeRatio": 0.1381076412,
    "totalOtherIncomeExpensesNet": -1964000,
    "incomeBeforeTax": 108272000,
    "incomeBeforeTaxRatio": 0.1356470711,
    "incomeTaxExpense": 41839000,
    "netIncome": 66433000,
    "netIncomeRatio": 0.0832296611,
    "eps": 0.3,
    "epsdiluted": 0.3,
    "weightedAverageShsOut": 219248793,
    "weightedAverageShsOutDil": 220598529,
    "link": "https://www.sec.gov/Archives/edgar/data/1138118/000119312505051169/0001193125-05-051169-index.htm",
    "finalLink": "https://www.sec.gov/Archives/edgar/data/1138118/000119312505051169/d10k.htm"
  },
  {
    "date": "2004-09-30",
    "symbol": "CBRE",
    "reportedCurrency": "USD",
    "cik": "0001138118",
    "fillingDate": "2004-11-09",
    "acceptedDate": "2004-11-09 14:57:37",
    "calendarYear": "2004",
    "period": "Q3",
    "revenue": 574999000,
    "costOfRevenue": 300711000,
    "grossProfit": 274288000,
    "grossProfitRatio": 0.4770234383,
    "researchAndDevelopmentExpenses": 0,
    "generalAndAdministrativeExpenses": 213226000,
    "sellingAndMarketingExpenses": 0,
    "sellingGeneralAndAdministrativeExpenses": 213226000,
    "otherExpenses": 12340000,
    "operatingExpenses": 225566000,
    "costAndExpenses": 526277000,
    "interestIncome": 672000,
    "interestExpense": 30527000,
    "depreciationAndAmortization": 21476000,
    "ebitda": 70198000,
    "ebitdaratio": 0.1220836906,
    "operatingIncome": 44682000,
    "operatingIncomeRatio": 0.0777079612,
    "totalOtherIncomeExpensesNet": -26487000,
    "incomeBeforeTax": 18195000,
    "incomeBeforeTaxRatio": 0.0316435333,
    "incomeTaxExpense": 6300000,
    "netIncome": 11895000,
    "netIncomeRatio": 0.0206869925,
    "eps": 0.0567,
    "epsdiluted": 0.0533,
    "weightedAverageShsOut": 214339077,
    "weightedAverageShsOutDil": 225553254,
    "link": "https://www.sec.gov/Archives/edgar/data/1138118/000119312504191089/0001193125-04-191089-index.htm",
    "finalLink": "https://www.sec.gov/Archives/edgar/data/1138118/000119312504191089/d10q.htm"
  },
  {
    "date": "2004-06-30",
    "symbol": "CBRE",
    "reportedCurrency": "USD",
    "cik": "0001138118",
    "fillingDate": "2004-08-09",
    "acceptedDate": "2004-08-09 14:16:13",
    "calendarYear": "2004",
    "period": "Q2",
    "revenue": 550916000,
    "costOfRevenue": 272611000,
    "grossProfit": 278305000,
    "grossProfitRatio": 0.505167757,
    "researchAndDevelopmentExpenses": 0,
    "generalAndAdministrativeExpenses": 230539000,
    "sellingAndMarketingExpenses": 0,
    "sellingGeneralAndAdministrativeExpenses": 230539000,
    "otherExpenses": 10830000,
    "operatingExpenses": 241369000,
    "costAndExpenses": 513980000,
    "interestIncome": 1950000,
    "interestExpense": 30031000,
    "depreciationAndAmortization": 13400000,
    "ebitda": 49989000,
    "ebitdaratio": 0.0907379709,
    "operatingIncome": 25362000,
    "operatingIncomeRatio": 0.0460360563,
    "totalOtherIncomeExpensesNet": -18457000,
    "incomeBeforeTax": 6905000,
    "incomeBeforeTaxRatio": 0.0125336712,
    "incomeTaxExpense": 3940000,
    "netIncome": 2965000,
    "netIncomeRatio": 0.0053819457,
    "eps": 0.0167,
    "epsdiluted": 0.0133,
    "weightedAverageShsOut": 191971482,
    "weightedAverageShsOutDil": 208127787,
    "link": "https://www.sec.gov/Archives/edgar/data/1138118/000110465904023300/0001104659-04-023300-index.htm",
    "finalLink": "https://www.sec.gov/Archives/edgar/data/1138118/000110465904023300/a04-8961_110q.htm"
  },
  {
    "date": "2004-03-31",
    "symbol": "CBRE",
    "reportedCurrency": "USD",
    "cik": "0001138118",
    "fillingDate": "2004-05-17",
    "acceptedDate": "2004-05-17 16:45:45",
    "calendarYear": "2004",
    "period": "Q1",
    "revenue": 440992000,
    "costOfRevenue": 224222000,
    "grossProfit": 216770000,
    "grossProfitRatio": 0.4915508671,
    "researchAndDevelopmentExpenses": 0,
    "generalAndAdministrativeExpenses": 199251000,
    "sellingAndMarketingExpenses": 0,
    "sellingGeneralAndAdministrativeExpenses": 199251000,
    "otherExpenses": 16831000,
    "operatingExpenses": 216082000,
    "costAndExpenses": 440304000,
    "interestIncome": 2307000,
    "interestExpense": 20679000,
    "depreciationAndAmortization": 18493000,
    "ebitda": 19528000,
    "ebitdaratio": 0.0442819824,
    "operatingIncome": -9272000,
    "operatingIncomeRatio": -0.0210253247,
    "totalOtherIncomeExpensesNet": -15846000,
    "incomeBeforeTax": -25118000,
    "incomeBeforeTaxRatio": -0.0569579494,
    "incomeTaxExpense": -8550000,
    "netIncome": -16568000,
    "netIncomeRatio": -0.0375698425,
    "eps": -0.0883,
    "epsdiluted": -0.0883,
    "weightedAverageShsOut": 187566528,
    "weightedAverageShsOutDil": 187566528,
    "link": "https://www.sec.gov/Archives/edgar/data/1138118/000119312504090092/0001193125-04-090092-index.htm",
    "finalLink": "https://www.sec.gov/Archives/edgar/data/1138118/000119312504090092/d10q.htm"
  },
  {
    "date": "2003-12-31",
    "symbol": "CBRE",
    "reportedCurrency": "USD",
    "cik": "0001138118",
    "fillingDate": "2004-03-30",
    "acceptedDate": "2004-03-30 16:25:20",
    "calendarYear": "2003",
    "period": "Q4",
    "revenue": 621257000,
    "costOfRevenue": 311545000,
    "grossProfit": 309712000,
    "grossProfitRatio": 0.4985247651,
    "researchAndDevelopmentExpenses": 0,
    "generalAndAdministrativeExpenses": 678397000,
    "sellingAndMarketingExpenses": 0,
    "sellingGeneralAndAdministrativeExpenses": 678397000,
    "otherExpenses": 268371000,
    "operatingExpenses": 268371000,
    "costAndExpenses": 579916000,
    "interestIncome": 2477000,
    "interestExpense": 27697000,
    "depreciationAndAmortization": 39051000,
    "ebitda": 80392000,
    "ebitdaratio": 0.1294021637,
    "operatingIncome": 24319000,
    "operatingIncomeRatio": 0.0391448306,
    "totalOtherIncomeExpensesNet": -25220000,
    "incomeBeforeTax": -901000,
    "incomeBeforeTaxRatio": -0.0014502855,
    "incomeTaxExpense": 9183000,
    "netIncome": -10084000,
    "netIncomeRatio": -0.0162316079,
    "eps": -0.0497,
    "epsdiluted": -0.0497,
    "weightedAverageShsOut": 203040765,
    "weightedAverageShsOutDil": 203040765,
    "link": "https://www.sec.gov/Archives/edgar/data/1138118/000119312504053937/0001193125-04-053937-index.htm",
    "finalLink": "https://www.sec.gov/Archives/edgar/data/1138118/000119312504053937/d10k.htm"
  },
  {
    "date": "2003-09-30",
    "symbol": "CBRE",
    "reportedCurrency": "USD",
    "cik": "0001138118",
    "fillingDate": "2003-11-14",
    "acceptedDate": "2003-11-14 14:49:49",
    "calendarYear": "2003",
    "period": "Q3",
    "revenue": 423376000,
    "costOfRevenue": 208198000,
    "grossProfit": 215178000,
    "grossProfitRatio": 0.5082432637,
    "researchAndDevelopmentExpenses": 0,
    "generalAndAdministrativeExpenses": 180298000,
    "sellingAndMarketingExpenses": 0,
    "sellingGeneralAndAdministrativeExpenses": 180298000,
    "otherExpenses": 219051000,
    "operatingExpenses": 219051000,
    "costAndExpenses": 427249000,
    "interestIncome": 1788000,
    "interestExpense": 28255000,
    "depreciationAndAmortization": 41071000,
    "ebitda": 22501000,
    "ebitdaratio": 0.053146612,
    "operatingIncome": -20358000,
    "operatingIncomeRatio": -0.0480849174,
    "totalOtherIncomeExpensesNet": -24149000,
    "incomeBeforeTax": -46825000,
    "incomeBeforeTaxRatio": -0.1105990892,
    "incomeTaxExpense": -18380000,
    "netIncome": -28445000,
    "netIncomeRatio": -0.0671861419,
    "eps": -0.16,
    "epsdiluted": -0.16,
    "weightedAverageShsOut": 172459215,
    "weightedAverageShsOutDil": 172459215,
    "link": "https://www.sec.gov/Archives/edgar/data/1138118/000110465903026614/0001104659-03-026614-index.htm",
    "finalLink": "https://www.sec.gov/Archives/edgar/data/1138118/000110465903026614/a03-5215_110q.htm"
  },
  {
    "date": "2003-06-30",
    "symbol": "CBRE",
    "reportedCurrency": "USD",
    "cik": "0001138118",
    "fillingDate": "2003-08-14",
    "acceptedDate": "2003-08-14 14:26:26",
    "calendarYear": "2003",
    "period": "Q2",
    "revenue": 321717000,
    "costOfRevenue": 153066000,
    "grossProfit": 168651000,
    "grossProfitRatio": 0.5242215985,
    "researchAndDevelopmentExpenses": 0,
    "generalAndAdministrativeExpenses": 137421000,
    "sellingAndMarketingExpenses": 0,
    "sellingGeneralAndAdministrativeExpenses": 137421000,
    "otherExpenses": 139949000,
    "operatingExpenses": 139949000,
    "costAndExpenses": 293015000,
    "interestIncome": 701000,
    "interestExpense": 19549000,
    "depreciationAndAmortization": 6329000,
    "ebitda": 31230000,
    "ebitdaratio": 0.0970728933,
    "operatingIncome": 25392000,
    "operatingIncomeRatio": 0.0789265099,
    "totalOtherIncomeExpensesNet": -16239000,
    "incomeBeforeTax": 9153000,
    "incomeBeforeTaxRatio": 0.0284504704,
    "incomeTaxExpense": 3981000,
    "netIncome": 5172000,
    "netIncomeRatio": 0.0160762409,
    "eps": 0.04,
    "epsdiluted": 0.04,
    "weightedAverageShsOut": 125051097,
    "weightedAverageShsOutDil": 127571679,
    "link": "https://www.sec.gov/Archives/edgar/data/1138118/000110465903018593/0001104659-03-018593-index.htm",
    "finalLink": "https://www.sec.gov/Archives/edgar/data/1138118/000110465903018593/a03-2462_110q.htm"
  },
  {
    "date": "2003-03-31",
    "symbol": "CBRE",
    "reportedCurrency": "USD",
    "cik": "0001138118",
    "fillingDate": "2003-05-14",
    "acceptedDate": "2003-05-14 16:08:11",
    "calendarYear": "2003",
    "period": "Q1",
    "revenue": 263724000,
    "costOfRevenue": 123599000,
    "grossProfit": 140125000,
    "grossProfitRatio": 0.5313319986,
    "researchAndDevelopmentExpenses": 0,
    "generalAndAdministrativeExpenses": 126175000,
    "sellingAndMarketingExpenses": 0,
    "sellingGeneralAndAdministrativeExpenses": 126175000,
    "otherExpenses": 129283000,
    "operatingExpenses": 129283000,
    "costAndExpenses": 252882000,
    "interestIncome": 1075000,
    "interestExpense": 13249000,
    "depreciationAndAmortization": 6171000,
    "ebitda": 17013000,
    "ebitdaratio": 0.0645106247,
    "operatingIncome": 10842000,
    "operatingIncomeRatio": 0.0411111617,
    "totalOtherIncomeExpensesNet": -13249000,
    "incomeBeforeTax": -2407000,
    "incomeBeforeTaxRatio": -0.0091269661,
    "incomeTaxExpense": -1060000,
    "netIncome": -1347000,
    "netIncomeRatio": -0.0051076125,
    "eps": -0.01,
    "epsdiluted": -0.01,
    "weightedAverageShsOut": 135262971,
    "weightedAverageShsOutDil": 135262971,
    "link": "https://www.sec.gov/Archives/edgar/data/1138118/000110465903009816/0001104659-03-009816-index.htm",
    "finalLink": "https://www.sec.gov/Archives/edgar/data/1138118/000110465903009816/j0823_10q.htm"
  },
  {
    "date": "2002-12-31",
    "symbol": "CBRE",
    "reportedCurrency": "USD",
    "cik": "0001138118",
    "fillingDate": "2003-03-25",
    "acceptedDate": "2003-03-25 16:34:58",
    "calendarYear": "2002",
    "period": "Q4",
    "revenue": 376466000,
    "costOfRevenue": 0,
    "grossProfit": 376466000,
    "grossProfitRatio": 1,
    "researchAndDevelopmentExpenses": 0,
    "generalAndAdministrativeExpenses": 493949000,
    "sellingAndMarketingExpenses": 0,
    "sellingGeneralAndAdministrativeExpenses": 493949000,
    "otherExpenses": 324262000,
    "operatingExpenses": 324262000,
    "costAndExpenses": 324262000,
    "interestIncome": 0,
    "interestExpense": 0,
    "depreciationAndAmortization": 6507000,
    "ebitda": 58711000,
    "ebitdaratio": 0.1559529944,
    "operatingIncome": 52168000,
    "operatingIncomeRatio": 0.1385729389,
    "totalOtherIncomeExpensesNet": -13561000,
    "incomeBeforeTax": 38607000,
    "incomeBeforeTaxRatio": 0.1025510936,
    "incomeTaxExpense": 23510000,
    "netIncome": 15097000,
    "netIncomeRatio": 0.040101895,
    "eps": 0.33,
    "epsdiluted": 0.33,
    "weightedAverageShsOut": 45087657,
    "weightedAverageShsOutDil": 45087657,
    "link": "https://www.sec.gov/Archives/edgar/data/1138118/000104746903010098/0001047469-03-010098-index.htm",
    "finalLink": "https://www.sec.gov/Archives/edgar/data/1138118/000104746903010098/a2105317z10-k.htm"
  },
  {
    "date": "2002-09-30",
    "symbol": "CBRE",
    "reportedCurrency": "USD",
    "cik": "0001138118",
    "fillingDate": "2002-11-14",
    "acceptedDate": "2002-11-14 12:07:38",
    "calendarYear": "2002",
    "period": "Q3",
    "revenue": 284928000,
    "costOfRevenue": 0,
    "grossProfit": 284928000,
    "grossProfitRatio": 1,
    "researchAndDevelopmentExpenses": 0,
    "generalAndAdministrativeExpenses": 119852000,
    "sellingAndMarketingExpenses": 0,
    "sellingGeneralAndAdministrativeExpenses": 119852000,
    "otherExpenses": 263766000,
    "operatingExpenses": 263766000,
    "costAndExpenses": 263766000,
    "interestIncome": 0,
    "interestExpense": 0,
    "depreciationAndAmortization": 6404000,
    "ebitda": 27566000,
    "ebitdaratio": 0.0967472484,
    "operatingIncome": 21162000,
    "operatingIncomeRatio": 0.0742713949,
    "totalOtherIncomeExpensesNet": -14145000,
    "incomeBeforeTax": 7017000,
    "incomeBeforeTaxRatio": 0.0246272743,
    "incomeTaxExpense": 5136000,
    "netIncome": 1881000,
    "netIncomeRatio": 0.0066016678,
    "eps": 0.0433,
    "epsdiluted": 0.04,
    "weightedAverageShsOut": 45048132,
    "weightedAverageShsOutDil": 45677364,
    "link": "https://www.sec.gov/Archives/edgar/data/1138118/000110465902006157/0001104659-02-006157-index.htm",
    "finalLink": "https://www.sec.gov/Archives/edgar/data/1138118/000110465902006157/j5468_10q.htm"
  },
  {
    "date": "2002-06-30",
    "symbol": "CBRE",
    "reportedCurrency": "USD",
    "cik": "0001138118",
    "fillingDate": "2002-08-13",
    "acceptedDate": "2002-08-13 14:23:40",
    "calendarYear": "2002",
    "period": "Q2",
    "revenue": 284893000,
    "costOfRevenue": 0,
    "grossProfit": 284893000,
    "grossProfitRatio": 1,
    "researchAndDevelopmentExpenses": 0,
    "generalAndAdministrativeExpenses": 120735000,
    "sellingAndMarketingExpenses": 0,
    "sellingGeneralAndAdministrativeExpenses": 120735000,
    "otherExpenses": 255630000,
    "operatingExpenses": 255630000,
    "costAndExpenses": 255630000,
    "interestIncome": 534000,
    "interestExpense": 14904000,
    "depreciationAndAmortization": 4111000,
    "ebitda": 33374000,
    "ebitdaratio": 0.1171457354,
    "operatingIncome": 29263000,
    "operatingIncomeRatio": 0.1027157564,
    "totalOtherIncomeExpensesNet": -14370000,
    "incomeBeforeTax": 14893000,
    "incomeBeforeTaxRatio": 0.0522757667,
    "incomeTaxExpense": 7604000,
    "netIncome": 7289000,
    "netIncomeRatio": 0.0255850442,
    "eps": 0.16,
    "epsdiluted": 0.16,
    "weightedAverageShsOut": 45103848,
    "weightedAverageShsOutDil": 45651558,
    "link": "https://www.sec.gov/Archives/edgar/data/1138118/000110465902003716/0001104659-02-003716-index.htm",
    "finalLink": "https://www.sec.gov/Archives/edgar/data/1138118/000110465902003716/j4311_10q.htm"
  },
  {
    "date": "2002-03-31",
    "symbol": "CBRE",
    "reportedCurrency": "USD",
    "cik": "0001138118",
    "fillingDate": "2002-05-14",
    "acceptedDate": "2002-05-14 14:46:28",
    "calendarYear": "2002",
    "period": "Q1",
    "revenue": 223990000,
    "costOfRevenue": 0,
    "grossProfit": 223990000,
    "grossProfitRatio": 1,
    "researchAndDevelopmentExpenses": 0,
    "generalAndAdministrativeExpenses": 112636000,
    "sellingAndMarketingExpenses": 0,
    "sellingGeneralAndAdministrativeExpenses": 112636000,
    "otherExpenses": 221076000,
    "operatingExpenses": 221076000,
    "costAndExpenses": 221076000,
    "interestIncome": 0,
    "interestExpense": 0,
    "depreciationAndAmortization": 7592000,
    "ebitda": 10506000,
    "ebitdaratio": 0.0469038796,
    "operatingIncome": 2914000,
    "operatingIncomeRatio": 0.0130095094,
    "totalOtherIncomeExpensesNet": -15153000,
    "incomeBeforeTax": -12239000,
    "incomeBeforeTaxRatio": -0.0546408322,
    "incomeTaxExpense": -6144000,
    "netIncome": -6095000,
    "netIncomeRatio": -0.0272110362,
    "eps": -0.13,
    "epsdiluted": -0.13,
    "weightedAverageShsOut": 45151899,
    "weightedAverageShsOutDil": 45621045,
    "link": "https://www.sec.gov/Archives/edgar/data/1138118/000110465902002303/0001104659-02-002303-index.htm",
    "finalLink": "https://www.sec.gov/Archives/edgar/data/1138118/000110465902002303/j3874_10q.htm"
  },
  {
    "date": "2001-12-31",
    "symbol": "CBRE",
    "reportedCurrency": "USD",
    "cik": "0001138118",
    "fillingDate": "2002-03-27",
    "acceptedDate": "2002-03-27 00:00:00",
    "calendarYear": "2001",
    "period": "Q4",
    "revenue": 337262000,
    "costOfRevenue": 0,
    "grossProfit": 337262000,
    "grossProfitRatio": 1,
    "researchAndDevelopmentExpenses": 0,
    "generalAndAdministrativeExpenses": 0,
    "sellingAndMarketingExpenses": 0,
    "sellingGeneralAndAdministrativeExpenses": 0,
    "otherExpenses": 290313000,
    "operatingExpenses": 290313000,
    "costAndExpenses": 290313000,
    "interestIncome": 0,
    "interestExpense": 0,
    "depreciationAndAmortization": 6410000,
    "ebitda": 53359000,
    "ebitdaratio": 0.1582123097,
    "operatingIncome": 46949000,
    "operatingIncomeRatio": 0.1392063144,
    "totalOtherIncomeExpensesNet": -13861000,
    "incomeBeforeTax": 33088000,
    "incomeBeforeTaxRatio": 0.0981077026,
    "incomeTaxExpense": 16910000,
    "netIncome": 16178000,
    "netIncomeRatio": 0.0479686416,
    "eps": 0.36,
    "epsdiluted": 0.36,
    "weightedAverageShsOut": 45151899,
    "weightedAverageShsOutDil": 45151899,
    "link": "https://www.sec.gov/Archives/edgar/data/1138118/000091205702011967/0000912057-02-011967-index.htm",
    "finalLink": "https://www.sec.gov/Archives/edgar/data/1138118/000091205702011967/a2074264z10-k.htm"
  },
  {
    "date": "2001-09-30",
    "symbol": "CBRE",
    "reportedCurrency": "USD",
    "cik": "0001138118",
    "fillingDate": "2001-11-14",
    "acceptedDate": "2001-11-14 00:00:00",
    "calendarYear": "2001",
    "period": "Q3",
    "revenue": 225566000,
    "costOfRevenue": 0,
    "grossProfit": 225566000,
    "grossProfitRatio": 1,
    "researchAndDevelopmentExpenses": 0,
    "generalAndAdministrativeExpenses": 90336000,
    "sellingAndMarketingExpenses": 0,
    "sellingGeneralAndAdministrativeExpenses": 90336000,
    "otherExpenses": 209783000,
    "operatingExpenses": 209783000,
    "costAndExpenses": 209783000,
    "interestIncome": 1173000,
    "interestExpense": 12234000,
    "depreciationAndAmortization": 5788000,
    "ebitda": 21571000,
    "ebitdaratio": 0.0956305472,
    "operatingIncome": 15783000,
    "operatingIncomeRatio": 0.0699706516,
    "totalOtherIncomeExpensesNet": -12234000,
    "incomeBeforeTax": 3549000,
    "incomeBeforeTaxRatio": 0.0157337542,
    "incomeTaxExpense": 1571000,
    "netIncome": 1978000,
    "netIncomeRatio": 0.0087690521,
    "eps": 0.0567,
    "epsdiluted": 0.0567,
    "weightedAverageShsOut": 35596377,
    "weightedAverageShsOutDil": 35596377,
    "link": "https://www.sec.gov/Archives/edgar/data/1138118/000091205701539725/0000912057-01-539725-index.htm",
    "finalLink": "https://www.sec.gov/Archives/edgar/data/1138118/000091205701539725/a2063422z10-q.htm"
  },
  {
    "date": "2001-06-30",
    "symbol": "CBRE",
    "reportedCurrency": "USD",
    "cik": "0001138118",
    "fillingDate": "2001-08-27",
    "acceptedDate": "2001-08-27 00:00:00",
    "calendarYear": "2001",
    "period": "Q2",
    "revenue": 0,
    "costOfRevenue": 0,
    "grossProfit": 0,
    "grossProfitRatio": 0,
    "researchAndDevelopmentExpenses": 0,
    "generalAndAdministrativeExpenses": 0,
    "sellingAndMarketingExpenses": 0,
    "sellingGeneralAndAdministrativeExpenses": 0,
    "otherExpenses": -1195330,
    "operatingExpenses": -1195330,
    "costAndExpenses": -1195330,
    "interestIncome": 579845,
    "interestExpense": 1775175,
    "depreciationAndAmortization": 0,
    "ebitda": -1195330,
    "ebitdaratio": 0,
    "operatingIncome": -1195330,
    "operatingIncomeRatio": 0,
    "totalOtherIncomeExpensesNet": 0,
    "incomeBeforeTax": -1195330,
    "incomeBeforeTaxRatio": 0,
    "incomeTaxExpense": -464983,
    "netIncome": -730347,
    "netIncomeRatio": 0,
    "eps": -0.0205,
    "epsdiluted": -0.0205,
    "weightedAverageShsOut": 35596377,
    "weightedAverageShsOutDil": 35596377,
    "link": "https://www.sec.gov/Archives/edgar/data/1138118/000091205701530392/0000912057-01-530392-index.htm",
    "finalLink": "https://www.sec.gov/Archives/edgar/data/1138118/000091205701530392/a2058088z10-q.htm"
  }
]