[
  {
    "date": "2025-06-30",
    "symbol": "CCI",
    "reportedCurrency": "USD",
    "cik": "0001051470",
    "fillingDate": "2025-08-06",
    "acceptedDate": "2025-08-06 16:08:31",
    "calendarYear": "2025",
    "period": "Q2",
    "revenue": 1060000000,
    "costOfRevenue": 278000000,
    "grossProfit": 782000000,
    "grossProfitRatio": 0.7377358491,
    "researchAndDevelopmentExpenses": 0,
    "generalAndAdministrativeExpenses": 0,
    "sellingAndMarketingExpenses": 0,
    "sellingGeneralAndAdministrativeExpenses": 99000000,
    "otherExpenses": 177000000,
    "operatingExpenses": 276000000,
    "costAndExpenses": 554000000,
    "interestIncome": 4000000,
    "interestExpense": 235000000,
    "depreciationAndAmortization": 175000000,
    "ebitda": 679000000,
    "ebitdaratio": 0.6405660377,
    "operatingIncome": 506000000,
    "operatingIncomeRatio": 0.4773584906,
    "totalOtherIncomeExpensesNet": -237000000,
    "incomeBeforeTax": 269000000,
    "incomeBeforeTaxRatio": 0.2537735849,
    "incomeTaxExpense": 4000000,
    "netIncome": 291000000,
    "netIncomeRatio": 0.2745283019,
    "eps": 0.67,
    "epsdiluted": 0.67,
    "weightedAverageShsOut": 435000000,
    "weightedAverageShsOutDil": 437000000,
    "link": "https://www.sec.gov/Archives/edgar/data/1051470/000105147025000168/0001051470-25-000168-index.htm",
    "finalLink": "https://www.sec.gov/Archives/edgar/data/1051470/000105147025000168/cci-20250630.htm"
  },
  {
    "date": "2025-03-31",
    "symbol": "CCI",
    "reportedCurrency": "USD",
    "cik": "0001051470",
    "fillingDate": "2025-05-09",
    "acceptedDate": "2025-05-09 16:08:07",
    "calendarYear": "2025",
    "period": "Q1",
    "revenue": 1061000000,
    "costOfRevenue": 268000000,
    "grossProfit": 793000000,
    "grossProfitRatio": 0.7474081056,
    "researchAndDevelopmentExpenses": 0,
    "generalAndAdministrativeExpenses": 0,
    "sellingAndMarketingExpenses": 0,
    "sellingGeneralAndAdministrativeExpenses": 93000000,
    "otherExpenses": 179000000,
    "operatingExpenses": 272000000,
    "costAndExpenses": 540000000,
    "interestIncome": 3000000,
    "interestExpense": 228000000,
    "depreciationAndAmortization": 177000000,
    "ebitda": 694000000,
    "ebitdaratio": 0.6540999057,
    "operatingIncome": 521000000,
    "operatingIncomeRatio": 0.4910461828,
    "totalOtherIncomeExpensesNet": -232000000,
    "incomeBeforeTax": 289000000,
    "incomeBeforeTaxRatio": 0.2723845429,
    "incomeTaxExpense": 5000000,
    "netIncome": -464000000,
    "netIncomeRatio": -0.4373232799,
    "eps": -1.07,
    "epsdiluted": -1.06,
    "weightedAverageShsOut": 435000000,
    "weightedAverageShsOutDil": 436000000,
    "link": "https://www.sec.gov/Archives/edgar/data/1051470/000105147025000141/0001051470-25-000141-index.htm",
    "finalLink": "https://www.sec.gov/Archives/edgar/data/1051470/000105147025000141/cci-20250331.htm"
  },
  {
    "date": "2024-12-31",
    "symbol": "CCI",
    "reportedCurrency": "USD",
    "cik": "0001051470",
    "fillingDate": "2025-03-14",
    "acceptedDate": "2025-03-14 16:23:11",
    "calendarYear": "2024",
    "period": "Q4",
    "revenue": 1649000000,
    "costOfRevenue": 464000000,
    "grossProfit": 1185000000,
    "grossProfitRatio": 0.7186173438,
    "researchAndDevelopmentExpenses": 0,
    "generalAndAdministrativeExpenses": 0,
    "sellingAndMarketingExpenses": 0,
    "sellingGeneralAndAdministrativeExpenses": 166000000,
    "otherExpenses": 5524000000,
    "operatingExpenses": 5690000000,
    "costAndExpenses": 6154000000,
    "interestIncome": 5000000,
    "interestExpense": 232000000,
    "depreciationAndAmortization": 437000000,
    "ebitda": -4094000000,
    "ebitdaratio": -2.4827167981,
    "operatingIncome": -4505000000,
    "operatingIncomeRatio": -2.7319587629,
    "totalOtherIncomeExpensesNet": -258000000,
    "incomeBeforeTax": -4763000000,
    "incomeBeforeTaxRatio": -2.8884172226,
    "incomeTaxExpense": 5000000,
    "netIncome": -4768000000,
    "netIncomeRatio": -2.8914493633,
    "eps": -10.96,
    "epsdiluted": -10.96,
    "weightedAverageShsOut": 434000000,
    "weightedAverageShsOutDil": 434000000,
    "link": "https://www.sec.gov/Archives/edgar/data/1051470/000105147025000089/0001051470-25-000089-index.htm",
    "finalLink": "https://www.sec.gov/Archives/edgar/data/1051470/000105147025000089/cci-20241231.htm"
  },
  {
    "date": "2024-09-30",
    "symbol": "CCI",
    "reportedCurrency": "USD",
    "cik": "0001051470",
    "fillingDate": "2024-10-30",
    "acceptedDate": "2024-10-30 16:05:52",
    "calendarYear": "2024",
    "period": "Q3",
    "revenue": 1652000000,
    "costOfRevenue": 460000000,
    "grossProfit": 1192000000,
    "grossProfitRatio": 0.7215496368,
    "researchAndDevelopmentExpenses": 0,
    "generalAndAdministrativeExpenses": 0,
    "sellingAndMarketingExpenses": 0,
    "sellingGeneralAndAdministrativeExpenses": 153000000,
    "otherExpenses": 495000000,
    "operatingExpenses": 648000000,
    "costAndExpenses": 1108000000,
    "interestIncome": 6000000,
    "interestExpense": 228000000,
    "depreciationAndAmortization": 930000000,
    "ebitda": 1466000000,
    "ebitdaratio": 0.887409201,
    "operatingIncome": 544000000,
    "operatingIncomeRatio": 0.3292978208,
    "totalOtherIncomeExpensesNet": -236000000,
    "incomeBeforeTax": 308000000,
    "incomeBeforeTaxRatio": 0.186440678,
    "incomeTaxExpense": 5000000,
    "netIncome": 303000000,
    "netIncomeRatio": 0.1834140436,
    "eps": 0.7,
    "epsdiluted": 0.7,
    "weightedAverageShsOut": 435000000,
    "weightedAverageShsOutDil": 436000000,
    "link": "https://www.sec.gov/Archives/edgar/data/1051470/000105147024000216/0001051470-24-000216-index.htm",
    "finalLink": "https://www.sec.gov/Archives/edgar/data/1051470/000105147024000216/cci-20240930.htm"
  },
  {
    "date": "2024-06-30",
    "symbol": "CCI",
    "reportedCurrency": "USD",
    "cik": "0001051470",
    "fillingDate": "2024-07-30",
    "acceptedDate": "2024-07-30 16:11:39",
    "calendarYear": "2024",
    "period": "Q2",
    "revenue": 1107000000,
    "costOfRevenue": 274000000,
    "grossProfit": 833000000,
    "grossProfitRatio": 0.7524841915,
    "researchAndDevelopmentExpenses": 0,
    "generalAndAdministrativeExpenses": 0,
    "sellingAndMarketingExpenses": 0,
    "sellingGeneralAndAdministrativeExpenses": 136000000,
    "otherExpenses": 202000000,
    "operatingExpenses": 338000000,
    "costAndExpenses": 612000000,
    "interestIncome": 4000000,
    "interestExpense": 222000000,
    "depreciationAndAmortization": 180000000,
    "ebitda": 672000000,
    "ebitdaratio": 0.6070460705,
    "operatingIncome": 495000000,
    "operatingIncomeRatio": 0.4471544715,
    "totalOtherIncomeExpensesNet": -225000000,
    "incomeBeforeTax": 270000000,
    "incomeBeforeTaxRatio": 0.243902439,
    "incomeTaxExpense": 5000000,
    "netIncome": 251000000,
    "netIncomeRatio": 0.2267389341,
    "eps": 0.58,
    "epsdiluted": 0.58,
    "weightedAverageShsOut": 435000000,
    "weightedAverageShsOutDil": 435000000,
    "link": "https://www.sec.gov/Archives/edgar/data/1051470/000105147024000186/0001051470-24-000186-index.htm",
    "finalLink": "https://www.sec.gov/Archives/edgar/data/1051470/000105147024000186/cci-20240630.htm"
  },
  {
    "date": "2024-03-31",
    "symbol": "CCI",
    "reportedCurrency": "USD",
    "cik": "0001051470",
    "fillingDate": "2024-05-01",
    "acceptedDate": "2024-05-01 16:06:20",
    "calendarYear": "2024",
    "period": "Q1",
    "revenue": 1114000000,
    "costOfRevenue": 272000000,
    "grossProfit": 842000000,
    "grossProfitRatio": 0.7558348294,
    "researchAndDevelopmentExpenses": 0,
    "generalAndAdministrativeExpenses": 0,
    "sellingAndMarketingExpenses": 0,
    "sellingGeneralAndAdministrativeExpenses": 114000000,
    "otherExpenses": 208000000,
    "operatingExpenses": 322000000,
    "costAndExpenses": 594000000,
    "interestIncome": 4000000,
    "interestExpense": 218000000,
    "depreciationAndAmortization": 191000000,
    "ebitda": 709000000,
    "ebitdaratio": 0.6364452424,
    "operatingIncome": 520000000,
    "operatingIncomeRatio": 0.4667863555,
    "totalOtherIncomeExpensesNet": -220000000,
    "incomeBeforeTax": 300000000,
    "incomeBeforeTaxRatio": 0.2692998205,
    "incomeTaxExpense": 6000000,
    "netIncome": 311000000,
    "netIncomeRatio": 0.2791741472,
    "eps": 0.72,
    "epsdiluted": 0.71,
    "weightedAverageShsOut": 434000000,
    "weightedAverageShsOutDil": 435000000,
    "link": "https://www.sec.gov/Archives/edgar/data/1051470/000105147024000143/0001051470-24-000143-index.htm",
    "finalLink": "https://www.sec.gov/Archives/edgar/data/1051470/000105147024000143/cci-20240331.htm"
  },
  {
    "date": "2023-12-31",
    "symbol": "CCI",
    "reportedCurrency": "USD",
    "cik": "0001051470",
    "fillingDate": "2024-02-23",
    "acceptedDate": "2024-02-23 16:08:44",
    "calendarYear": "2023",
    "period": "Q4",
    "revenue": 1674000000,
    "costOfRevenue": 453000000,
    "grossProfit": 1221000000,
    "grossProfitRatio": 0.729390681,
    "researchAndDevelopmentExpenses": 0,
    "generalAndAdministrativeExpenses": 0,
    "sellingAndMarketingExpenses": 0,
    "sellingGeneralAndAdministrativeExpenses": 178000000,
    "otherExpenses": 455000000,
    "operatingExpenses": 633000000,
    "costAndExpenses": 1086000000,
    "interestIncome": 5000000,
    "interestExpense": 216000000,
    "depreciationAndAmortization": 439000000,
    "ebitda": 1023000000,
    "ebitdaratio": 0.6111111111,
    "operatingIncome": 588000000,
    "operatingIncomeRatio": 0.3512544803,
    "totalOtherIncomeExpensesNet": -220000000,
    "incomeBeforeTax": 368000000,
    "incomeBeforeTaxRatio": 0.219832736,
    "incomeTaxExpense": 5000000,
    "netIncome": 363000000,
    "netIncomeRatio": 0.2168458781,
    "eps": 0.83,
    "epsdiluted": 0.83,
    "weightedAverageShsOut": 434000000,
    "weightedAverageShsOutDil": 434000000,
    "link": "https://www.sec.gov/Archives/edgar/data/1051470/000105147024000062/0001051470-24-000062-index.htm",
    "finalLink": "https://www.sec.gov/Archives/edgar/data/1051470/000105147024000062/cci-20231231.htm"
  },
  {
    "date": "2023-09-30",
    "symbol": "CCI",
    "reportedCurrency": "USD",
    "cik": "0001051470",
    "fillingDate": "2023-11-01",
    "acceptedDate": "2023-11-01 16:05:16",
    "calendarYear": "2023",
    "period": "Q3",
    "revenue": 1667000000,
    "costOfRevenue": 486000000,
    "grossProfit": 1181000000,
    "grossProfitRatio": 0.7084583083,
    "researchAndDevelopmentExpenses": 0,
    "generalAndAdministrativeExpenses": 0,
    "sellingAndMarketingExpenses": 0,
    "sellingGeneralAndAdministrativeExpenses": 176000000,
    "otherExpenses": 519000000,
    "operatingExpenses": 695000000,
    "costAndExpenses": 1181000000,
    "interestIncome": 3000000,
    "interestExpense": 209000000,
    "depreciationAndAmortization": 439000000,
    "ebitda": 920000000,
    "ebitdaratio": 0.5518896221,
    "operatingIncome": 486000000,
    "operatingIncomeRatio": 0.2915416917,
    "totalOtherIncomeExpensesNet": -214000000,
    "incomeBeforeTax": 272000000,
    "incomeBeforeTaxRatio": 0.1631673665,
    "incomeTaxExpense": 7000000,
    "netIncome": 265000000,
    "netIncomeRatio": 0.1589682064,
    "eps": 0.61,
    "epsdiluted": 0.61,
    "weightedAverageShsOut": 434000000,
    "weightedAverageShsOutDil": 434000000,
    "link": "https://www.sec.gov/Archives/edgar/data/1051470/000105147023000162/0001051470-23-000162-index.htm",
    "finalLink": "https://www.sec.gov/Archives/edgar/data/1051470/000105147023000162/cci-20230930.htm"
  },
  {
    "date": "2023-06-30",
    "symbol": "CCI",
    "reportedCurrency": "USD",
    "cik": "0001051470",
    "fillingDate": "2023-08-02",
    "acceptedDate": "2023-08-02 16:03:14",
    "calendarYear": "2023",
    "period": "Q2",
    "revenue": 1867000000,
    "costOfRevenue": 522000000,
    "grossProfit": 1345000000,
    "grossProfitRatio": 0.7204070702,
    "researchAndDevelopmentExpenses": 0,
    "generalAndAdministrativeExpenses": 0,
    "sellingAndMarketingExpenses": 0,
    "sellingGeneralAndAdministrativeExpenses": 210000000,
    "otherExpenses": 468000000,
    "operatingExpenses": 678000000,
    "costAndExpenses": 1200000000,
    "interestIncome": 5000000,
    "interestExpense": 201000000,
    "depreciationAndAmortization": 445000000,
    "ebitda": 1108000000,
    "ebitdaratio": 0.5934654526,
    "operatingIncome": 667000000,
    "operatingIncomeRatio": 0.3572576326,
    "totalOtherIncomeExpensesNet": -205000000,
    "incomeBeforeTax": 462000000,
    "incomeBeforeTaxRatio": 0.2474558115,
    "incomeTaxExpense": 7000000,
    "netIncome": 455000000,
    "netIncomeRatio": 0.243706481,
    "eps": 1.05,
    "epsdiluted": 1.05,
    "weightedAverageShsOut": 434000000,
    "weightedAverageShsOutDil": 434000000,
    "link": "https://www.sec.gov/Archives/edgar/data/1051470/000105147023000128/0001051470-23-000128-index.htm",
    "finalLink": "https://www.sec.gov/Archives/edgar/data/1051470/000105147023000128/cci-20230630.htm"
  },
  {
    "date": "2023-03-31",
    "symbol": "CCI",
    "reportedCurrency": "USD",
    "cik": "0001051470",
    "fillingDate": "2023-05-03",
    "acceptedDate": "2023-05-03 16:02:38",
    "calendarYear": "2023",
    "period": "Q1",
    "revenue": 1773000000,
    "costOfRevenue": 519000000,
    "grossProfit": 1254000000,
    "grossProfitRatio": 0.7072758037,
    "researchAndDevelopmentExpenses": 0,
    "generalAndAdministrativeExpenses": 0,
    "sellingAndMarketingExpenses": 0,
    "sellingGeneralAndAdministrativeExpenses": 195000000,
    "otherExpenses": 431000000,
    "operatingExpenses": 626000000,
    "costAndExpenses": 1145000000,
    "interestIncome": 2000000,
    "interestExpense": 195000000,
    "depreciationAndAmortization": 431000000,
    "ebitda": 1051000000,
    "ebitdaratio": 0.5927805979,
    "operatingIncome": 628000000,
    "operatingIncomeRatio": 0.3542019177,
    "totalOtherIncomeExpensesNet": -203000000,
    "incomeBeforeTax": 425000000,
    "incomeBeforeTaxRatio": 0.2397067118,
    "incomeTaxExpense": 7000000,
    "netIncome": 418000000,
    "netIncomeRatio": 0.2357586012,
    "eps": 0.97,
    "epsdiluted": 0.96,
    "weightedAverageShsOut": 433000000,
    "weightedAverageShsOutDil": 434000000,
    "link": "https://www.sec.gov/Archives/edgar/data/1051470/000105147023000106/0001051470-23-000106-index.htm",
    "finalLink": "https://www.sec.gov/Archives/edgar/data/1051470/000105147023000106/cci-20230331.htm"
  },
  {
    "date": "2022-12-31",
    "symbol": "CCI",
    "reportedCurrency": "USD",
    "cik": "0001051470",
    "fillingDate": "2023-02-24",
    "acceptedDate": "2023-02-24 16:08:38",
    "calendarYear": "2022",
    "period": "Q4",
    "revenue": 1764000000,
    "costOfRevenue": 520000000,
    "grossProfit": 1244000000,
    "grossProfitRatio": 0.7052154195,
    "researchAndDevelopmentExpenses": 0,
    "generalAndAdministrativeExpenses": 0,
    "sellingAndMarketingExpenses": 0,
    "sellingGeneralAndAdministrativeExpenses": 192000000,
    "otherExpenses": 440000000,
    "operatingExpenses": 632000000,
    "costAndExpenses": 1152000000,
    "interestIncome": 2000000,
    "interestExpense": 186000000,
    "depreciationAndAmortization": 431000000,
    "ebitda": 1033000000,
    "ebitdaratio": 0.585600907,
    "operatingIncome": 612000000,
    "operatingIncomeRatio": 0.3469387755,
    "totalOtherIncomeExpensesNet": -196000000,
    "incomeBeforeTax": 416000000,
    "incomeBeforeTaxRatio": 0.2358276644,
    "incomeTaxExpense": 2000000,
    "netIncome": 414000000,
    "netIncomeRatio": 0.2346938776,
    "eps": 0.95,
    "epsdiluted": 0.95,
    "weightedAverageShsOut": 433000000,
    "weightedAverageShsOutDil": 434000000,
    "link": "https://www.sec.gov/Archives/edgar/data/1051470/000105147023000041/0001051470-23-000041-index.htm",
    "finalLink": "https://www.sec.gov/Archives/edgar/data/1051470/000105147023000041/cci-20221231.htm"
  },
  {
    "date": "2022-09-30",
    "symbol": "CCI",
    "reportedCurrency": "USD",
    "cik": "0001051470",
    "fillingDate": "2022-11-04",
    "acceptedDate": "2022-11-04 16:20:19",
    "calendarYear": "2022",
    "period": "Q3",
    "revenue": 1746000000,
    "costOfRevenue": 524000000,
    "grossProfit": 1222000000,
    "grossProfitRatio": 0.6998854525,
    "researchAndDevelopmentExpenses": 0,
    "generalAndAdministrativeExpenses": 0,
    "sellingAndMarketingExpenses": 0,
    "sellingGeneralAndAdministrativeExpenses": 187000000,
    "otherExpenses": 433000000,
    "operatingExpenses": 620000000,
    "costAndExpenses": 1144000000,
    "interestIncome": 1000000,
    "interestExpense": 171000000,
    "depreciationAndAmortization": 429000000,
    "ebitda": 1023000000,
    "ebitdaratio": 0.5859106529,
    "operatingIncome": 602000000,
    "operatingIncomeRatio": 0.3447880871,
    "totalOtherIncomeExpensesNet": -180000000,
    "incomeBeforeTax": 422000000,
    "incomeBeforeTaxRatio": 0.2416953036,
    "incomeTaxExpense": 3000000,
    "netIncome": 419000000,
    "netIncomeRatio": 0.2399770905,
    "eps": 0.97,
    "epsdiluted": 0.97,
    "weightedAverageShsOut": 433000000,
    "weightedAverageShsOutDil": 434000000,
    "link": "https://www.sec.gov/Archives/edgar/data/1051470/000105147022000173/0001051470-22-000173-index.htm",
    "finalLink": "https://www.sec.gov/Archives/edgar/data/1051470/000105147022000173/cci-20220930.htm"
  },
  {
    "date": "2022-06-30",
    "symbol": "CCI",
    "reportedCurrency": "USD",
    "cik": "0001051470",
    "fillingDate": "2022-08-05",
    "acceptedDate": "2022-08-05 16:24:01",
    "calendarYear": "2022",
    "period": "Q2",
    "revenue": 1734000000,
    "costOfRevenue": 514000000,
    "grossProfit": 1220000000,
    "grossProfitRatio": 0.7035755479,
    "researchAndDevelopmentExpenses": 0,
    "generalAndAdministrativeExpenses": 0,
    "sellingAndMarketingExpenses": 0,
    "sellingGeneralAndAdministrativeExpenses": 190000000,
    "otherExpenses": 437000000,
    "operatingExpenses": 627000000,
    "costAndExpenses": 1141000000,
    "interestIncome": 0,
    "interestExpense": 158000000,
    "depreciationAndAmortization": 427000000,
    "ebitda": 1011000000,
    "ebitdaratio": 0.5830449827,
    "operatingIncome": 593000000,
    "operatingIncomeRatio": 0.3419838524,
    "totalOtherIncomeExpensesNet": -167000000,
    "incomeBeforeTax": 426000000,
    "incomeBeforeTaxRatio": 0.2456747405,
    "incomeTaxExpense": 5000000,
    "netIncome": 421000000,
    "netIncomeRatio": 0.2427912341,
    "eps": 0.97,
    "epsdiluted": 0.97,
    "weightedAverageShsOut": 433000000,
    "weightedAverageShsOutDil": 434000000,
    "link": "https://www.sec.gov/Archives/edgar/data/1051470/000105147022000153/0001051470-22-000153-index.htm",
    "finalLink": "https://www.sec.gov/Archives/edgar/data/1051470/000105147022000153/cci-20220630.htm"
  },
  {
    "date": "2022-03-31",
    "symbol": "CCI",
    "reportedCurrency": "USD",
    "cik": "0001051470",
    "fillingDate": "2022-04-29",
    "acceptedDate": "2022-04-29 16:17:54",
    "calendarYear": "2022",
    "period": "Q1",
    "revenue": 1742000000,
    "costOfRevenue": 509000000,
    "grossProfit": 1233000000,
    "grossProfitRatio": 0.7078071183,
    "researchAndDevelopmentExpenses": 0,
    "generalAndAdministrativeExpenses": 0,
    "sellingAndMarketingExpenses": 0,
    "sellingGeneralAndAdministrativeExpenses": 181000000,
    "otherExpenses": 434000000,
    "operatingExpenses": 615000000,
    "costAndExpenses": 1124000000,
    "interestIncome": 0,
    "interestExpense": 157000000,
    "depreciationAndAmortization": 420000000,
    "ebitda": 1004000000,
    "ebitdaratio": 0.5763490241,
    "operatingIncome": 618000000,
    "operatingIncomeRatio": 0.3547646383,
    "totalOtherIncomeExpensesNet": -191000000,
    "incomeBeforeTax": 427000000,
    "incomeBeforeTaxRatio": 0.2451205511,
    "incomeTaxExpense": 6000000,
    "netIncome": 421000000,
    "netIncomeRatio": 0.2416762342,
    "eps": 0.97,
    "epsdiluted": 0.97,
    "weightedAverageShsOut": 433000000,
    "weightedAverageShsOutDil": 434000000,
    "link": "https://www.sec.gov/Archives/edgar/data/1051470/000105147022000115/0001051470-22-000115-index.htm",
    "finalLink": "https://www.sec.gov/Archives/edgar/data/1051470/000105147022000115/cci-20220331.htm"
  },
  {
    "date": "2021-12-31",
    "symbol": "CCI",
    "reportedCurrency": "USD",
    "cik": "0001051470",
    "fillingDate": "2022-02-22",
    "acceptedDate": "2022-02-22 16:17:25",
    "calendarYear": "2021",
    "period": "Q4",
    "revenue": 1654000000,
    "costOfRevenue": 524000000,
    "grossProfit": 1130000000,
    "grossProfitRatio": 0.6831922612,
    "researchAndDevelopmentExpenses": 0,
    "generalAndAdministrativeExpenses": 0,
    "sellingAndMarketingExpenses": 0,
    "sellingGeneralAndAdministrativeExpenses": 180000000,
    "otherExpenses": 427000000,
    "operatingExpenses": 607000000,
    "costAndExpenses": 1131000000,
    "interestIncome": 0,
    "interestExpense": 158000000,
    "depreciationAndAmortization": 415000000,
    "ebitda": 927000000,
    "ebitdaratio": 0.5604594921,
    "operatingIncome": 523000000,
    "operatingIncomeRatio": 0.3162031439,
    "totalOtherIncomeExpensesNet": -169000000,
    "incomeBeforeTax": 354000000,
    "incomeBeforeTaxRatio": 0.2140266022,
    "incomeTaxExpense": 1000000,
    "netIncome": 353000000,
    "netIncomeRatio": 0.2134220073,
    "eps": 0.82,
    "epsdiluted": 0.81,
    "weightedAverageShsOut": 432000000,
    "weightedAverageShsOutDil": 434000000,
    "link": "https://www.sec.gov/Archives/edgar/data/1051470/000105147022000019/0001051470-22-000019-index.htm",
    "finalLink": "https://www.sec.gov/Archives/edgar/data/1051470/000105147022000019/cci-20211231.htm"
  },
  {
    "date": "2021-09-30",
    "symbol": "CCI",
    "reportedCurrency": "USD",
    "cik": "0001051470",
    "fillingDate": "2021-11-05",
    "acceptedDate": "2021-11-05 16:17:01",
    "calendarYear": "2021",
    "period": "Q3",
    "revenue": 1618000000,
    "costOfRevenue": 512000000,
    "grossProfit": 1106000000,
    "grossProfitRatio": 0.6835599506,
    "researchAndDevelopmentExpenses": 0,
    "generalAndAdministrativeExpenses": 0,
    "sellingAndMarketingExpenses": 0,
    "sellingGeneralAndAdministrativeExpenses": 167000000,
    "otherExpenses": 413000000,
    "operatingExpenses": 580000000,
    "costAndExpenses": 1092000000,
    "interestIncome": 0,
    "interestExpense": 0,
    "depreciationAndAmortization": 413000000,
    "ebitda": 928000000,
    "ebitdaratio": 0.5735475896,
    "operatingIncome": 526000000,
    "operatingIncomeRatio": 0.325092707,
    "totalOtherIncomeExpensesNet": -168000000,
    "incomeBeforeTax": 358000000,
    "incomeBeforeTaxRatio": 0.2212608158,
    "incomeTaxExpense": 7000000,
    "netIncome": 351000000,
    "netIncomeRatio": 0.216934487,
    "eps": 0.81,
    "epsdiluted": 0.81,
    "weightedAverageShsOut": 432000000,
    "weightedAverageShsOutDil": 434000000,
    "link": "https://www.sec.gov/Archives/edgar/data/1051470/000105147021000191/0001051470-21-000191-index.htm",
    "finalLink": "https://www.sec.gov/Archives/edgar/data/1051470/000105147021000191/cci-20210930.htm"
  },
  {
    "date": "2021-06-30",
    "symbol": "CCI",
    "reportedCurrency": "USD",
    "cik": "0001051470",
    "fillingDate": "2021-08-06",
    "acceptedDate": "2021-08-06 16:13:28",
    "calendarYear": "2021",
    "period": "Q2",
    "revenue": 1583000000,
    "costOfRevenue": 494000000,
    "grossProfit": 1089000000,
    "grossProfitRatio": 0.687934302,
    "researchAndDevelopmentExpenses": 0,
    "generalAndAdministrativeExpenses": 0,
    "sellingAndMarketingExpenses": 0,
    "sellingGeneralAndAdministrativeExpenses": 169000000,
    "otherExpenses": 415000000,
    "operatingExpenses": 584000000,
    "costAndExpenses": 1078000000,
    "interestIncome": 1000000,
    "interestExpense": 0,
    "depreciationAndAmortization": 408000000,
    "ebitda": 901000000,
    "ebitdaratio": 0.5691724574,
    "operatingIncome": 505000000,
    "operatingIncomeRatio": 0.3190145294,
    "totalOtherIncomeExpensesNet": -166000000,
    "incomeBeforeTax": 339000000,
    "incomeBeforeTaxRatio": 0.2141503474,
    "incomeTaxExpense": 6000000,
    "netIncome": 334000000,
    "netIncomeRatio": 0.2109917877,
    "eps": 0.77,
    "epsdiluted": 0.77,
    "weightedAverageShsOut": 432000000,
    "weightedAverageShsOutDil": 434000000,
    "link": "https://www.sec.gov/Archives/edgar/data/1051470/000105147021000171/0001051470-21-000171-index.htm",
    "finalLink": "https://www.sec.gov/Archives/edgar/data/1051470/000105147021000171/cci-20210630.htm"
  },
  {
    "date": "2021-03-31",
    "symbol": "CCI",
    "reportedCurrency": "USD",
    "cik": "0001051470",
    "fillingDate": "2021-05-03",
    "acceptedDate": "2021-05-03 16:15:48",
    "calendarYear": "2021",
    "period": "Q1",
    "revenue": 1485000000,
    "costOfRevenue": 462000000,
    "grossProfit": 1023000000,
    "grossProfitRatio": 0.6888888889,
    "researchAndDevelopmentExpenses": 0,
    "generalAndAdministrativeExpenses": 0,
    "sellingAndMarketingExpenses": 0,
    "sellingGeneralAndAdministrativeExpenses": 164000000,
    "otherExpenses": 411000000,
    "operatingExpenses": 575000000,
    "costAndExpenses": 1037000000,
    "interestIncome": 1000000,
    "interestExpense": 0,
    "depreciationAndAmortization": 408000000,
    "ebitda": 700000000,
    "ebitdaratio": 0.4713804714,
    "operatingIncome": 448000000,
    "operatingIncomeRatio": 0.3016835017,
    "totalOtherIncomeExpensesNet": -320000000,
    "incomeBeforeTax": 128000000,
    "incomeBeforeTaxRatio": 0.0861952862,
    "incomeTaxExpense": 7000000,
    "netIncome": 58000000,
    "netIncomeRatio": 0.0390572391,
    "eps": 0.13,
    "epsdiluted": 0.13,
    "weightedAverageShsOut": 432000000,
    "weightedAverageShsOutDil": 433000000,
    "link": "https://www.sec.gov/Archives/edgar/data/1051470/000105147021000134/0001051470-21-000134-index.htm",
    "finalLink": "https://www.sec.gov/Archives/edgar/data/1051470/000105147021000134/cci-20210331.htm"
  },
  {
    "date": "2020-12-31",
    "symbol": "CCI",
    "reportedCurrency": "USD",
    "cik": "0001051470",
    "fillingDate": "2021-02-22",
    "acceptedDate": "2021-02-22 16:20:53",
    "calendarYear": "2020",
    "period": "Q4",
    "revenue": 1493000000,
    "costOfRevenue": 522000000,
    "grossProfit": 971000000,
    "grossProfitRatio": 0.6503683858,
    "researchAndDevelopmentExpenses": 0,
    "generalAndAdministrativeExpenses": 0,
    "sellingAndMarketingExpenses": 0,
    "sellingGeneralAndAdministrativeExpenses": 185000000,
    "otherExpenses": 104000000,
    "operatingExpenses": 289000000,
    "costAndExpenses": 811000000,
    "interestIncome": 0,
    "interestExpense": 0,
    "depreciationAndAmortization": 401000000,
    "ebitda": 1075000000,
    "ebitdaratio": 0.7200267917,
    "operatingIncome": 682000000,
    "operatingIncomeRatio": 0.4567983925,
    "totalOtherIncomeExpensesNet": -170000000,
    "incomeBeforeTax": 512000000,
    "incomeBeforeTaxRatio": 0.3429336906,
    "incomeTaxExpense": 4000000,
    "netIncome": 508000000,
    "netIncomeRatio": 0.3402545211,
    "eps": 1.17,
    "epsdiluted": 1.17,
    "weightedAverageShsOut": 431000000,
    "weightedAverageShsOutDil": 433000000,
    "link": "https://www.sec.gov/Archives/edgar/data/1051470/000105147021000031/0001051470-21-000031-index.htm",
    "finalLink": "https://www.sec.gov/Archives/edgar/data/1051470/000105147021000031/cci-20201231.htm"
  },
  {
    "date": "2020-09-30",
    "symbol": "CCI",
    "reportedCurrency": "USD",
    "cik": "0001051470",
    "fillingDate": "2020-10-28",
    "acceptedDate": "2020-10-28 17:19:44",
    "calendarYear": "2020",
    "period": "Q3",
    "revenue": 1486000000,
    "costOfRevenue": 487000000,
    "grossProfit": 999000000,
    "grossProfitRatio": 0.6722745626,
    "researchAndDevelopmentExpenses": 0,
    "generalAndAdministrativeExpenses": 0,
    "sellingAndMarketingExpenses": 0,
    "sellingGeneralAndAdministrativeExpenses": 154000000,
    "otherExpenses": 411000000,
    "operatingExpenses": 565000000,
    "costAndExpenses": 1052000000,
    "interestIncome": 0,
    "interestExpense": 0,
    "depreciationAndAmortization": 406000000,
    "ebitda": 736000000,
    "ebitdaratio": 0.4952893674,
    "operatingIncome": 434000000,
    "operatingIncomeRatio": 0.2920592194,
    "totalOtherIncomeExpensesNet": -266000000,
    "incomeBeforeTax": 168000000,
    "incomeBeforeTaxRatio": 0.1130551817,
    "incomeTaxExpense": 5000000,
    "netIncome": 163000000,
    "netIncomeRatio": 0.1096904441,
    "eps": 0.38,
    "epsdiluted": 0.38,
    "weightedAverageShsOut": 427000000,
    "weightedAverageShsOutDil": 429000000,
    "link": "https://www.sec.gov/Archives/edgar/data/1051470/000105147020000157/0001051470-20-000157-index.htm",
    "finalLink": "https://www.sec.gov/Archives/edgar/data/1051470/000105147020000157/crowncastle10q093020.htm"
  },
  {
    "date": "2020-06-30",
    "symbol": "CCI",
    "reportedCurrency": "USD",
    "cik": "0001051470",
    "fillingDate": "2020-07-31",
    "acceptedDate": "2020-07-31 16:23:39",
    "calendarYear": "2020",
    "period": "Q2",
    "revenue": 1440000000,
    "costOfRevenue": 486000000,
    "grossProfit": 954000000,
    "grossProfitRatio": 0.6625,
    "researchAndDevelopmentExpenses": 0,
    "generalAndAdministrativeExpenses": 0,
    "sellingAndMarketingExpenses": 0,
    "sellingGeneralAndAdministrativeExpenses": 164000000,
    "otherExpenses": 407000000,
    "operatingExpenses": 571000000,
    "costAndExpenses": 1057000000,
    "interestIncome": 1000000,
    "interestExpense": 0,
    "depreciationAndAmortization": 402000000,
    "ebitda": 780000000,
    "ebitdaratio": 0.5416666667,
    "operatingIncome": 383000000,
    "operatingIncomeRatio": 0.2659722222,
    "totalOtherIncomeExpensesNet": -177000000,
    "incomeBeforeTax": 206000000,
    "incomeBeforeTaxRatio": 0.1430555556,
    "incomeTaxExpense": 6000000,
    "netIncome": 200000000,
    "netIncomeRatio": 0.1388888889,
    "eps": 0.41,
    "epsdiluted": 0.41,
    "weightedAverageShsOut": 417000000,
    "weightedAverageShsOutDil": 419000000,
    "link": "https://www.sec.gov/Archives/edgar/data/1051470/000105147020000132/0001051470-20-000132-index.htm",
    "finalLink": "https://www.sec.gov/Archives/edgar/data/1051470/000105147020000132/crowncastle10q063020.htm"
  },
  {
    "date": "2020-03-31",
    "symbol": "CCI",
    "reportedCurrency": "USD",
    "cik": "0001051470",
    "fillingDate": "2020-05-01",
    "acceptedDate": "2020-05-01 16:25:28",
    "calendarYear": "2020",
    "period": "Q1",
    "revenue": 1421000000,
    "costOfRevenue": 474000000,
    "grossProfit": 947000000,
    "grossProfitRatio": 0.6664320901,
    "researchAndDevelopmentExpenses": 0,
    "generalAndAdministrativeExpenses": 0,
    "sellingAndMarketingExpenses": 0,
    "sellingGeneralAndAdministrativeExpenses": 175000000,
    "otherExpenses": 408000000,
    "operatingExpenses": 583000000,
    "costAndExpenses": 1057000000,
    "interestIncome": 1000000,
    "interestExpense": 0,
    "depreciationAndAmortization": 399000000,
    "ebitda": 759000000,
    "ebitdaratio": 0.5341308937,
    "operatingIncome": 364000000,
    "operatingIncomeRatio": 0.2561576355,
    "totalOtherIncomeExpensesNet": -174000000,
    "incomeBeforeTax": 190000000,
    "incomeBeforeTaxRatio": 0.1337086559,
    "incomeTaxExpense": 5000000,
    "netIncome": 185000000,
    "netIncomeRatio": 0.130190007,
    "eps": 0.38,
    "epsdiluted": 0.38,
    "weightedAverageShsOut": 416000000,
    "weightedAverageShsOutDil": 418000000,
    "link": "https://www.sec.gov/Archives/edgar/data/1051470/000105147020000104/0001051470-20-000104-index.htm",
    "finalLink": "https://www.sec.gov/Archives/edgar/data/1051470/000105147020000104/crowncastle10q033120.htm"
  },
  {
    "date": "2019-12-31",
    "symbol": "CCI",
    "reportedCurrency": "USD",
    "cik": "0001051470",
    "fillingDate": "2020-03-10",
    "acceptedDate": "2020-03-10 16:51:05",
    "calendarYear": "2019",
    "period": "Q4",
    "revenue": 1345000000,
    "costOfRevenue": 481000000,
    "grossProfit": 864000000,
    "grossProfitRatio": 0.6423791822,
    "researchAndDevelopmentExpenses": 0,
    "generalAndAdministrativeExpenses": 457000000,
    "sellingAndMarketingExpenses": -300000000,
    "sellingGeneralAndAdministrativeExpenses": 157000000,
    "otherExpenses": 405000000,
    "operatingExpenses": 562000000,
    "costAndExpenses": 1043000000,
    "interestIncome": 1000000,
    "interestExpense": 173000000,
    "depreciationAndAmortization": 396000000,
    "ebitda": 686000000,
    "ebitdaratio": 0.5100371747,
    "operatingIncome": 302000000,
    "operatingIncomeRatio": 0.224535316,
    "totalOtherIncomeExpensesNet": -165000000,
    "incomeBeforeTax": 137000000,
    "incomeBeforeTaxRatio": 0.1018587361,
    "incomeTaxExpense": 6000000,
    "netIncome": 208000000,
    "netIncomeRatio": 0.1546468401,
    "eps": 0.43,
    "epsdiluted": 0.43,
    "weightedAverageShsOut": 416000000,
    "weightedAverageShsOutDil": 418000000,
    "link": "https://www.sec.gov/Archives/edgar/data/1051470/000105147020000077/0001051470-20-000077-index.htm",
    "finalLink": "https://www.sec.gov/Archives/edgar/data/1051470/000105147020000077/cci10k123119q4.htm"
  },
  {
    "date": "2019-09-30",
    "symbol": "CCI",
    "reportedCurrency": "USD",
    "cik": "0001051470",
    "fillingDate": "2019-11-04",
    "acceptedDate": "2019-11-04 16:29:52",
    "calendarYear": "2019",
    "period": "Q3",
    "revenue": 1482000000,
    "costOfRevenue": 515000000,
    "grossProfit": 967000000,
    "grossProfitRatio": 0.6524966262,
    "researchAndDevelopmentExpenses": 0,
    "generalAndAdministrativeExpenses": 150000000,
    "sellingAndMarketingExpenses": 0,
    "sellingGeneralAndAdministrativeExpenses": 150000000,
    "otherExpenses": 394000000,
    "operatingExpenses": 544000000,
    "costAndExpenses": 1059000000,
    "interestIncome": 2000000,
    "interestExpense": 173000000,
    "depreciationAndAmortization": 388000000,
    "ebitda": 803000000,
    "ebitdaratio": 0.5418353576,
    "operatingIncome": 423000000,
    "operatingIncomeRatio": 0.2854251012,
    "totalOtherIncomeExpensesNet": -176000000,
    "incomeBeforeTax": 247000000,
    "incomeBeforeTaxRatio": 0.1666666667,
    "incomeTaxExpense": 5000000,
    "netIncome": 242000000,
    "netIncomeRatio": 0.1632928475,
    "eps": 0.51,
    "epsdiluted": 0.51,
    "weightedAverageShsOut": 416000000,
    "weightedAverageShsOutDil": 418000000,
    "link": "https://www.sec.gov/Archives/edgar/data/1051470/000105147019000179/0001051470-19-000179-index.htm",
    "finalLink": "https://www.sec.gov/Archives/edgar/data/1051470/000105147019000179/crowncastle10q093019.htm"
  },
  {
    "date": "2019-06-30",
    "symbol": "CCI",
    "reportedCurrency": "USD",
    "cik": "0001051470",
    "fillingDate": "2019-07-31",
    "acceptedDate": "2019-07-31 16:29:27",
    "calendarYear": "2019",
    "period": "Q2",
    "revenue": 1447000000,
    "costOfRevenue": 502000000,
    "grossProfit": 945000000,
    "grossProfitRatio": 0.6530753283,
    "researchAndDevelopmentExpenses": 0,
    "generalAndAdministrativeExpenses": 155000000,
    "sellingAndMarketingExpenses": 0,
    "sellingGeneralAndAdministrativeExpenses": 155000000,
    "otherExpenses": 401000000,
    "operatingExpenses": 556000000,
    "costAndExpenses": 1058000000,
    "interestIncome": 1000000,
    "interestExpense": 169000000,
    "depreciationAndAmortization": 393000000,
    "ebitda": 777000000,
    "ebitdaratio": 0.5369730477,
    "operatingIncome": 389000000,
    "operatingIncomeRatio": 0.2688320663,
    "totalOtherIncomeExpensesNet": -169000000,
    "incomeBeforeTax": 220000000,
    "incomeBeforeTaxRatio": 0.1520387008,
    "incomeTaxExpense": 4000000,
    "netIncome": 216000000,
    "netIncomeRatio": 0.1492743607,
    "eps": 0.45,
    "epsdiluted": 0.45,
    "weightedAverageShsOut": 416000000,
    "weightedAverageShsOutDil": 418000000,
    "link": "https://www.sec.gov/Archives/edgar/data/1051470/000105147019000149/0001051470-19-000149-index.htm",
    "finalLink": "https://www.sec.gov/Archives/edgar/data/1051470/000105147019000149/crowncastle10q063019.htm"
  },
  {
    "date": "2019-03-31",
    "symbol": "CCI",
    "reportedCurrency": "USD",
    "cik": "0001051470",
    "fillingDate": "2019-05-03",
    "acceptedDate": "2019-05-03 16:31:28",
    "calendarYear": "2019",
    "period": "Q1",
    "revenue": 1408000000,
    "costOfRevenue": 485000000,
    "grossProfit": 923000000,
    "grossProfitRatio": 0.6555397727,
    "researchAndDevelopmentExpenses": 0,
    "generalAndAdministrativeExpenses": 152000000,
    "sellingAndMarketingExpenses": 0,
    "sellingGeneralAndAdministrativeExpenses": 152000000,
    "otherExpenses": 404000000,
    "operatingExpenses": 556000000,
    "costAndExpenses": 1041000000,
    "interestIncome": 2000000,
    "interestExpense": 0,
    "depreciationAndAmortization": 394000000,
    "ebitda": 756000000,
    "ebitdaratio": 0.5369318182,
    "operatingIncome": 367000000,
    "operatingIncomeRatio": 0.2606534091,
    "totalOtherIncomeExpensesNet": -168000000,
    "incomeBeforeTax": 199000000,
    "incomeBeforeTaxRatio": 0.1413352273,
    "incomeTaxExpense": 6000000,
    "netIncome": 193000000,
    "netIncomeRatio": 0.1370738636,
    "eps": 0.4,
    "epsdiluted": 0.4,
    "weightedAverageShsOut": 415000000,
    "weightedAverageShsOutDil": 417000000,
    "link": "https://www.sec.gov/Archives/edgar/data/1051470/000105147019000117/0001051470-19-000117-index.htm",
    "finalLink": "https://www.sec.gov/Archives/edgar/data/1051470/000105147019000117/crowncastle10q033119.htm"
  },
  {
    "date": "2018-12-31",
    "symbol": "CCI",
    "reportedCurrency": "USD",
    "cik": "0001051470",
    "fillingDate": "2019-02-25",
    "acceptedDate": "2019-02-25 16:31:01",
    "calendarYear": "2018",
    "period": "Q4",
    "revenue": 1419000000,
    "costOfRevenue": 486000000,
    "grossProfit": 933000000,
    "grossProfitRatio": 0.6575052854,
    "researchAndDevelopmentExpenses": 0,
    "generalAndAdministrativeExpenses": 145000000,
    "sellingAndMarketingExpenses": 0,
    "sellingGeneralAndAdministrativeExpenses": 145000000,
    "otherExpenses": 407000000,
    "operatingExpenses": 552000000,
    "costAndExpenses": 1038000000,
    "interestIncome": 1000000,
    "interestExpense": 0,
    "depreciationAndAmortization": 390000000,
    "ebitda": 756000000,
    "ebitdaratio": 0.532769556,
    "operatingIncome": 381000000,
    "operatingIncomeRatio": 0.2684989429,
    "totalOtherIncomeExpensesNet": -162000000,
    "incomeBeforeTax": 219000000,
    "incomeBeforeTaxRatio": 0.1543340381,
    "incomeTaxExpense": 6000000,
    "netIncome": 213000000,
    "netIncomeRatio": 0.1501057082,
    "eps": 0.33,
    "epsdiluted": 0.33,
    "weightedAverageShsOut": 415000000,
    "weightedAverageShsOutDil": 417000000,
    "link": "https://www.sec.gov/Archives/edgar/data/1051470/000105147019000046/0001051470-19-000046-index.htm",
    "finalLink": "https://www.sec.gov/Archives/edgar/data/1051470/000105147019000046/cci10-k123118.htm"
  },
  {
    "date": "2018-09-30",
    "symbol": "CCI",
    "reportedCurrency": "USD",
    "cik": "0001051470",
    "fillingDate": "2018-11-05",
    "acceptedDate": "2018-11-05 16:28:15",
    "calendarYear": "2018",
    "period": "Q3",
    "revenue": 1375000000,
    "costOfRevenue": 474000000,
    "grossProfit": 901000000,
    "grossProfitRatio": 0.6552727273,
    "researchAndDevelopmentExpenses": 0,
    "generalAndAdministrativeExpenses": 145000000,
    "sellingAndMarketingExpenses": 0,
    "sellingGeneralAndAdministrativeExpenses": 145000000,
    "otherExpenses": 397000000,
    "operatingExpenses": 542000000,
    "costAndExpenses": 1016000000,
    "interestIncome": 1000000,
    "interestExpense": 0,
    "depreciationAndAmortization": 385000000,
    "ebitda": 712000000,
    "ebitdaratio": 0.5178181818,
    "operatingIncome": 359000000,
    "operatingIncomeRatio": 0.2610909091,
    "totalOtherIncomeExpensesNet": -190000000,
    "incomeBeforeTax": 169000000,
    "incomeBeforeTaxRatio": 0.1229090909,
    "incomeTaxExpense": 5000000,
    "netIncome": 164000000,
    "netIncomeRatio": 0.1192727273,
    "eps": 0.33,
    "epsdiluted": 0.33,
    "weightedAverageShsOut": 415000000,
    "weightedAverageShsOutDil": 416000000,
    "link": "https://www.sec.gov/Archives/edgar/data/1051470/000105147018000189/0001051470-18-000189-index.htm",
    "finalLink": "https://www.sec.gov/Archives/edgar/data/1051470/000105147018000189/crowncastle10q093018.htm"
  },
  {
    "date": "2018-06-30",
    "symbol": "CCI",
    "reportedCurrency": "USD",
    "cik": "0001051470",
    "fillingDate": "2018-08-06",
    "acceptedDate": "2018-08-06 16:38:45",
    "calendarYear": "2018",
    "period": "Q2",
    "revenue": 1330000000,
    "costOfRevenue": 454000000,
    "grossProfit": 876000000,
    "grossProfitRatio": 0.6586466165,
    "researchAndDevelopmentExpenses": 0,
    "generalAndAdministrativeExpenses": 138000000,
    "sellingAndMarketingExpenses": 0,
    "sellingGeneralAndAdministrativeExpenses": 138000000,
    "otherExpenses": 393000000,
    "operatingExpenses": 531000000,
    "costAndExpenses": 985000000,
    "interestIncome": 1000000,
    "interestExpense": 0,
    "depreciationAndAmortization": 379000000,
    "ebitda": 721000000,
    "ebitdaratio": 0.5421052632,
    "operatingIncome": 345000000,
    "operatingIncomeRatio": 0.2593984962,
    "totalOtherIncomeExpensesNet": -160000000,
    "incomeBeforeTax": 185000000,
    "incomeBeforeTaxRatio": 0.1390977444,
    "incomeTaxExpense": 5000000,
    "netIncome": 180000000,
    "netIncomeRatio": 0.1353383459,
    "eps": 0.37,
    "epsdiluted": 0.36,
    "weightedAverageShsOut": 415000000,
    "weightedAverageShsOutDil": 416000000,
    "link": "https://www.sec.gov/Archives/edgar/data/1051470/000105147018000156/0001051470-18-000156-index.htm",
    "finalLink": "https://www.sec.gov/Archives/edgar/data/1051470/000105147018000156/crowncastle10q063018.htm"
  },
  {
    "date": "2018-03-31",
    "symbol": "CCI",
    "reportedCurrency": "USD",
    "cik": "0001051470",
    "fillingDate": "2018-05-04",
    "acceptedDate": "2018-05-04 16:20:04",
    "calendarYear": "2018",
    "period": "Q1",
    "revenue": 1299000000,
    "costOfRevenue": 433000000,
    "grossProfit": 866000000,
    "grossProfitRatio": 0.6666666667,
    "researchAndDevelopmentExpenses": 0,
    "generalAndAdministrativeExpenses": 134000000,
    "sellingAndMarketingExpenses": 0,
    "sellingGeneralAndAdministrativeExpenses": 134000000,
    "otherExpenses": 383000000,
    "operatingExpenses": 517000000,
    "costAndExpenses": 950000000,
    "interestIncome": 1000000,
    "interestExpense": 0,
    "depreciationAndAmortization": 374000000,
    "ebitda": 650000000,
    "ebitdaratio": 0.5003849115,
    "operatingIncome": 349000000,
    "operatingIncomeRatio": 0.2686682063,
    "totalOtherIncomeExpensesNet": -231000000,
    "incomeBeforeTax": 118000000,
    "incomeBeforeTaxRatio": 0.090839107,
    "incomeTaxExpense": 4000000,
    "netIncome": 114000000,
    "netIncomeRatio": 0.0877598152,
    "eps": 0.21,
    "epsdiluted": 0.21,
    "weightedAverageShsOut": 409000000,
    "weightedAverageShsOutDil": 410000000,
    "link": "https://www.sec.gov/Archives/edgar/data/1051470/000105147018000122/0001051470-18-000122-index.htm",
    "finalLink": "https://www.sec.gov/Archives/edgar/data/1051470/000105147018000122/crowncastle10q033118.htm"
  },
  {
    "date": "2017-12-31",
    "symbol": "CCI",
    "reportedCurrency": "USD",
    "cik": "0001051470",
    "fillingDate": "2018-02-26",
    "acceptedDate": "2018-02-26 16:34:57",
    "calendarYear": "2017",
    "period": "Q4",
    "revenue": 1238090000,
    "costOfRevenue": 438595000,
    "grossProfit": 799495000,
    "grossProfitRatio": 0.6457486936,
    "researchAndDevelopmentExpenses": 0,
    "generalAndAdministrativeExpenses": 127466000,
    "sellingAndMarketingExpenses": -1466000,
    "sellingGeneralAndAdministrativeExpenses": 126000000,
    "otherExpenses": 403600000,
    "operatingExpenses": 531066000,
    "costAndExpenses": 969661000,
    "interestIncome": 6176000,
    "interestExpense": 0,
    "depreciationAndAmortization": 362211000,
    "ebitda": 622072000,
    "ebitdaratio": 0.502444895,
    "operatingIncome": 268429000,
    "operatingIncomeRatio": 0.2168089557,
    "totalOtherIncomeExpensesNet": -155572000,
    "incomeBeforeTax": 112857000,
    "incomeBeforeTaxRatio": 0.0911541164,
    "incomeTaxExpense": 14753000,
    "netIncome": 98104000,
    "netIncomeRatio": 0.0792381814,
    "eps": 0.17,
    "epsdiluted": 0.17,
    "weightedAverageShsOut": 406278000,
    "weightedAverageShsOutDil": 408130000,
    "link": "https://www.sec.gov/Archives/edgar/data/1051470/000105147018000082/0001051470-18-000082-index.htm",
    "finalLink": "https://www.sec.gov/Archives/edgar/data/1051470/000105147018000082/cci10-k123117.htm"
  },
  {
    "date": "2017-09-30",
    "symbol": "CCI",
    "reportedCurrency": "USD",
    "cik": "0001051470",
    "fillingDate": "2017-11-07",
    "acceptedDate": "2017-11-06 18:15:15",
    "calendarYear": "2017",
    "period": "Q3",
    "revenue": 1063000000,
    "costOfRevenue": 388000000,
    "grossProfit": 675000000,
    "grossProfitRatio": 0.6349952963,
    "researchAndDevelopmentExpenses": 0,
    "generalAndAdministrativeExpenses": 100772000,
    "sellingAndMarketingExpenses": -772000,
    "sellingGeneralAndAdministrativeExpenses": 100000000,
    "otherExpenses": 314000000,
    "operatingExpenses": 414000000,
    "costAndExpenses": 802000000,
    "interestIncome": 11188000,
    "interestExpense": 0,
    "depreciationAndAmortization": 296000000,
    "ebitda": 566000000,
    "ebitdaratio": 0.5324553151,
    "operatingIncome": 261000000,
    "operatingIncomeRatio": 0.2455315146,
    "totalOtherIncomeExpensesNet": -143000000,
    "incomeBeforeTax": 118000000,
    "incomeBeforeTaxRatio": 0.1110065851,
    "incomeTaxExpense": 3000000,
    "netIncome": 115000000,
    "netIncomeRatio": 0.1081843838,
    "eps": 0.21,
    "epsdiluted": 0.21,
    "weightedAverageShsOut": 395359000,
    "weightedAverageShsOutDil": 397035000,
    "link": "https://www.sec.gov/Archives/edgar/data/1051470/000105147017000165/0001051470-17-000165-index.htm",
    "finalLink": "https://www.sec.gov/Archives/edgar/data/1051470/000105147017000165/crowncastle10q093017.htm"
  },
  {
    "date": "2017-06-30",
    "symbol": "CCI",
    "reportedCurrency": "USD",
    "cik": "0001051470",
    "fillingDate": "2017-08-07",
    "acceptedDate": "2017-08-07 16:30:56",
    "calendarYear": "2017",
    "period": "Q2",
    "revenue": 1038000000,
    "costOfRevenue": 373000000,
    "grossProfit": 665000000,
    "grossProfitRatio": 0.640655106,
    "researchAndDevelopmentExpenses": 0,
    "generalAndAdministrativeExpenses": 98000000,
    "sellingAndMarketingExpenses": 0,
    "sellingGeneralAndAdministrativeExpenses": 98000000,
    "otherExpenses": 308000000,
    "operatingExpenses": 406000000,
    "costAndExpenses": 779000000,
    "interestIncome": 1026999,
    "interestExpense": 0,
    "depreciationAndAmortization": 295000000,
    "ebitda": 552000000,
    "ebitdaratio": 0.5317919075,
    "operatingIncome": 259000000,
    "operatingIncomeRatio": 0.2495183044,
    "totalOtherIncomeExpensesNet": -142000000,
    "incomeBeforeTax": 117000000,
    "incomeBeforeTaxRatio": 0.112716763,
    "incomeTaxExpense": 5000000,
    "netIncome": 112114000,
    "netIncomeRatio": 0.1080096339,
    "eps": 0.31,
    "epsdiluted": 0.31,
    "weightedAverageShsOut": 364493000,
    "weightedAverageShsOutDil": 365832000,
    "link": "https://www.sec.gov/Archives/edgar/data/1051470/000105147017000140/0001051470-17-000140-index.htm",
    "finalLink": "https://www.sec.gov/Archives/edgar/data/1051470/000105147017000140/crowncastle10q063017.htm"
  },
  {
    "date": "2017-03-31",
    "symbol": "CCI",
    "reportedCurrency": "USD",
    "cik": "0001051470",
    "fillingDate": "2017-05-04",
    "acceptedDate": "2017-05-04 16:16:39",
    "calendarYear": "2017",
    "period": "Q1",
    "revenue": 1016000000,
    "costOfRevenue": 364000000,
    "grossProfit": 652000000,
    "grossProfitRatio": 0.6417322835,
    "researchAndDevelopmentExpenses": 0,
    "generalAndAdministrativeExpenses": 101000000,
    "sellingAndMarketingExpenses": 0,
    "sellingGeneralAndAdministrativeExpenses": 101000000,
    "otherExpenses": 296000000,
    "operatingExpenses": 397000000,
    "costAndExpenses": 761000000,
    "interestIncome": 370000,
    "interestExpense": 0,
    "depreciationAndAmortization": 289000000,
    "ebitda": 544000000,
    "ebitdaratio": 0.5354330709,
    "operatingIncome": 255000000,
    "operatingIncomeRatio": 0.250984252,
    "totalOtherIncomeExpensesNet": -132000000,
    "incomeBeforeTax": 123000000,
    "incomeBeforeTaxRatio": 0.1210629921,
    "incomeTaxExpense": 4000000,
    "netIncome": 119138000,
    "netIncomeRatio": 0.117261811,
    "eps": 0.33,
    "epsdiluted": 0.33,
    "weightedAverageShsOut": 360832000,
    "weightedAverageShsOutDil": 361727000,
    "link": "https://www.sec.gov/Archives/edgar/data/1051470/000105147017000099/0001051470-17-000099-index.htm",
    "finalLink": "https://www.sec.gov/Archives/edgar/data/1051470/000105147017000099/crowncastle10q033117.htm"
  },
  {
    "date": "2016-12-31",
    "symbol": "CCI",
    "reportedCurrency": "USD",
    "cik": "0001051470",
    "fillingDate": "2017-02-22",
    "acceptedDate": "2017-02-22 16:55:06",
    "calendarYear": "2016",
    "period": "Q4",
    "revenue": 1032416000,
    "costOfRevenue": 392232000,
    "grossProfit": 640184000,
    "grossProfitRatio": 0.6200833772,
    "researchAndDevelopmentExpenses": 0,
    "generalAndAdministrativeExpenses": 92122000,
    "sellingAndMarketingExpenses": 0,
    "sellingGeneralAndAdministrativeExpenses": 92122000,
    "otherExpenses": 286022000,
    "operatingExpenses": 378144000,
    "costAndExpenses": 770376000,
    "interestIncome": 342000,
    "interestExpense": 0,
    "depreciationAndAmortization": 273826000,
    "ebitda": 521946000,
    "ebitdaratio": 0.5055578372,
    "operatingIncome": 262040000,
    "operatingIncomeRatio": 0.2538124167,
    "totalOtherIncomeExpensesNet": -133246000,
    "incomeBeforeTax": 128794000,
    "incomeBeforeTaxRatio": 0.1247501007,
    "incomeTaxExpense": 4084000,
    "netIncome": 124710000,
    "netIncomeRatio": 0.120794331,
    "eps": 0.35,
    "epsdiluted": 0.35,
    "weightedAverageShsOut": 352116000,
    "weightedAverageShsOutDil": 352878000,
    "link": "https://www.sec.gov/Archives/edgar/data/1051470/000105147017000059/0001051470-17-000059-index.htm",
    "finalLink": "https://www.sec.gov/Archives/edgar/data/1051470/000105147017000059/cci10-k123116.htm"
  },
  {
    "date": "2016-09-30",
    "symbol": "CCI",
    "reportedCurrency": "USD",
    "cik": "0001051470",
    "fillingDate": "2016-11-01",
    "acceptedDate": "2016-11-01 15:49:55",
    "calendarYear": "2016",
    "period": "Q3",
    "revenue": 992016000,
    "costOfRevenue": 365978000,
    "grossProfit": 626038000,
    "grossProfitRatio": 0.6310765149,
    "researchAndDevelopmentExpenses": 0,
    "generalAndAdministrativeExpenses": 89941000,
    "sellingAndMarketingExpenses": 0,
    "sellingGeneralAndAdministrativeExpenses": 89941000,
    "otherExpenses": 291843000,
    "operatingExpenses": 381784000,
    "costAndExpenses": 747762000,
    "interestIncome": 175000,
    "interestExpense": 0,
    "depreciationAndAmortization": 280824000,
    "ebitda": 510847000,
    "ebitdaratio": 0.5149584281,
    "operatingIncome": 244254000,
    "operatingIncomeRatio": 0.246219819,
    "totalOtherIncomeExpensesNet": -140847000,
    "incomeBeforeTax": 103407000,
    "incomeBeforeTaxRatio": 0.1042392461,
    "incomeTaxExpense": 5041000,
    "netIncome": 98366000,
    "netIncomeRatio": 0.0991576749,
    "eps": 0.26,
    "epsdiluted": 0.26,
    "weightedAverageShsOut": 337564000,
    "weightedAverageShsOutDil": 338409000,
    "link": "https://www.sec.gov/Archives/edgar/data/1051470/000105147016000284/0001051470-16-000284-index.htm",
    "finalLink": "https://www.sec.gov/Archives/edgar/data/1051470/000105147016000284/crowncastle10q093016.htm"
  },
  {
    "date": "2016-06-30",
    "symbol": "CCI",
    "reportedCurrency": "USD",
    "cik": "0001051470",
    "fillingDate": "2016-08-04",
    "acceptedDate": "2016-08-04 16:18:19",
    "calendarYear": "2016",
    "period": "Q2",
    "revenue": 962409000,
    "costOfRevenue": 348719000,
    "grossProfit": 613690000,
    "grossProfitRatio": 0.6376602879,
    "researchAndDevelopmentExpenses": 0,
    "generalAndAdministrativeExpenses": 91386000,
    "sellingAndMarketingExpenses": 0,
    "sellingGeneralAndAdministrativeExpenses": 91386000,
    "otherExpenses": 291119000,
    "operatingExpenses": 382505000,
    "costAndExpenses": 731224000,
    "interestIncome": 105000,
    "interestExpense": 125580000,
    "depreciationAndAmortization": 276026000,
    "ebitda": 491548000,
    "ebitdaratio": 0.5107475096,
    "operatingIncome": 231185000,
    "operatingIncomeRatio": 0.240214919,
    "totalOtherIncomeExpensesNet": -141243000,
    "incomeBeforeTax": 89942000,
    "incomeBeforeTaxRatio": 0.0934550695,
    "incomeTaxExpense": 3884000,
    "netIncome": 86058000,
    "netIncomeRatio": 0.0894193633,
    "eps": 0.22,
    "epsdiluted": 0.22,
    "weightedAverageShsOut": 337560000,
    "weightedAverageShsOutDil": 338609000,
    "link": "https://www.sec.gov/Archives/edgar/data/1051470/000105147016000262/0001051470-16-000262-index.htm",
    "finalLink": "https://www.sec.gov/Archives/edgar/data/1051470/000105147016000262/crowncastle10q063016.htm"
  },
  {
    "date": "2016-03-31",
    "symbol": "CCI",
    "reportedCurrency": "USD",
    "cik": "0001051470",
    "fillingDate": "2016-05-09",
    "acceptedDate": "2016-05-09 16:20:25",
    "calendarYear": "2016",
    "period": "Q1",
    "revenue": 934384000,
    "costOfRevenue": 333592000,
    "grossProfit": 600792000,
    "grossProfitRatio": 0.6429819004,
    "researchAndDevelopmentExpenses": 0,
    "generalAndAdministrativeExpenses": 97581000,
    "sellingAndMarketingExpenses": 0,
    "sellingGeneralAndAdministrativeExpenses": 97581000,
    "otherExpenses": 291472000,
    "operatingExpenses": 389053000,
    "costAndExpenses": 722645000,
    "interestIncome": 174000,
    "interestExpense": 122167000,
    "depreciationAndAmortization": 277875000,
    "ebitda": 450859000,
    "ebitdaratio": 0.4825200346,
    "operatingIncome": 211739000,
    "operatingIncomeRatio": 0.2266081183,
    "totalOtherIncomeExpensesNet": -160027000,
    "incomeBeforeTax": 51712000,
    "incomeBeforeTaxRatio": 0.0553434134,
    "incomeTaxExpense": 3872000,
    "netIncome": 36843000,
    "netIncomeRatio": 0.0394302557,
    "eps": 0.11,
    "epsdiluted": 0.11,
    "weightedAverageShsOut": 334155000,
    "weightedAverageShsOutDil": 334929000,
    "link": "https://www.sec.gov/Archives/edgar/data/1051470/000105147016000233/0001051470-16-000233-index.htm",
    "finalLink": "https://www.sec.gov/Archives/edgar/data/1051470/000105147016000233/crowncastle10q033116.htm"
  },
  {
    "date": "2015-12-31",
    "symbol": "CCI",
    "reportedCurrency": "USD",
    "cik": "0001051470",
    "fillingDate": "2016-02-22",
    "acceptedDate": "2016-02-22 16:29:18",
    "calendarYear": "2015",
    "period": "Q4",
    "revenue": 945836000,
    "costOfRevenue": 342005000,
    "grossProfit": 603831000,
    "grossProfitRatio": 0.63840983,
    "researchAndDevelopmentExpenses": 0,
    "generalAndAdministrativeExpenses": 87041000,
    "sellingAndMarketingExpenses": 0,
    "sellingGeneralAndAdministrativeExpenses": 87041000,
    "otherExpenses": 287050000,
    "operatingExpenses": 374091000,
    "costAndExpenses": 716096000,
    "interestIncome": 736000,
    "interestExpense": 123731000,
    "depreciationAndAmortization": 269557000,
    "ebitda": 489131000,
    "ebitdaratio": 0.5171414495,
    "operatingIncome": 229740000,
    "operatingIncomeRatio": 0.2428962315,
    "totalOtherIncomeExpensesNet": -129092000,
    "incomeBeforeTax": 100648000,
    "incomeBeforeTaxRatio": 0.1064116824,
    "incomeTaxExpense": 42077000,
    "netIncome": 141062000,
    "netIncomeRatio": 0.14914002,
    "eps": 0.39,
    "epsdiluted": 0.39,
    "weightedAverageShsOut": 333107000,
    "weightedAverageShsOutDil": 334320000,
    "link": "https://www.sec.gov/Archives/edgar/data/1051470/000105147016000158/0001051470-16-000158-index.htm",
    "finalLink": "https://www.sec.gov/Archives/edgar/data/1051470/000105147016000158/cci10-k123115.htm"
  },
  {
    "date": "2015-09-30",
    "symbol": "CCI",
    "reportedCurrency": "USD",
    "cik": "0001051470",
    "fillingDate": "2015-11-06",
    "acceptedDate": "2015-11-06 16:15:57",
    "calendarYear": "2015",
    "period": "Q3",
    "revenue": 918107000,
    "costOfRevenue": 333859000,
    "grossProfit": 584248000,
    "grossProfitRatio": 0.636361557,
    "researchAndDevelopmentExpenses": 0,
    "generalAndAdministrativeExpenses": 76699000,
    "sellingAndMarketingExpenses": 0,
    "sellingGeneralAndAdministrativeExpenses": 76699000,
    "otherExpenses": 276747000,
    "operatingExpenses": 353446000,
    "costAndExpenses": 687305000,
    "interestIncome": 789000,
    "interestExpense": 120682000,
    "depreciationAndAmortization": 261662000,
    "ebitda": 483449000,
    "ebitdaratio": 0.5265715216,
    "operatingIncome": 230802000,
    "operatingIncomeRatio": 0.2513889993,
    "totalOtherIncomeExpensesNet": -130302000,
    "incomeBeforeTax": 100500000,
    "incomeBeforeTaxRatio": 0.1094643653,
    "incomeTaxExpense": 3801000,
    "netIncome": 103779000,
    "netIncomeRatio": 0.1130358444,
    "eps": 0.28,
    "epsdiluted": 0.28,
    "weightedAverageShsOut": 333049000,
    "weightedAverageShsOutDil": 333711000,
    "link": "https://www.sec.gov/Archives/edgar/data/1051470/000105147015000128/0001051470-15-000128-index.htm",
    "finalLink": "https://www.sec.gov/Archives/edgar/data/1051470/000105147015000128/crowncastle10q093015.htm"
  },
  {
    "date": "2015-06-30",
    "symbol": "CCI",
    "reportedCurrency": "USD",
    "cik": "0001051470",
    "fillingDate": "2015-08-07",
    "acceptedDate": "2015-08-07 16:14:53",
    "calendarYear": "2015",
    "period": "Q2",
    "revenue": 899437000,
    "costOfRevenue": 326431000,
    "grossProfit": 573006000,
    "grossProfitRatio": 0.6370718572,
    "researchAndDevelopmentExpenses": 0,
    "generalAndAdministrativeExpenses": 73125000,
    "sellingAndMarketingExpenses": 0,
    "sellingGeneralAndAdministrativeExpenses": 73125000,
    "otherExpenses": 259150000,
    "operatingExpenses": 332275000,
    "costAndExpenses": 658706000,
    "interestIncome": 325000,
    "interestExpense": 122017000,
    "depreciationAndAmortization": 253153000,
    "ebitda": 537933000,
    "ebitdaratio": 0.598077464,
    "operatingIncome": 240731000,
    "operatingIncomeRatio": 0.2676463165,
    "totalOtherIncomeExpensesNet": -78349000,
    "incomeBeforeTax": 162382000,
    "incomeBeforeTaxRatio": 0.1805373806,
    "incomeTaxExpense": 4144000,
    "netIncome": 154511000,
    "netIncomeRatio": 0.1717863508,
    "eps": 0.46,
    "epsdiluted": 0.46,
    "weightedAverageShsOut": 333091000,
    "weightedAverageShsOutDil": 333733000,
    "link": "https://www.sec.gov/Archives/edgar/data/1051470/000105147015000114/0001051470-15-000114-index.htm",
    "finalLink": "https://www.sec.gov/Archives/edgar/data/1051470/000105147015000114/crowncastle10q063015.htm"
  },
  {
    "date": "2015-03-31",
    "symbol": "CCI",
    "reportedCurrency": "USD",
    "cik": "0001051470",
    "fillingDate": "2015-05-08",
    "acceptedDate": "2015-05-08 16:07:51",
    "calendarYear": "2015",
    "period": "Q1",
    "revenue": 900471000,
    "costOfRevenue": 319131000,
    "grossProfit": 581340000,
    "grossProfitRatio": 0.6455954717,
    "researchAndDevelopmentExpenses": 0,
    "generalAndAdministrativeExpenses": 74056000,
    "sellingAndMarketingExpenses": 0,
    "sellingGeneralAndAdministrativeExpenses": 74056000,
    "otherExpenses": 262377000,
    "operatingExpenses": 336433000,
    "costAndExpenses": 655564000,
    "interestIncome": 56000,
    "interestExpense": 121822000,
    "depreciationAndAmortization": 251806000,
    "ebitda": 484808000,
    "ebitdaratio": 0.5383937961,
    "operatingIncome": 244907000,
    "operatingIncomeRatio": 0.2719765545,
    "totalOtherIncomeExpensesNet": -134608000,
    "incomeBeforeTax": 110299000,
    "incomeBeforeTaxRatio": 0.1224903412,
    "incomeTaxExpense": 1435000,
    "netIncome": 122787000,
    "netIncomeRatio": 0.136358639,
    "eps": 0.34,
    "epsdiluted": 0.34,
    "weightedAverageShsOut": 332712000,
    "weightedAverageShsOutDil": 333485000,
    "link": "https://www.sec.gov/Archives/edgar/data/1051470/000105147015000088/0001051470-15-000088-index.htm",
    "finalLink": "https://www.sec.gov/Archives/edgar/data/1051470/000105147015000088/crowncastle10q033115.htm"
  },
  {
    "date": "2014-12-31",
    "symbol": "CCI",
    "reportedCurrency": "USD",
    "cik": "0001051470",
    "fillingDate": "2015-02-19",
    "acceptedDate": "2015-02-19 16:15:12",
    "calendarYear": "2014",
    "period": "Q4",
    "revenue": 967564000,
    "costOfRevenue": 364945000,
    "grossProfit": 602619000,
    "grossProfitRatio": 0.622820816,
    "researchAndDevelopmentExpenses": 0,
    "generalAndAdministrativeExpenses": 70125000,
    "sellingAndMarketingExpenses": 0,
    "sellingGeneralAndAdministrativeExpenses": 70125000,
    "otherExpenses": 263790000,
    "operatingExpenses": 341089000,
    "costAndExpenses": 706034000,
    "interestIncome": 62000,
    "interestExpense": 120653000,
    "depreciationAndAmortization": 253776000,
    "ebitda": 516798000,
    "ebitdaratio": 0.5341228074,
    "operatingIncome": 261530000,
    "operatingIncomeRatio": 0.2702973653,
    "totalOtherIncomeExpensesNet": -119669000,
    "incomeBeforeTax": 141861000,
    "incomeBeforeTaxRatio": 0.1466166579,
    "incomeTaxExpense": 3126000,
    "netIncome": 113115000,
    "netIncomeRatio": 0.1169069953,
    "eps": 0.34,
    "epsdiluted": 0.34,
    "weightedAverageShsOut": 332416000,
    "weightedAverageShsOutDil": 333554000,
    "link": "https://www.sec.gov/Archives/edgar/data/1051470/000105147015000034/0001051470-15-000034-index.htm",
    "finalLink": "https://www.sec.gov/Archives/edgar/data/1051470/000105147015000034/cci10-k123114.htm"
  },
  {
    "date": "2014-09-30",
    "symbol": "CCI",
    "reportedCurrency": "USD",
    "cik": "0001051470",
    "fillingDate": "2014-11-07",
    "acceptedDate": "2014-11-07 16:25:41",
    "calendarYear": "2014",
    "period": "Q3",
    "revenue": 892883000,
    "costOfRevenue": 332413000,
    "grossProfit": 560470000,
    "grossProfitRatio": 0.6277082216,
    "researchAndDevelopmentExpenses": 0,
    "generalAndAdministrativeExpenses": 65212000,
    "sellingAndMarketingExpenses": 0,
    "sellingGeneralAndAdministrativeExpenses": 65212000,
    "otherExpenses": 256206000,
    "operatingExpenses": 321418000,
    "costAndExpenses": 653831000,
    "interestIncome": 107000,
    "interestExpense": 120558000,
    "depreciationAndAmortization": 247206000,
    "ebitda": 464942000,
    "ebitdaratio": 0.5207199599,
    "operatingIncome": 239052000,
    "operatingIncomeRatio": 0.2677304865,
    "totalOtherIncomeExpensesNet": -141874000,
    "incomeBeforeTax": 97178000,
    "incomeBeforeTaxRatio": 0.1088362081,
    "incomeTaxExpense": 1977000,
    "netIncome": 106937000,
    "netIncomeRatio": 0.1197659716,
    "eps": 0.29,
    "epsdiluted": 0.29,
    "weightedAverageShsOut": 332413000,
    "weightedAverageShsOutDil": 333241000,
    "link": "https://www.sec.gov/Archives/edgar/data/1051470/000105147014000048/0001051470-14-000048-index.htm",
    "finalLink": "https://www.sec.gov/Archives/edgar/data/1051470/000105147014000048/crowncastle10q093014.htm"
  },
  {
    "date": "2014-06-30",
    "symbol": "CCI",
    "reportedCurrency": "USD",
    "cik": "0001051470",
    "fillingDate": "2014-08-08",
    "acceptedDate": "2014-08-08 16:02:33",
    "calendarYear": "2014",
    "period": "Q2",
    "revenue": 878242000,
    "costOfRevenue": 328933000,
    "grossProfit": 549309000,
    "grossProfitRatio": 0.6254642798,
    "researchAndDevelopmentExpenses": 0,
    "generalAndAdministrativeExpenses": 63318000,
    "sellingAndMarketingExpenses": 0,
    "sellingGeneralAndAdministrativeExpenses": 63318000,
    "otherExpenses": 268813000,
    "operatingExpenses": 332131000,
    "costAndExpenses": 661064000,
    "interestIncome": 108000,
    "interestExpense": 123034000,
    "depreciationAndAmortization": 241568000,
    "ebitda": 391637000,
    "ebitdaratio": 0.4459328978,
    "operatingIncome": 217178000,
    "operatingIncomeRatio": 0.2472871942,
    "totalOtherIncomeExpensesNet": -194975000,
    "incomeBeforeTax": 22203000,
    "incomeBeforeTaxRatio": 0.0252811867,
    "incomeTaxExpense": 3101000,
    "netIncome": 12959000,
    "netIncomeRatio": 0.0147556141,
    "eps": 0.039,
    "epsdiluted": 0.0389,
    "weightedAverageShsOut": 332344000,
    "weightedAverageShsOutDil": 333081000,
    "link": "https://www.sec.gov/Archives/edgar/data/1051470/000105147014000036/0001051470-14-000036-index.htm",
    "finalLink": "https://www.sec.gov/Archives/edgar/data/1051470/000105147014000036/crowncastle10q063014.htm"
  },
  {
    "date": "2014-03-31",
    "symbol": "CCI",
    "reportedCurrency": "USD",
    "cik": "0001051470",
    "fillingDate": "2014-05-06",
    "acceptedDate": "2014-05-06 16:32:07",
    "calendarYear": "2014",
    "period": "Q1",
    "revenue": 875950000,
    "costOfRevenue": 300950000,
    "grossProfit": 575000000,
    "grossProfitRatio": 0.6564301615,
    "researchAndDevelopmentExpenses": 0,
    "generalAndAdministrativeExpenses": 58641000,
    "sellingAndMarketingExpenses": 0,
    "sellingGeneralAndAdministrativeExpenses": 58641000,
    "otherExpenses": 258583000,
    "operatingExpenses": 323432000,
    "costAndExpenses": 624382000,
    "interestIncome": 173000,
    "interestExpense": 124564000,
    "depreciationAndAmortization": 250191000,
    "ebitda": 477360000,
    "ebitdaratio": 0.544962612,
    "operatingIncome": 251568000,
    "operatingIncomeRatio": 0.2871944746,
    "totalOtherIncomeExpensesNet": -148963000,
    "incomeBeforeTax": 102605000,
    "incomeBeforeTaxRatio": 0.1171356813,
    "incomeTaxExpense": 3040000,
    "netIncome": 80932000,
    "netIncomeRatio": 0.0923934014,
    "eps": 0.24,
    "epsdiluted": 0.24,
    "weightedAverageShsOut": 332034000,
    "weightedAverageShsOutDil": 333045000,
    "link": "https://www.sec.gov/Archives/edgar/data/1051470/000105147014000013/0001051470-14-000013-index.htm",
    "finalLink": "https://www.sec.gov/Archives/edgar/data/1051470/000105147014000013/crowncastle10q033114.htm"
  },
  {
    "date": "2013-12-31",
    "symbol": "CCI",
    "reportedCurrency": "USD",
    "cik": "0001051470",
    "fillingDate": "2014-02-24",
    "acceptedDate": "2014-02-24 17:08:26",
    "calendarYear": "2013",
    "period": "Q4",
    "revenue": 798419000,
    "costOfRevenue": 278635000,
    "grossProfit": 519784000,
    "grossProfitRatio": 0.6510165715,
    "researchAndDevelopmentExpenses": 0,
    "generalAndAdministrativeExpenses": 67163000,
    "sellingAndMarketingExpenses": 0,
    "sellingGeneralAndAdministrativeExpenses": 67163000,
    "otherExpenses": 218674000,
    "operatingExpenses": 285837000,
    "costAndExpenses": 564472000,
    "interestIncome": 494000,
    "interestExpense": 142989000,
    "depreciationAndAmortization": 201697000,
    "ebitda": 409827000,
    "ebitdaratio": 0.5132981555,
    "operatingIncome": 233947000,
    "operatingIncomeRatio": 0.2930128166,
    "totalOtherIncomeExpensesNet": -146254000,
    "incomeBeforeTax": 87693000,
    "incomeBeforeTaxRatio": 0.1098333081,
    "incomeTaxExpense": 110374000,
    "netIncome": -34909000,
    "netIncomeRatio": -0.0437226569,
    "eps": -0.11,
    "epsdiluted": -0.11,
    "weightedAverageShsOut": 309257618,
    "weightedAverageShsOutDil": 319634000,
    "link": "https://www.sec.gov/Archives/edgar/data/1051470/000105147014000008/0001051470-14-000008-index.htm",
    "finalLink": "https://www.sec.gov/Archives/edgar/data/1051470/000105147014000008/cci10-k123113.htm"
  },
  {
    "date": "2013-09-30",
    "symbol": "CCI",
    "reportedCurrency": "USD",
    "cik": "0001051470",
    "fillingDate": "2013-11-08",
    "acceptedDate": "2013-11-08 17:19:17",
    "calendarYear": "2013",
    "period": "Q3",
    "revenue": 748977000,
    "costOfRevenue": 263964000,
    "grossProfit": 485013000,
    "grossProfitRatio": 0.6475672818,
    "researchAndDevelopmentExpenses": 0,
    "generalAndAdministrativeExpenses": 58504000,
    "sellingAndMarketingExpenses": 0,
    "sellingGeneralAndAdministrativeExpenses": 58504000,
    "otherExpenses": 203670000,
    "operatingExpenses": 262174000,
    "costAndExpenses": 526138000,
    "interestIncome": 236000,
    "interestExpense": 142016000,
    "depreciationAndAmortization": 195408000,
    "ebitda": 396263000,
    "ebitdaratio": 0.5290723213,
    "operatingIncome": 222839000,
    "operatingIncomeRatio": 0.2975244901,
    "totalOtherIncomeExpensesNet": -142412000,
    "incomeBeforeTax": 80427000,
    "incomeBeforeTaxRatio": 0.1073824697,
    "incomeTaxExpense": 33959000,
    "netIncome": 45836000,
    "netIncomeRatio": 0.0611981409,
    "eps": 0.16,
    "epsdiluted": 0.16,
    "weightedAverageShsOut": 290372000,
    "weightedAverageShsOutDil": 291378000,
    "link": "https://www.sec.gov/Archives/edgar/data/1051470/000105147013000029/0001051470-13-000029-index.htm",
    "finalLink": "https://www.sec.gov/Archives/edgar/data/1051470/000105147013000029/crowncastle10q093013.htm"
  },
  {
    "date": "2013-06-30",
    "symbol": "CCI",
    "reportedCurrency": "USD",
    "cik": "0001051470",
    "fillingDate": "2013-08-06",
    "acceptedDate": "2013-08-06 16:17:05",
    "calendarYear": "2013",
    "period": "Q2",
    "revenue": 734928000,
    "costOfRevenue": 249214000,
    "grossProfit": 485714000,
    "grossProfitRatio": 0.6609001154,
    "researchAndDevelopmentExpenses": 0,
    "generalAndAdministrativeExpenses": 54790000,
    "sellingAndMarketingExpenses": 0,
    "sellingGeneralAndAdministrativeExpenses": 54790000,
    "otherExpenses": 200963000,
    "operatingExpenses": 255753000,
    "costAndExpenses": 504967000,
    "interestIncome": 328000,
    "interestExpense": 140256000,
    "depreciationAndAmortization": 190651000,
    "ebitda": 399615000,
    "ebitdaratio": 0.5437471426,
    "operatingIncome": 229961000,
    "operatingIncomeRatio": 0.3129027605,
    "totalOtherIncomeExpensesNet": -139998000,
    "incomeBeforeTax": 89963000,
    "incomeBeforeTaxRatio": 0.1224106307,
    "incomeTaxExpense": 36587000,
    "netIncome": 52359000,
    "netIncomeRatio": 0.0712437137,
    "eps": 0.18,
    "epsdiluted": 0.18,
    "weightedAverageShsOut": 291225000,
    "weightedAverageShsOutDil": 292706000,
    "link": "https://www.sec.gov/Archives/edgar/data/1051470/000105147013000025/0001051470-13-000025-index.htm",
    "finalLink": "https://www.sec.gov/Archives/edgar/data/1051470/000105147013000025/crowncastle10q063013.htm"
  },
  {
    "date": "2013-03-31",
    "symbol": "CCI",
    "reportedCurrency": "USD",
    "cik": "0001051470",
    "fillingDate": "2013-05-03",
    "acceptedDate": "2013-05-03 16:43:40",
    "calendarYear": "2013",
    "period": "Q1",
    "revenue": 740060000,
    "costOfRevenue": 254983000,
    "grossProfit": 485077000,
    "grossProfitRatio": 0.6554563144,
    "researchAndDevelopmentExpenses": 0,
    "generalAndAdministrativeExpenses": 58246000,
    "sellingAndMarketingExpenses": 0,
    "sellingGeneralAndAdministrativeExpenses": 58246000,
    "otherExpenses": 191776000,
    "operatingExpenses": 250022000,
    "costAndExpenses": 505005000,
    "interestIncome": 297000,
    "interestExpense": 164369000,
    "depreciationAndAmortization": 186459000,
    "ebitda": 359789000,
    "ebitdaratio": 0.4861619328,
    "operatingIncome": 235055000,
    "operatingIncomeRatio": 0.3176161392,
    "totalOtherIncomeExpensesNet": -200610000,
    "incomeBeforeTax": 34445000,
    "incomeBeforeTaxRatio": 0.0465435235,
    "incomeTaxExpense": 17708000,
    "netIncome": 15462000,
    "netIncomeRatio": 0.0208929006,
    "eps": 0.05,
    "epsdiluted": 0.05,
    "weightedAverageShsOut": 291102000,
    "weightedAverageShsOutDil": 292570000,
    "link": "https://www.sec.gov/Archives/edgar/data/1051470/000105147013000015/0001051470-13-000015-index.htm",
    "finalLink": "https://www.sec.gov/Archives/edgar/data/1051470/000105147013000015/crowncastle10q033113.htm"
  },
  {
    "date": "2012-12-31",
    "symbol": "CCI",
    "reportedCurrency": "USD",
    "cik": "0001051470",
    "fillingDate": "2013-02-12",
    "acceptedDate": "2013-02-12 16:52:54",
    "calendarYear": "2012",
    "period": "Q4",
    "revenue": 674087000,
    "costOfRevenue": 217421000,
    "grossProfit": 456666000,
    "grossProfitRatio": 0.6774585476,
    "researchAndDevelopmentExpenses": 0,
    "generalAndAdministrativeExpenses": 58631000,
    "sellingAndMarketingExpenses": 0,
    "sellingGeneralAndAdministrativeExpenses": 58631000,
    "otherExpenses": 189327000,
    "operatingExpenses": 247958000,
    "costAndExpenses": 465379000,
    "interestIncome": 3529000,
    "interestExpense": 173683000,
    "depreciationAndAmortization": 175843000,
    "ebitda": 254354000,
    "ebitdaratio": 0.377331116,
    "operatingIncome": 208708000,
    "operatingIncomeRatio": 0.3096158211,
    "totalOtherIncomeExpensesNet": -288976000,
    "incomeBeforeTax": -80268000,
    "incomeBeforeTaxRatio": -0.1190766177,
    "incomeTaxExpense": 70624000,
    "netIncome": -19505000,
    "netIncomeRatio": -0.0289354342,
    "eps": -0.0683,
    "epsdiluted": -0.0671,
    "weightedAverageShsOut": 285599238,
    "weightedAverageShsOutDil": 290816000,
    "link": "https://www.sec.gov/Archives/edgar/data/1051470/000105147013000007/0001051470-13-000007-index.htm",
    "finalLink": "https://www.sec.gov/Archives/edgar/data/1051470/000105147013000007/cci10-k123112.htm"
  },
  {
    "date": "2012-09-30",
    "symbol": "CCI",
    "reportedCurrency": "USD",
    "cik": "0001051470",
    "fillingDate": "2012-11-02",
    "acceptedDate": "2012-11-02 16:12:41",
    "calendarYear": "2012",
    "period": "Q3",
    "revenue": 621337000,
    "costOfRevenue": 185343000,
    "grossProfit": 435994000,
    "grossProfitRatio": 0.7017029406,
    "researchAndDevelopmentExpenses": 0,
    "generalAndAdministrativeExpenses": 55862000,
    "sellingAndMarketingExpenses": 0,
    "sellingGeneralAndAdministrativeExpenses": 55862000,
    "otherExpenses": 159364000,
    "operatingExpenses": 215226000,
    "costAndExpenses": 400569000,
    "interestIncome": 291000,
    "interestExpense": 144949000,
    "depreciationAndAmortization": 154867000,
    "ebitda": 353701000,
    "ebitdaratio": 0.5692579067,
    "operatingIncome": 220768000,
    "operatingIncomeRatio": 0.3553112079,
    "totalOtherIncomeExpensesNet": -145290000,
    "incomeBeforeTax": 75478000,
    "incomeBeforeTaxRatio": 0.1214767509,
    "incomeTaxExpense": 32300000,
    "netIncome": 42045000,
    "netIncomeRatio": 0.0676685921,
    "eps": 0.14,
    "epsdiluted": 0.14,
    "weightedAverageShsOut": 290762000,
    "weightedAverageShsOutDil": 292098000,
    "link": "https://www.sec.gov/Archives/edgar/data/1051470/000105147012000028/0001051470-12-000028-index.htm",
    "finalLink": "https://www.sec.gov/Archives/edgar/data/1051470/000105147012000028/crowncastle10q093012.htm"
  },
  {
    "date": "2012-06-30",
    "symbol": "CCI",
    "reportedCurrency": "USD",
    "cik": "0001051470",
    "fillingDate": "2012-08-06",
    "acceptedDate": "2012-08-06 16:33:57",
    "calendarYear": "2012",
    "period": "Q2",
    "revenue": 585511000,
    "costOfRevenue": 171833000,
    "grossProfit": 413678000,
    "grossProfitRatio": 0.706524728,
    "researchAndDevelopmentExpenses": 0,
    "generalAndAdministrativeExpenses": 47078000,
    "sellingAndMarketingExpenses": 0,
    "sellingGeneralAndAdministrativeExpenses": 47078000,
    "otherExpenses": 163623000,
    "operatingExpenses": 210701000,
    "costAndExpenses": 382534000,
    "interestIncome": 382000,
    "interestExpense": 144940000,
    "depreciationAndAmortization": 152482000,
    "ebitda": 324477000,
    "ebitdaratio": 0.5541774621,
    "operatingIncome": 202977000,
    "operatingIncomeRatio": 0.3466664162,
    "totalOtherIncomeExpensesNet": -154325000,
    "incomeBeforeTax": 48652000,
    "incomeBeforeTaxRatio": 0.0830932297,
    "incomeTaxExpense": -68432000,
    "netIncome": 116013000,
    "netIncomeRatio": 0.1981397446,
    "eps": 0.4,
    "epsdiluted": 0.4,
    "weightedAverageShsOut": 290649000,
    "weightedAverageShsOutDil": 291203000,
    "link": "https://www.sec.gov/Archives/edgar/data/1051470/000105147012000022/0001051470-12-000022-index.htm",
    "finalLink": "https://www.sec.gov/Archives/edgar/data/1051470/000105147012000022/crowncastle10q063012.htm"
  },
  {
    "date": "2012-03-31",
    "symbol": "CCI",
    "reportedCurrency": "USD",
    "cik": "0001051470",
    "fillingDate": "2012-05-03",
    "acceptedDate": "2012-05-03 16:32:34",
    "calendarYear": "2012",
    "period": "Q1",
    "revenue": 551745000,
    "costOfRevenue": 154392000,
    "grossProfit": 397353000,
    "grossProfitRatio": 0.7201750809,
    "researchAndDevelopmentExpenses": 0,
    "generalAndAdministrativeExpenses": 51001000,
    "sellingAndMarketingExpenses": 0,
    "sellingGeneralAndAdministrativeExpenses": 51001000,
    "otherExpenses": 144124000,
    "operatingExpenses": 195125000,
    "costAndExpenses": 349517000,
    "interestIncome": 354000,
    "interestExpense": 137472000,
    "depreciationAndAmortization": 139400000,
    "ebitda": 313135000,
    "ebitdaratio": 0.5675357276,
    "operatingIncome": 202228000,
    "operatingIncomeRatio": 0.3665243908,
    "totalOtherIncomeExpensesNet": -145263000,
    "incomeBeforeTax": 56965000,
    "incomeBeforeTaxRatio": 0.1032451585,
    "incomeTaxExpense": 6695000,
    "netIncome": 50031000,
    "netIncomeRatio": 0.0906777587,
    "eps": 0.17,
    "epsdiluted": 0.17,
    "weightedAverageShsOut": 284913000,
    "weightedAverageShsOutDil": 285853000,
    "link": "https://www.sec.gov/Archives/edgar/data/1051470/000105147012000015/0001051470-12-000015-index.htm",
    "finalLink": "https://www.sec.gov/Archives/edgar/data/1051470/000105147012000015/crowncastle10q033112.htm"
  },
  {
    "date": "2011-12-31",
    "symbol": "CCI",
    "reportedCurrency": "USD",
    "cik": "0001051470",
    "fillingDate": "2012-02-13",
    "acceptedDate": "2012-02-13 16:34:07",
    "calendarYear": "2011",
    "period": "Q4",
    "revenue": 519471000,
    "costOfRevenue": 148855000,
    "grossProfit": 370616000,
    "grossProfitRatio": 0.713448874,
    "researchAndDevelopmentExpenses": 0,
    "generalAndAdministrativeExpenses": 173493000,
    "sellingAndMarketingExpenses": -128925000,
    "sellingGeneralAndAdministrativeExpenses": 44568000,
    "otherExpenses": 149202000,
    "operatingExpenses": 193770000,
    "costAndExpenses": 342625000,
    "interestIncome": 0,
    "interestExpense": 96690000,
    "depreciationAndAmortization": 138964000,
    "ebitda": 285177000,
    "ebitdaratio": 0.548975785,
    "operatingIncome": 176846000,
    "operatingIncomeRatio": 0.3404347885,
    "totalOtherIncomeExpensesNet": -127323000,
    "incomeBeforeTax": 49523000,
    "incomeBeforeTaxRatio": 0.095333522,
    "incomeTaxExpense": 584000,
    "netIncome": 48911000,
    "netIncomeRatio": 0.0941554004,
    "eps": 0.17,
    "epsdiluted": 0.17,
    "weightedAverageShsOut": 280974000,
    "weightedAverageShsOutDil": 284913000,
    "link": "https://www.sec.gov/Archives/edgar/data/1051470/000105147012000007/0001051470-12-000007-index.htm",
    "finalLink": "https://www.sec.gov/Archives/edgar/data/1051470/000105147012000007/cci10-k123111.htm"
  },
  {
    "date": "2011-09-30",
    "symbol": "CCI",
    "reportedCurrency": "USD",
    "cik": "0001051470",
    "fillingDate": "2011-11-03",
    "acceptedDate": "2011-11-03 16:06:00",
    "calendarYear": "2011",
    "period": "Q3",
    "revenue": 513883000,
    "costOfRevenue": 146842000,
    "grossProfit": 367041000,
    "grossProfitRatio": 0.7142501309,
    "researchAndDevelopmentExpenses": 0,
    "generalAndAdministrativeExpenses": 42922000,
    "sellingAndMarketingExpenses": 0,
    "sellingGeneralAndAdministrativeExpenses": 42922000,
    "otherExpenses": 142230000,
    "operatingExpenses": 185152000,
    "costAndExpenses": 331994000,
    "interestIncome": 175000,
    "interestExpense": 127119000,
    "depreciationAndAmortization": 138523000,
    "ebitda": 294111000,
    "ebitdaratio": 0.5723306667,
    "operatingIncome": 181889000,
    "operatingIncomeRatio": 0.3539502182,
    "totalOtherIncomeExpensesNet": -127681000,
    "incomeBeforeTax": 54208000,
    "incomeBeforeTaxRatio": 0.1054870467,
    "incomeTaxExpense": 2825000,
    "netIncome": 51278000,
    "netIncomeRatio": 0.0997853597,
    "eps": 0.16,
    "epsdiluted": 0.15,
    "weightedAverageShsOut": 282031000,
    "weightedAverageShsOutDil": 283899000,
    "link": "https://www.sec.gov/Archives/edgar/data/1051470/000105147011000006/0001051470-11-000006-index.htm",
    "finalLink": "https://www.sec.gov/Archives/edgar/data/1051470/000105147011000006/crowncastle10q093011.htm"
  },
  {
    "date": "2011-06-30",
    "symbol": "CCI",
    "reportedCurrency": "USD",
    "cik": "0001051470",
    "fillingDate": "2011-08-05",
    "acceptedDate": "2011-08-05 16:01:36",
    "calendarYear": "2011",
    "period": "Q2",
    "revenue": 500336000,
    "costOfRevenue": 147049000,
    "grossProfit": 353287000,
    "grossProfitRatio": 0.7060995011,
    "researchAndDevelopmentExpenses": 0,
    "generalAndAdministrativeExpenses": 41259000,
    "sellingAndMarketingExpenses": 0,
    "sellingGeneralAndAdministrativeExpenses": 41259000,
    "otherExpenses": 144886000,
    "operatingExpenses": 186145000,
    "costAndExpenses": 333194000,
    "interestIncome": 208000,
    "interestExpense": 126483000,
    "depreciationAndAmortization": 138191000,
    "ebitda": 301443000,
    "ebitdaratio": 0.6024811327,
    "operatingIncome": 167142000,
    "operatingIncomeRatio": 0.334059512,
    "totalOtherIncomeExpensesNet": -130373000,
    "incomeBeforeTax": 36769000,
    "incomeBeforeTaxRatio": 0.0734886157,
    "incomeTaxExpense": 5755000,
    "netIncome": 30871000,
    "netIncomeRatio": 0.0617005372,
    "eps": 0.09,
    "epsdiluted": 0.09,
    "weightedAverageShsOut": 285280000,
    "weightedAverageShsOutDil": 287026000,
    "link": "https://www.sec.gov/Archives/edgar/data/1051470/000144530511002377/0001445305-11-002377-index.htm",
    "finalLink": "https://www.sec.gov/Archives/edgar/data/1051470/000144530511002377/crowncastle10q063011.htm"
  },
  {
    "date": "2011-03-31",
    "symbol": "CCI",
    "reportedCurrency": "USD",
    "cik": "0001051470",
    "fillingDate": "2011-05-06",
    "acceptedDate": "2011-05-06 16:17:20",
    "calendarYear": "2011",
    "period": "Q1",
    "revenue": 499039000,
    "costOfRevenue": 145639000,
    "grossProfit": 353400000,
    "grossProfitRatio": 0.7081610856,
    "researchAndDevelopmentExpenses": 0,
    "generalAndAdministrativeExpenses": 44744000,
    "sellingAndMarketingExpenses": 0,
    "sellingGeneralAndAdministrativeExpenses": 44744000,
    "otherExpenses": 142228000,
    "operatingExpenses": 186972000,
    "costAndExpenses": 332611000,
    "interestIncome": 171000,
    "interestExpense": 127121000,
    "depreciationAndAmortization": 137273000,
    "ebitda": 277465000,
    "ebitdaratio": 0.5559986294,
    "operatingIncome": 166428000,
    "operatingIncomeRatio": 0.3334969812,
    "totalOtherIncomeExpensesNet": -127121000,
    "incomeBeforeTax": 39307000,
    "incomeBeforeTaxRatio": 0.0787653871,
    "incomeTaxExpense": -817000,
    "netIncome": 40017000,
    "netIncomeRatio": 0.0801881216,
    "eps": 0.12,
    "epsdiluted": 0.12,
    "weightedAverageShsOut": 286998000,
    "weightedAverageShsOutDil": 289005000,
    "link": "https://www.sec.gov/Archives/edgar/data/1051470/000144530511000835/0001445305-11-000835-index.htm",
    "finalLink": "https://www.sec.gov/Archives/edgar/data/1051470/000144530511000835/crowncastle10q033111.htm"
  },
  {
    "date": "2010-12-31",
    "symbol": "CCI",
    "reportedCurrency": "USD",
    "cik": "0001051470",
    "fillingDate": "2011-02-15",
    "acceptedDate": "2011-02-15 16:18:14",
    "calendarYear": "2010",
    "period": "Q4",
    "revenue": 496314000,
    "costOfRevenue": 152934000,
    "grossProfit": 343380000,
    "grossProfitRatio": 0.6918603948,
    "researchAndDevelopmentExpenses": 0,
    "generalAndAdministrativeExpenses": 165356000,
    "sellingAndMarketingExpenses": -121449000,
    "sellingGeneralAndAdministrativeExpenses": 43907000,
    "otherExpenses": 143321000,
    "operatingExpenses": 187228000,
    "costAndExpenses": 340162000,
    "interestIncome": 616000,
    "interestExpense": 125947000,
    "depreciationAndAmortization": 137259000,
    "ebitda": 299887000,
    "ebitdaratio": 0.6042283716,
    "operatingIncome": 156152000,
    "operatingIncomeRatio": 0.3146234037,
    "totalOtherIncomeExpensesNet": -119471000,
    "incomeBeforeTax": 36681000,
    "incomeBeforeTaxRatio": 0.0739068412,
    "incomeTaxExpense": -4224000,
    "netIncome": 40873000,
    "netIncomeRatio": 0.0823531071,
    "eps": 0.14,
    "epsdiluted": 0.14,
    "weightedAverageShsOut": 286407000,
    "weightedAverageShsOutDil": 286998000,
    "link": "https://www.sec.gov/Archives/edgar/data/1051470/000144530511000263/0001445305-11-000263-index.htm",
    "finalLink": "https://www.sec.gov/Archives/edgar/data/1051470/000144530511000263/cci10k123110.htm"
  },
  {
    "date": "2010-09-30",
    "symbol": "CCI",
    "reportedCurrency": "USD",
    "cik": "0001051470",
    "fillingDate": "2010-11-05",
    "acceptedDate": "2010-11-05 16:51:58",
    "calendarYear": "2010",
    "period": "Q3",
    "revenue": 481890000,
    "costOfRevenue": 143000000,
    "grossProfit": 338890000,
    "grossProfitRatio": 0.7032517795,
    "researchAndDevelopmentExpenses": 0,
    "generalAndAdministrativeExpenses": 41420000,
    "sellingAndMarketingExpenses": 0,
    "sellingGeneralAndAdministrativeExpenses": 41420000,
    "otherExpenses": 141514000,
    "operatingExpenses": 182934000,
    "costAndExpenses": 325934000,
    "interestIncome": 847000,
    "interestExpense": 123196000,
    "depreciationAndAmortization": 136218000,
    "ebitda": 94483000,
    "ebitdaratio": 0.1960675673,
    "operatingIncome": 155956000,
    "operatingIncomeRatio": 0.3236340244,
    "totalOtherIncomeExpensesNet": -298703000,
    "incomeBeforeTax": -142747000,
    "incomeBeforeTaxRatio": -0.2962232045,
    "incomeTaxExpense": -7597000,
    "netIncome": -135009000,
    "netIncomeRatio": -0.280165598,
    "eps": -0.47,
    "epsdiluted": -0.47,
    "weightedAverageShsOut": 286119000,
    "weightedAverageShsOutDil": 286119000,
    "link": "https://www.sec.gov/Archives/edgar/data/1051470/000144530510001287/0001445305-10-001287-index.htm",
    "finalLink": "https://www.sec.gov/Archives/edgar/data/1051470/000144530510001287/crowncastle10q093010.htm"
  },
  {
    "date": "2010-06-30",
    "symbol": "CCI",
    "reportedCurrency": "USD",
    "cik": "0001051470",
    "fillingDate": "2010-08-06",
    "acceptedDate": "2010-08-06 16:32:38",
    "calendarYear": "2010",
    "period": "Q2",
    "revenue": 456127000,
    "costOfRevenue": 145392000,
    "grossProfit": 310735000,
    "grossProfitRatio": 0.6812466703,
    "researchAndDevelopmentExpenses": 0,
    "generalAndAdministrativeExpenses": 40556000,
    "sellingAndMarketingExpenses": 0,
    "sellingGeneralAndAdministrativeExpenses": 40556000,
    "otherExpenses": 137295000,
    "operatingExpenses": 177851000,
    "costAndExpenses": 323243000,
    "interestIncome": 0,
    "interestExpense": 120586000,
    "depreciationAndAmortization": 134426000,
    "ebitda": 133792000,
    "ebitdaratio": 0.2933218161,
    "operatingIncome": 132884000,
    "operatingIncomeRatio": 0.2913311424,
    "totalOtherIncomeExpensesNet": -235184000,
    "incomeBeforeTax": -102300000,
    "incomeBeforeTaxRatio": -0.2242796414,
    "incomeTaxExpense": -4686000,
    "netIncome": -97529000,
    "netIncomeRatio": -0.2138198353,
    "eps": -0.34,
    "epsdiluted": -0.34,
    "weightedAverageShsOut": 286080000,
    "weightedAverageShsOutDil": 286080000,
    "link": "https://www.sec.gov/Archives/edgar/data/1051470/000119312510181463/0001193125-10-181463-index.htm",
    "finalLink": "https://www.sec.gov/Archives/edgar/data/1051470/000119312510181463/d10q.htm"
  },
  {
    "date": "2010-03-31",
    "symbol": "CCI",
    "reportedCurrency": "USD",
    "cik": "0001051470",
    "fillingDate": "2010-05-10",
    "acceptedDate": "2010-05-10 06:06:11",
    "calendarYear": "2010",
    "period": "Q1",
    "revenue": 444327000,
    "costOfRevenue": 140051000,
    "grossProfit": 304276000,
    "grossProfitRatio": 0.6848019589,
    "researchAndDevelopmentExpenses": 0,
    "generalAndAdministrativeExpenses": 39473000,
    "sellingAndMarketingExpenses": 0,
    "sellingGeneralAndAdministrativeExpenses": 39473000,
    "otherExpenses": 134430000,
    "operatingExpenses": 173903000,
    "costAndExpenses": 313954000,
    "interestIncome": 379000,
    "interestExpense": 120781000,
    "depreciationAndAmortization": 132868000,
    "ebitda": 105039000,
    "ebitdaratio": 0.2364002188,
    "operatingIncome": 130373000,
    "operatingIncomeRatio": 0.2934167854,
    "totalOtherIncomeExpensesNet": -260112000,
    "incomeBeforeTax": -129739000,
    "incomeBeforeTaxRatio": -0.2919899083,
    "incomeTaxExpense": -10339000,
    "netIncome": -119275000,
    "netIncomeRatio": -0.2684396852,
    "eps": -0.41,
    "epsdiluted": -0.41,
    "weightedAverageShsOut": 288451000,
    "weightedAverageShsOutDil": 288451000,
    "link": "https://www.sec.gov/Archives/edgar/data/1051470/000119312510113706/0001193125-10-113706-index.htm",
    "finalLink": "https://www.sec.gov/Archives/edgar/data/1051470/000119312510113706/d10q.htm"
  },
  {
    "date": "2009-12-31",
    "symbol": "CCI",
    "reportedCurrency": "USD",
    "cik": "0001051470",
    "fillingDate": "2010-02-16",
    "acceptedDate": "2010-02-16 06:32:22",
    "calendarYear": "2009",
    "period": "Q4",
    "revenue": 443544000,
    "costOfRevenue": 146706000,
    "grossProfit": 296838000,
    "grossProfitRatio": 0.669241383,
    "researchAndDevelopmentExpenses": 0,
    "generalAndAdministrativeExpenses": 153072000,
    "sellingAndMarketingExpenses": -113969000,
    "sellingGeneralAndAdministrativeExpenses": 39103000,
    "otherExpenses": 138281000,
    "operatingExpenses": 177384000,
    "costAndExpenses": 324090000,
    "interestIncome": 0,
    "interestExpense": 118876000,
    "depreciationAndAmortization": 133503000,
    "ebitda": 272987000,
    "ebitdaratio": 0.6154676875,
    "operatingIncome": 119454000,
    "operatingIncomeRatio": 0.2693171365,
    "totalOtherIncomeExpensesNet": -98846000,
    "incomeBeforeTax": 20608000,
    "incomeBeforeTaxRatio": 0.0464621323,
    "incomeTaxExpense": 1876000,
    "netIncome": 18148000,
    "netIncomeRatio": 0.0409158956,
    "eps": 0.0629,
    "epsdiluted": 0.0629,
    "weightedAverageShsOut": 287420000,
    "weightedAverageShsOutDil": 288451000,
    "link": "https://www.sec.gov/Archives/edgar/data/1051470/000119312510031419/0001193125-10-031419-index.htm",
    "finalLink": "https://www.sec.gov/Archives/edgar/data/1051470/000119312510031419/d10k.htm"
  },
  {
    "date": "2009-09-30",
    "symbol": "CCI",
    "reportedCurrency": "USD",
    "cik": "0001051470",
    "fillingDate": "2009-11-06",
    "acceptedDate": "2009-11-05 18:33:55",
    "calendarYear": "2009",
    "period": "Q3",
    "revenue": 429079000,
    "costOfRevenue": 136512000,
    "grossProfit": 292567000,
    "grossProfitRatio": 0.6818487971,
    "researchAndDevelopmentExpenses": 0,
    "generalAndAdministrativeExpenses": 39230000,
    "sellingAndMarketingExpenses": 0,
    "sellingGeneralAndAdministrativeExpenses": 39230000,
    "otherExpenses": 134536000,
    "operatingExpenses": 173766000,
    "costAndExpenses": 310278000,
    "interestIncome": 2569000,
    "interestExpense": 111169000,
    "depreciationAndAmortization": 131463000,
    "ebitda": 189658000,
    "ebitdaratio": 0.442011844,
    "operatingIncome": 118801000,
    "operatingIncomeRatio": 0.2768744217,
    "totalOtherIncomeExpensesNet": -171775000,
    "incomeBeforeTax": -52974000,
    "incomeBeforeTaxRatio": -0.1234597825,
    "incomeTaxExpense": -21836000,
    "netIncome": -31639000,
    "netIncomeRatio": -0.0737370041,
    "eps": -0.11,
    "epsdiluted": -0.11,
    "weightedAverageShsOut": 286707000,
    "weightedAverageShsOutDil": 286707000,
    "link": "https://www.sec.gov/Archives/edgar/data/1051470/000119312509225905/0001193125-09-225905-index.htm",
    "finalLink": "https://www.sec.gov/Archives/edgar/data/1051470/000119312509225905/d10q.htm"
  },
  {
    "date": "2009-06-30",
    "symbol": "CCI",
    "reportedCurrency": "USD",
    "cik": "0001051470",
    "fillingDate": "2009-08-05",
    "acceptedDate": "2009-08-05 15:32:28",
    "calendarYear": "2009",
    "period": "Q2",
    "revenue": 409874000,
    "costOfRevenue": 134391000,
    "grossProfit": 275483000,
    "grossProfitRatio": 0.6721163089,
    "researchAndDevelopmentExpenses": 0,
    "generalAndAdministrativeExpenses": 38102000,
    "sellingAndMarketingExpenses": 0,
    "sellingGeneralAndAdministrativeExpenses": 38102000,
    "otherExpenses": 138892000,
    "operatingExpenses": 176994000,
    "costAndExpenses": 311385000,
    "interestIncome": 3249000,
    "interestExpense": 110250000,
    "depreciationAndAmortization": 131597000,
    "ebitda": 75131000,
    "ebitdaratio": 0.1833026735,
    "operatingIncome": 98489000,
    "operatingIncomeRatio": 0.2402909187,
    "totalOtherIncomeExpensesNet": -265205000,
    "incomeBeforeTax": -166716000,
    "incomeBeforeTaxRatio": -0.4067493913,
    "incomeTaxExpense": -54949000,
    "netIncome": -111418000,
    "netIncomeRatio": -0.271834759,
    "eps": -0.39,
    "epsdiluted": -0.39,
    "weightedAverageShsOut": 286449000,
    "weightedAverageShsOutDil": 286449000,
    "link": "https://www.sec.gov/Archives/edgar/data/1051470/000119312509165293/0001193125-09-165293-index.htm",
    "finalLink": "https://www.sec.gov/Archives/edgar/data/1051470/000119312509165293/d10q.htm"
  },
  {
    "date": "2009-03-31",
    "symbol": "CCI",
    "reportedCurrency": "USD",
    "cik": "0001051470",
    "fillingDate": "2009-05-07",
    "acceptedDate": "2009-05-06 21:25:32",
    "calendarYear": "2009",
    "period": "Q1",
    "revenue": 402910000,
    "costOfRevenue": 131759000,
    "grossProfit": 271151000,
    "grossProfitRatio": 0.6729815592,
    "researchAndDevelopmentExpenses": 0,
    "generalAndAdministrativeExpenses": 36637000,
    "sellingAndMarketingExpenses": 0,
    "sellingGeneralAndAdministrativeExpenses": 36637000,
    "otherExpenses": 137267000,
    "operatingExpenses": 173904000,
    "costAndExpenses": 305663000,
    "interestIncome": 0,
    "interestExpense": 105833000,
    "depreciationAndAmortization": 133176000,
    "ebitda": 247568000,
    "ebitdaratio": 0.6144498771,
    "operatingIncome": 97247000,
    "operatingIncomeRatio": 0.2413615944,
    "totalOtherIncomeExpensesNet": -88688000,
    "incomeBeforeTax": 8559000,
    "incomeBeforeTaxRatio": 0.0212429575,
    "incomeTaxExpense": -1491000,
    "netIncome": 10577000,
    "netIncomeRatio": 0.0262515202,
    "eps": 0.02,
    "epsdiluted": 0.02,
    "weightedAverageShsOut": 285913000,
    "weightedAverageShsOutDil": 287608000,
    "link": "https://www.sec.gov/Archives/edgar/data/1051470/000119312509102002/0001193125-09-102002-index.htm",
    "finalLink": "https://www.sec.gov/Archives/edgar/data/1051470/000119312509102002/d10q.htm"
  },
  {
    "date": "2008-12-31",
    "symbol": "CCI",
    "reportedCurrency": "USD",
    "cik": "0001051470",
    "fillingDate": "2009-02-26",
    "acceptedDate": "2009-02-26 16:36:54",
    "calendarYear": "2008",
    "period": "Q4",
    "revenue": 392022000,
    "costOfRevenue": 135919000,
    "grossProfit": 256103000,
    "grossProfitRatio": 0.6532873155,
    "researchAndDevelopmentExpenses": 0,
    "generalAndAdministrativeExpenses": 104532000,
    "sellingAndMarketingExpenses": -65861000,
    "sellingGeneralAndAdministrativeExpenses": 38671000,
    "otherExpenses": 138488000,
    "operatingExpenses": 177159000,
    "costAndExpenses": 313078000,
    "interestIncome": 0,
    "interestExpense": 0,
    "depreciationAndAmortization": 130799000,
    "ebitda": 90795000,
    "ebitdaratio": 0.2316068996,
    "operatingIncome": 78944000,
    "operatingIncomeRatio": 0.2013764534,
    "totalOtherIncomeExpensesNet": -160043000,
    "incomeBeforeTax": -81099000,
    "incomeBeforeTaxRatio": -0.2068735938,
    "incomeTaxExpense": -17282000,
    "netIncome": -63817000,
    "netIncomeRatio": -0.1627893333,
    "eps": -0.22,
    "epsdiluted": -0.22,
    "weightedAverageShsOut": 285688000,
    "weightedAverageShsOutDil": 285913000,
    "link": "https://www.sec.gov/Archives/edgar/data/1051470/000119312509039126/0001193125-09-039126-index.htm",
    "finalLink": "https://www.sec.gov/Archives/edgar/data/1051470/000119312509039126/d10k.htm"
  },
  {
    "date": "2008-09-30",
    "symbol": "CCI",
    "reportedCurrency": "USD",
    "cik": "0001051470",
    "fillingDate": "2008-11-06",
    "acceptedDate": "2008-11-06 16:01:59",
    "calendarYear": "2008",
    "period": "Q3",
    "revenue": 384348000,
    "costOfRevenue": 136299000,
    "grossProfit": 248049000,
    "grossProfitRatio": 0.6453760654,
    "researchAndDevelopmentExpenses": 0,
    "generalAndAdministrativeExpenses": 37437000,
    "sellingAndMarketingExpenses": 0,
    "sellingGeneralAndAdministrativeExpenses": 37437000,
    "otherExpenses": 134616000,
    "operatingExpenses": 172053000,
    "costAndExpenses": 308352000,
    "interestIncome": 0,
    "interestExpense": 1557000,
    "depreciationAndAmortization": 131714000,
    "ebitda": 207710000,
    "ebitdaratio": 0.5404217012,
    "operatingIncome": 75996000,
    "operatingIncomeRatio": 0.1977270599,
    "totalOtherIncomeExpensesNet": -110299000,
    "incomeBeforeTax": -34303000,
    "incomeBeforeTaxRatio": -0.0892498465,
    "incomeTaxExpense": -2096000,
    "netIncome": -32207000,
    "netIncomeRatio": -0.0837964553,
    "eps": -0.11,
    "epsdiluted": -0.11,
    "weightedAverageShsOut": 283573000,
    "weightedAverageShsOutDil": 283573000,
    "link": "https://www.sec.gov/Archives/edgar/data/1051470/000119312508227897/0001193125-08-227897-index.htm",
    "finalLink": "https://www.sec.gov/Archives/edgar/data/1051470/000119312508227897/d10q.htm"
  },
  {
    "date": "2008-06-30",
    "symbol": "CCI",
    "reportedCurrency": "USD",
    "cik": "0001051470",
    "fillingDate": "2008-08-06",
    "acceptedDate": "2008-08-06 08:44:46",
    "calendarYear": "2008",
    "period": "Q2",
    "revenue": 379513000,
    "costOfRevenue": 135566000,
    "grossProfit": 243947000,
    "grossProfitRatio": 0.6427895751,
    "researchAndDevelopmentExpenses": 0,
    "generalAndAdministrativeExpenses": 38492000,
    "sellingAndMarketingExpenses": 0,
    "sellingGeneralAndAdministrativeExpenses": 38492000,
    "otherExpenses": 136889000,
    "operatingExpenses": 175381000,
    "costAndExpenses": 310947000,
    "interestIncome": 206000,
    "interestExpense": 206000,
    "depreciationAndAmortization": 131896000,
    "ebitda": 200668000,
    "ebitdaratio": 0.5287513208,
    "operatingIncome": 68566000,
    "operatingIncomeRatio": 0.1806683829,
    "totalOtherIncomeExpensesNet": -88551000,
    "incomeBeforeTax": -19985000,
    "incomeBeforeTaxRatio": -0.0526595927,
    "incomeTaxExpense": -80324000,
    "netIncome": 60339000,
    "netIncomeRatio": 0.1589906011,
    "eps": 0.2,
    "epsdiluted": 0.19,
    "weightedAverageShsOut": 279428000,
    "weightedAverageShsOutDil": 288427000,
    "link": "https://www.sec.gov/Archives/edgar/data/1051470/000119312508167532/0001193125-08-167532-index.htm",
    "finalLink": "https://www.sec.gov/Archives/edgar/data/1051470/000119312508167532/d10q.htm"
  },
  {
    "date": "2008-03-31",
    "symbol": "CCI",
    "reportedCurrency": "USD",
    "cik": "0001051470",
    "fillingDate": "2008-05-02",
    "acceptedDate": "2008-05-02 16:06:37",
    "calendarYear": "2008",
    "period": "Q1",
    "revenue": 370621000,
    "costOfRevenue": 130791000,
    "grossProfit": 239830000,
    "grossProfitRatio": 0.6471031053,
    "researchAndDevelopmentExpenses": 0,
    "generalAndAdministrativeExpenses": 34986000,
    "sellingAndMarketingExpenses": 0,
    "sellingGeneralAndAdministrativeExpenses": 34986000,
    "otherExpenses": 135841000,
    "operatingExpenses": 170827000,
    "costAndExpenses": 301618000,
    "interestIncome": 2310000,
    "interestExpense": 2310000,
    "depreciationAndAmortization": 132033000,
    "ebitda": 203346000,
    "ebitdaratio": 0.5486629198,
    "operatingIncome": 69003000,
    "operatingIncomeRatio": 0.1861821106,
    "totalOtherIncomeExpensesNet": -86835000,
    "incomeBeforeTax": -17832000,
    "incomeBeforeTaxRatio": -0.0481138414,
    "incomeTaxExpense": -4659000,
    "netIncome": -13173000,
    "netIncomeRatio": -0.035543048,
    "eps": -0.0472,
    "epsdiluted": -0.0472,
    "weightedAverageShsOut": 279340000,
    "weightedAverageShsOutDil": 279340000,
    "link": "https://www.sec.gov/Archives/edgar/data/1051470/000119312508100737/0001193125-08-100737-index.htm",
    "finalLink": "https://www.sec.gov/Archives/edgar/data/1051470/000119312508100737/d10q.htm"
  },
  {
    "date": "2007-12-31",
    "symbol": "CCI",
    "reportedCurrency": "USD",
    "cik": "0001051470",
    "fillingDate": "2008-02-27",
    "acceptedDate": "2008-02-26 17:57:19",
    "calendarYear": "2007",
    "period": "Q4",
    "revenue": 375163000,
    "costOfRevenue": 134976000,
    "grossProfit": 240187000,
    "grossProfitRatio": 0.6402203842,
    "researchAndDevelopmentExpenses": 0,
    "generalAndAdministrativeExpenses": 113910000,
    "sellingAndMarketingExpenses": -75274000,
    "sellingGeneralAndAdministrativeExpenses": 38636000,
    "otherExpenses": 140565000,
    "operatingExpenses": 179201000,
    "costAndExpenses": 314177000,
    "interestIncome": 0,
    "interestExpense": 1354000,
    "depreciationAndAmortization": 138870000,
    "ebitda": 222140000,
    "ebitdaratio": 0.5921159603,
    "operatingIncome": 60986000,
    "operatingIncomeRatio": 0.1625586745,
    "totalOtherIncomeExpensesNet": -165489000,
    "incomeBeforeTax": -104503000,
    "incomeBeforeTaxRatio": -0.2785535887,
    "incomeTaxExpense": -24334000,
    "netIncome": -80169000,
    "netIncomeRatio": -0.2136911156,
    "eps": -0.29,
    "epsdiluted": -0.29,
    "weightedAverageShsOut": 279340000,
    "weightedAverageShsOutDil": 279340000,
    "link": "https://www.sec.gov/Archives/edgar/data/1051470/000119312508038926/0001193125-08-038926-index.htm",
    "finalLink": "https://www.sec.gov/Archives/edgar/data/1051470/000119312508038926/d10k.htm"
  },
  {
    "date": "2007-09-30",
    "symbol": "CCI",
    "reportedCurrency": "USD",
    "cik": "0001051470",
    "fillingDate": "2007-11-01",
    "acceptedDate": "2007-11-01 16:43:10",
    "calendarYear": "2007",
    "period": "Q3",
    "revenue": 351744000,
    "costOfRevenue": 128895000,
    "grossProfit": 222849000,
    "grossProfitRatio": 0.6335545169,
    "researchAndDevelopmentExpenses": 0,
    "generalAndAdministrativeExpenses": 32881000,
    "sellingAndMarketingExpenses": 0,
    "sellingGeneralAndAdministrativeExpenses": 32881000,
    "otherExpenses": 202786000,
    "operatingExpenses": 235667000,
    "costAndExpenses": 364562000,
    "interestIncome": 0,
    "interestExpense": 2965000,
    "depreciationAndAmortization": 126280000,
    "ebitda": 130662000,
    "ebitdaratio": 0.3714690229,
    "operatingIncome": -12818000,
    "operatingIncomeRatio": -0.0364412755,
    "totalOtherIncomeExpensesNet": -86442000,
    "incomeBeforeTax": -99260000,
    "incomeBeforeTaxRatio": -0.2821938683,
    "incomeTaxExpense": -31923000,
    "netIncome": -67013000,
    "netIncomeRatio": -0.1905163983,
    "eps": -0.24,
    "epsdiluted": -0.24,
    "weightedAverageShsOut": 282577000,
    "weightedAverageShsOutDil": 282577000,
    "link": "https://www.sec.gov/Archives/edgar/data/1051470/000119312507232578/0001193125-07-232578-index.htm",
    "finalLink": "https://www.sec.gov/Archives/edgar/data/1051470/000119312507232578/d10q.htm"
  },
  {
    "date": "2007-06-30",
    "symbol": "CCI",
    "reportedCurrency": "USD",
    "cik": "0001051470",
    "fillingDate": "2007-08-08",
    "acceptedDate": "2007-08-08 16:02:04",
    "calendarYear": "2007",
    "period": "Q2",
    "revenue": 342870000,
    "costOfRevenue": 126845000,
    "grossProfit": 216025000,
    "grossProfitRatio": 0.6300492898,
    "researchAndDevelopmentExpenses": 2111000,
    "generalAndAdministrativeExpenses": 34216000,
    "sellingAndMarketingExpenses": 0,
    "sellingGeneralAndAdministrativeExpenses": 34216000,
    "otherExpenses": 141784000,
    "operatingExpenses": 178111000,
    "costAndExpenses": 304956000,
    "interestIncome": 0,
    "interestExpense": 2906000,
    "depreciationAndAmortization": 138121000,
    "ebitda": 181104000,
    "ebitdaratio": 0.5282001925,
    "operatingIncome": 37914000,
    "operatingIncomeRatio": 0.1105783533,
    "totalOtherIncomeExpensesNet": -85884000,
    "incomeBeforeTax": -47970000,
    "incomeBeforeTaxRatio": -0.1399072535,
    "incomeTaxExpense": -15620000,
    "netIncome": -32740000,
    "netIncomeRatio": -0.0954880859,
    "eps": -0.12,
    "epsdiluted": -0.12,
    "weightedAverageShsOut": 282025000,
    "weightedAverageShsOutDil": 282025000,
    "link": "https://www.sec.gov/Archives/edgar/data/1051470/000119312507175540/0001193125-07-175540-index.htm",
    "finalLink": "https://www.sec.gov/Archives/edgar/data/1051470/000119312507175540/d10q.htm"
  },
  {
    "date": "2007-03-31",
    "symbol": "CCI",
    "reportedCurrency": "USD",
    "cik": "0001051470",
    "fillingDate": "2007-05-10",
    "acceptedDate": "2007-05-10 13:59:19",
    "calendarYear": "2007",
    "period": "Q1",
    "revenue": 315709000,
    "costOfRevenue": 118368000,
    "grossProfit": 197341000,
    "grossProfitRatio": 0.625072456,
    "researchAndDevelopmentExpenses": 1185000,
    "generalAndAdministrativeExpenses": 33817000,
    "sellingAndMarketingExpenses": 0,
    "sellingGeneralAndAdministrativeExpenses": 33817000,
    "otherExpenses": 147708000,
    "operatingExpenses": 183895000,
    "costAndExpenses": 302263000,
    "interestIncome": 0,
    "interestExpense": 3299000,
    "depreciationAndAmortization": 143156000,
    "ebitda": 165450000,
    "ebitdaratio": 0.5240585476,
    "operatingIncome": 13446000,
    "operatingIncomeRatio": 0.0425898533,
    "totalOtherIncomeExpensesNet": -78716000,
    "incomeBeforeTax": -65270000,
    "incomeBeforeTaxRatio": -0.2067410178,
    "incomeTaxExpense": -22162000,
    "netIncome": -42891000,
    "netIncomeRatio": -0.1358561207,
    "eps": -0.16,
    "epsdiluted": -0.16,
    "weightedAverageShsOut": 273456000,
    "weightedAverageShsOutDil": 273456000,
    "link": "https://www.sec.gov/Archives/edgar/data/1051470/000119312507109907/0001193125-07-109907-index.htm",
    "finalLink": "https://www.sec.gov/Archives/edgar/data/1051470/000119312507109907/d10q.htm"
  },
  {
    "date": "2006-12-31",
    "symbol": "CCI",
    "reportedCurrency": "USD",
    "cik": "0001051470",
    "fillingDate": "2007-02-28",
    "acceptedDate": "2007-02-28 17:13:16",
    "calendarYear": "2006",
    "period": "Q4",
    "revenue": 210841000,
    "costOfRevenue": 72682000,
    "grossProfit": 138159000,
    "grossProfitRatio": 0.6552757765,
    "researchAndDevelopmentExpenses": 0,
    "generalAndAdministrativeExpenses": 95751000,
    "sellingAndMarketingExpenses": -72946000,
    "sellingGeneralAndAdministrativeExpenses": 22805000,
    "otherExpenses": 74812000,
    "operatingExpenses": 97617000,
    "costAndExpenses": 170299000,
    "interestIncome": 0,
    "interestExpense": 0,
    "depreciationAndAmortization": 74148000,
    "ebitda": 124583000,
    "ebitdaratio": 0.5908860231,
    "operatingIncome": 40542000,
    "operatingIncomeRatio": 0.1922870789,
    "totalOtherIncomeExpensesNet": -47938000,
    "incomeBeforeTax": -7396000,
    "incomeBeforeTaxRatio": -0.0350785663,
    "incomeTaxExpense": -855000,
    "netIncome": -6275000,
    "netIncomeRatio": -0.0297617636,
    "eps": -0.0229,
    "epsdiluted": -0.0229,
    "weightedAverageShsOut": 273456000,
    "weightedAverageShsOutDil": 273456000,
    "link": "https://www.sec.gov/Archives/edgar/data/1051470/000119312507042810/0001193125-07-042810-index.htm",
    "finalLink": "https://www.sec.gov/Archives/edgar/data/1051470/000119312507042810/d10k.htm"
  },
  {
    "date": "2006-09-30",
    "symbol": "CCI",
    "reportedCurrency": "USD",
    "cik": "0001051470",
    "fillingDate": "2006-11-06",
    "acceptedDate": "2006-11-06 06:06:30",
    "calendarYear": "2006",
    "period": "Q3",
    "revenue": 200939000,
    "costOfRevenue": 69996000,
    "grossProfit": 130943000,
    "grossProfitRatio": 0.6516554775,
    "researchAndDevelopmentExpenses": 2475000,
    "generalAndAdministrativeExpenses": 22958000,
    "sellingAndMarketingExpenses": 0,
    "sellingGeneralAndAdministrativeExpenses": 22958000,
    "otherExpenses": 70634000,
    "operatingExpenses": 98542000,
    "costAndExpenses": 168538000,
    "interestIncome": 0,
    "interestExpense": 0,
    "depreciationAndAmortization": 74148000,
    "ebitda": 106549000,
    "ebitdaratio": 0.5302554507,
    "operatingIncome": 32401000,
    "operatingIncomeRatio": 0.1612479409,
    "totalOtherIncomeExpensesNet": -47872000,
    "incomeBeforeTax": -15471000,
    "incomeBeforeTaxRatio": -0.0769935154,
    "incomeTaxExpense": 575000,
    "netIncome": -15561000,
    "netIncomeRatio": -0.0774414126,
    "eps": -0.0774,
    "epsdiluted": -0.0774,
    "weightedAverageShsOut": 201070000,
    "weightedAverageShsOutDil": 201070000,
    "link": "https://www.sec.gov/Archives/edgar/data/1051470/000119312506224278/0001193125-06-224278-index.htm",
    "finalLink": "https://www.sec.gov/Archives/edgar/data/1051470/000119312506224278/d10q.htm"
  },
  {
    "date": "2006-06-30",
    "symbol": "CCI",
    "reportedCurrency": "USD",
    "cik": "0001051470",
    "fillingDate": "2006-08-14",
    "acceptedDate": "2006-08-11 18:03:52",
    "calendarYear": "2006",
    "period": "Q2",
    "revenue": 193776000,
    "costOfRevenue": 66807000,
    "grossProfit": 126969000,
    "grossProfitRatio": 0.6552359425,
    "researchAndDevelopmentExpenses": 2686000,
    "generalAndAdministrativeExpenses": 25825000,
    "sellingAndMarketingExpenses": 0,
    "sellingGeneralAndAdministrativeExpenses": 25825000,
    "otherExpenses": 70896000,
    "operatingExpenses": 99407000,
    "costAndExpenses": 166214000,
    "interestIncome": 0,
    "interestExpense": 0,
    "depreciationAndAmortization": 71107000,
    "ebitda": 98669000,
    "ebitdaratio": 0.5091910247,
    "operatingIncome": 27562000,
    "operatingIncomeRatio": 0.1422363967,
    "totalOtherIncomeExpensesNet": -40394000,
    "incomeBeforeTax": -12832000,
    "incomeBeforeTaxRatio": -0.066220791,
    "incomeTaxExpense": 507000,
    "netIncome": -13335000,
    "netIncomeRatio": -0.0688165717,
    "eps": -0.0627,
    "epsdiluted": -0.0627,
    "weightedAverageShsOut": 212675000,
    "weightedAverageShsOutDil": 212675000,
    "link": "https://www.sec.gov/Archives/edgar/data/1051470/000119312506171140/0001193125-06-171140-index.htm",
    "finalLink": "https://www.sec.gov/Archives/edgar/data/1051470/000119312506171140/d10q.htm"
  },
  {
    "date": "2006-03-31",
    "symbol": "CCI",
    "reportedCurrency": "USD",
    "cik": "0001051470",
    "fillingDate": "2006-05-05",
    "acceptedDate": "2006-05-05 12:35:14",
    "calendarYear": "2006",
    "period": "Q1",
    "revenue": 182665000,
    "costOfRevenue": 63476000,
    "grossProfit": 119189000,
    "grossProfitRatio": 0.652500479,
    "researchAndDevelopmentExpenses": 1678000,
    "generalAndAdministrativeExpenses": 24163000,
    "sellingAndMarketingExpenses": 0,
    "sellingGeneralAndAdministrativeExpenses": 24163000,
    "otherExpenses": 72426000,
    "operatingExpenses": 98267000,
    "costAndExpenses": 161743000,
    "interestIncome": 0,
    "interestExpense": 0,
    "depreciationAndAmortization": 74441000,
    "ebitda": 95363000,
    "ebitdaratio": 0.5220649823,
    "operatingIncome": 20922000,
    "operatingIncomeRatio": 0.1145375414,
    "totalOtherIncomeExpensesNet": -33596000,
    "incomeBeforeTax": -12674000,
    "incomeBeforeTaxRatio": -0.0693838447,
    "incomeTaxExpense": 616000,
    "netIncome": -6722000,
    "netIncomeRatio": -0.0367996058,
    "eps": -0.0313,
    "epsdiluted": -0.0313,
    "weightedAverageShsOut": 214473000,
    "weightedAverageShsOutDil": 214473000,
    "link": "https://www.sec.gov/Archives/edgar/data/1051470/000119312506101673/0001193125-06-101673-index.htm",
    "finalLink": "https://www.sec.gov/Archives/edgar/data/1051470/000119312506101673/d10q.htm"
  },
  {
    "date": "2005-12-31",
    "symbol": "CCI",
    "reportedCurrency": "USD",
    "cik": "0001051470",
    "fillingDate": "2006-03-24",
    "acceptedDate": "2006-03-24 11:59:09",
    "calendarYear": "2005",
    "period": "Q4",
    "revenue": 180252000,
    "costOfRevenue": 67313000,
    "grossProfit": 112939000,
    "grossProfitRatio": 0.6265617025,
    "researchAndDevelopmentExpenses": 0,
    "generalAndAdministrativeExpenses": 105763000,
    "sellingAndMarketingExpenses": -82031000,
    "sellingGeneralAndAdministrativeExpenses": 23732000,
    "otherExpenses": 68711000,
    "operatingExpenses": 92443000,
    "costAndExpenses": 159756000,
    "interestIncome": 0,
    "interestExpense": 0,
    "depreciationAndAmortization": 66328000,
    "ebitda": 86824000,
    "ebitdaratio": 0.4816812019,
    "operatingIncome": 20496000,
    "operatingIncomeRatio": 0.1137074762,
    "totalOtherIncomeExpensesNet": -24427000,
    "incomeBeforeTax": -3931000,
    "incomeBeforeTaxRatio": -0.0218083572,
    "incomeTaxExpense": 2817000,
    "netIncome": -17259000,
    "netIncomeRatio": -0.0957492843,
    "eps": -0.0808,
    "epsdiluted": -0.0805,
    "weightedAverageShsOut": 213535000,
    "weightedAverageShsOutDil": 214473000,
    "link": "https://www.sec.gov/Archives/edgar/data/1051470/000119312506062600/0001193125-06-062600-index.htm",
    "finalLink": "https://www.sec.gov/Archives/edgar/data/1051470/000119312506062600/d10k.htm"
  },
  {
    "date": "2005-09-30",
    "symbol": "CCI",
    "reportedCurrency": "USD",
    "cik": "0001051470",
    "fillingDate": "2005-11-07",
    "acceptedDate": "2005-11-07 11:16:13",
    "calendarYear": "2005",
    "period": "Q3",
    "revenue": 172259000,
    "costOfRevenue": 64004000,
    "grossProfit": 108255000,
    "grossProfitRatio": 0.6284432163,
    "researchAndDevelopmentExpenses": 1172000,
    "generalAndAdministrativeExpenses": 33484000,
    "sellingAndMarketingExpenses": 891000,
    "sellingGeneralAndAdministrativeExpenses": 34375000,
    "otherExpenses": 71376000,
    "operatingExpenses": 106525000,
    "costAndExpenses": 170529000,
    "interestIncome": 0,
    "interestExpense": 617000,
    "depreciationAndAmortization": 72019000,
    "ebitda": 73749000,
    "ebitdaratio": 0.4281285738,
    "operatingIncome": 1730000,
    "operatingIncomeRatio": 0.0100430166,
    "totalOtherIncomeExpensesNet": -27983000,
    "incomeBeforeTax": -26253000,
    "incomeBeforeTaxRatio": -0.1524042285,
    "incomeTaxExpense": 117000,
    "netIncome": -28066000,
    "netIncomeRatio": -0.1629290777,
    "eps": -0.13,
    "epsdiluted": -0.13,
    "weightedAverageShsOut": 215664000,
    "weightedAverageShsOutDil": 215664000,
    "link": "https://www.sec.gov/Archives/edgar/data/1051470/000119312505217760/0001193125-05-217760-index.htm",
    "finalLink": "https://www.sec.gov/Archives/edgar/data/1051470/000119312505217760/d10q.htm"
  },
  {
    "date": "2005-06-30",
    "symbol": "CCI",
    "reportedCurrency": "USD",
    "cik": "0001051470",
    "fillingDate": "2005-08-08",
    "acceptedDate": "2005-08-08 17:18:38",
    "calendarYear": "2005",
    "period": "Q2",
    "revenue": 168227000,
    "costOfRevenue": 62805000,
    "grossProfit": 105422000,
    "grossProfitRatio": 0.6266651608,
    "researchAndDevelopmentExpenses": 795000,
    "generalAndAdministrativeExpenses": 23890000,
    "sellingAndMarketingExpenses": 0,
    "sellingGeneralAndAdministrativeExpenses": 23890000,
    "otherExpenses": 71285000,
    "operatingExpenses": 96072000,
    "costAndExpenses": 158877000,
    "interestIncome": 0,
    "interestExpense": 0,
    "depreciationAndAmortization": 69621000,
    "ebitda": 80080000,
    "ebitdaratio": 0.4760234683,
    "operatingIncome": 9350000,
    "operatingIncomeRatio": 0.0555796632,
    "totalOtherIncomeExpensesNet": -238028000,
    "incomeBeforeTax": -228678000,
    "incomeBeforeTaxRatio": -1.3593418417,
    "incomeTaxExpense": 147000,
    "netIncome": -227451000,
    "netIncomeRatio": -1.3520481254,
    "eps": -1.04,
    "epsdiluted": -1.04,
    "weightedAverageShsOut": 218237000,
    "weightedAverageShsOutDil": 218237000,
    "link": "https://www.sec.gov/Archives/edgar/data/1051470/000119312505160918/0001193125-05-160918-index.htm",
    "finalLink": "https://www.sec.gov/Archives/edgar/data/1051470/000119312505160918/d10q.htm"
  },
  {
    "date": "2005-03-31",
    "symbol": "CCI",
    "reportedCurrency": "USD",
    "cik": "0001051470",
    "fillingDate": "2005-05-06",
    "acceptedDate": "2005-05-06 16:37:51",
    "calendarYear": "2005",
    "period": "Q1",
    "revenue": 157647000,
    "costOfRevenue": 59791000,
    "grossProfit": 97856000,
    "grossProfitRatio": 0.6207285898,
    "researchAndDevelopmentExpenses": 489000,
    "generalAndAdministrativeExpenses": 22547000,
    "sellingAndMarketingExpenses": 0,
    "sellingGeneralAndAdministrativeExpenses": 22547000,
    "otherExpenses": 79100000,
    "operatingExpenses": 102078000,
    "costAndExpenses": 161869000,
    "interestIncome": 0,
    "interestExpense": 0,
    "depreciationAndAmortization": 73666000,
    "ebitda": 77921000,
    "ebitdaratio": 0.4942751844,
    "operatingIncome": -4222000,
    "operatingIncomeRatio": -0.0267813533,
    "totalOtherIncomeExpensesNet": -122286000,
    "incomeBeforeTax": -126508000,
    "incomeBeforeTaxRatio": -0.8024764188,
    "incomeTaxExpense": 144000,
    "netIncome": -128761000,
    "netIncomeRatio": -0.8167678421,
    "eps": -0.58,
    "epsdiluted": -0.58,
    "weightedAverageShsOut": 223601000,
    "weightedAverageShsOutDil": 223601000,
    "link": "https://www.sec.gov/Archives/edgar/data/1051470/000119312505099326/0001193125-05-099326-index.htm",
    "finalLink": "https://www.sec.gov/Archives/edgar/data/1051470/000119312505099326/d10q.htm"
  },
  {
    "date": "2004-12-31",
    "symbol": "CCI",
    "reportedCurrency": "USD",
    "cik": "0001051470",
    "fillingDate": "2005-03-29",
    "acceptedDate": "2005-03-29 16:54:50",
    "calendarYear": "2004",
    "period": "Q4",
    "revenue": 161271000,
    "costOfRevenue": 71887000,
    "grossProfit": 89384000,
    "grossProfitRatio": 0.5542471988,
    "researchAndDevelopmentExpenses": 434000,
    "generalAndAdministrativeExpenses": 90230000,
    "sellingAndMarketingExpenses": -60849000,
    "sellingGeneralAndAdministrativeExpenses": 29381000,
    "otherExpenses": 106239000,
    "operatingExpenses": 136054000,
    "costAndExpenses": 207941000,
    "interestIncome": 0,
    "interestExpense": 0,
    "depreciationAndAmortization": 102589000,
    "ebitda": 57267000,
    "ebitdaratio": 0.3550979407,
    "operatingIncome": -46670000,
    "operatingIncomeRatio": -0.2893886688,
    "totalOtherIncomeExpensesNet": -79141000,
    "incomeBeforeTax": -125811000,
    "incomeBeforeTaxRatio": -0.7801216586,
    "incomeTaxExpense": -5851000,
    "netIncome": -121662000,
    "netIncomeRatio": -0.7543947765,
    "eps": -0.55,
    "epsdiluted": -0.54,
    "weightedAverageShsOut": 222785000,
    "weightedAverageShsOutDil": 223601000,
    "link": "https://www.sec.gov/Archives/edgar/data/1051470/000119312505063494/0001193125-05-063494-index.htm",
    "finalLink": "https://www.sec.gov/Archives/edgar/data/1051470/000119312505063494/d10k.htm"
  },
  {
    "date": "2004-09-30",
    "symbol": "CCI",
    "reportedCurrency": "USD",
    "cik": "0001051470",
    "fillingDate": "2004-11-08",
    "acceptedDate": "2004-11-08 17:15:06",
    "calendarYear": "2004",
    "period": "Q3",
    "revenue": 150185000,
    "costOfRevenue": 56521000,
    "grossProfit": 93664000,
    "grossProfitRatio": 0.6236574891,
    "researchAndDevelopmentExpenses": 211000,
    "generalAndAdministrativeExpenses": 22641000,
    "sellingAndMarketingExpenses": 1442000,
    "sellingGeneralAndAdministrativeExpenses": 24083000,
    "otherExpenses": 69269000,
    "operatingExpenses": 92627000,
    "costAndExpenses": 149148000,
    "interestIncome": 0,
    "interestExpense": 0,
    "depreciationAndAmortization": 72130000,
    "ebitda": 72722000,
    "ebitdaratio": 0.4842161334,
    "operatingIncome": 1037000,
    "operatingIncomeRatio": 0.0069048174,
    "totalOtherIncomeExpensesNet": -65833000,
    "incomeBeforeTax": -64796000,
    "incomeBeforeTaxRatio": -0.4314412225,
    "incomeTaxExpense": 144000,
    "netIncome": 461333000,
    "netIncomeRatio": 3.0717648234,
    "eps": 1.98,
    "epsdiluted": 1.98,
    "weightedAverageShsOut": 222841000,
    "weightedAverageShsOutDil": 222841000,
    "link": "https://www.sec.gov/Archives/edgar/data/1051470/000119312504189640/0001193125-04-189640-index.htm",
    "finalLink": "https://www.sec.gov/Archives/edgar/data/1051470/000119312504189640/d10q.htm"
  },
  {
    "date": "2004-06-30",
    "symbol": "CCI",
    "reportedCurrency": "USD",
    "cik": "0001051470",
    "fillingDate": "2004-08-06",
    "acceptedDate": "2004-08-06 13:13:06",
    "calendarYear": "2004",
    "period": "Q2",
    "revenue": 150755000,
    "costOfRevenue": 57724000,
    "grossProfit": 93031000,
    "grossProfitRatio": 0.6171005937,
    "researchAndDevelopmentExpenses": 371000,
    "generalAndAdministrativeExpenses": 22685000,
    "sellingAndMarketingExpenses": 6203000,
    "sellingGeneralAndAdministrativeExpenses": 28888000,
    "otherExpenses": 72341000,
    "operatingExpenses": 100079000,
    "costAndExpenses": 157803000,
    "interestIncome": 0,
    "interestExpense": 0,
    "depreciationAndAmortization": 73286000,
    "ebitda": 66238000,
    "ebitdaratio": 0.4393751451,
    "operatingIncome": -7048000,
    "operatingIncomeRatio": -0.0467513515,
    "totalOtherIncomeExpensesNet": -57879000,
    "incomeBeforeTax": -64927000,
    "incomeBeforeTaxRatio": -0.4306789161,
    "incomeTaxExpense": 184000,
    "netIncome": -39594000,
    "netIncomeRatio": -0.2626380551,
    "eps": -0.18,
    "epsdiluted": -0.18,
    "weightedAverageShsOut": 221853000,
    "weightedAverageShsOutDil": 221853000,
    "link": "https://www.sec.gov/Archives/edgar/data/1051470/000119312504134048/0001193125-04-134048-index.htm",
    "finalLink": "https://www.sec.gov/Archives/edgar/data/1051470/000119312504134048/d10q.htm"
  },
  {
    "date": "2004-03-31",
    "symbol": "CCI",
    "reportedCurrency": "USD",
    "cik": "0001051470",
    "fillingDate": "2004-05-06",
    "acceptedDate": "2004-05-06 11:41:26",
    "calendarYear": "2004",
    "period": "Q1",
    "revenue": 144883000,
    "costOfRevenue": 55637000,
    "grossProfit": 89246000,
    "grossProfitRatio": 0.6159866927,
    "researchAndDevelopmentExpenses": 439000,
    "generalAndAdministrativeExpenses": 23643000,
    "sellingAndMarketingExpenses": 3135000,
    "sellingGeneralAndAdministrativeExpenses": 26778000,
    "otherExpenses": 72658000,
    "operatingExpenses": 95363000,
    "costAndExpenses": 151000000,
    "interestIncome": 0,
    "interestExpense": 0,
    "depreciationAndAmortization": 73703000,
    "ebitda": 67553000,
    "ebitdaratio": 0.4662589814,
    "operatingIncome": -6117000,
    "operatingIncomeRatio": -0.0422202743,
    "totalOtherIncomeExpensesNet": 94972000,
    "incomeBeforeTax": 88855000,
    "incomeBeforeTaxRatio": 0.6132879634,
    "incomeTaxExpense": 5955000,
    "netIncome": -64967000,
    "netIncomeRatio": -0.4484100964,
    "eps": -0.3,
    "epsdiluted": -0.3,
    "weightedAverageShsOut": 219294000,
    "weightedAverageShsOutDil": 219294000,
    "link": "https://www.sec.gov/Archives/edgar/data/1051470/000119312504080212/0001193125-04-080212-index.htm",
    "finalLink": "https://www.sec.gov/Archives/edgar/data/1051470/000119312504080212/d10q.htm"
  },
  {
    "date": "2003-12-31",
    "symbol": "CCI",
    "reportedCurrency": "USD",
    "cik": "0001051470",
    "fillingDate": "2004-03-10",
    "acceptedDate": "2004-03-10 10:30:42",
    "calendarYear": "2003",
    "period": "Q4",
    "revenue": 253846000,
    "costOfRevenue": 113514000,
    "grossProfit": 140332000,
    "grossProfitRatio": 0.5528233653,
    "researchAndDevelopmentExpenses": 1987000,
    "generalAndAdministrativeExpenses": 94888000,
    "sellingAndMarketingExpenses": -49232000,
    "sellingGeneralAndAdministrativeExpenses": 45656000,
    "otherExpenses": 69123000,
    "operatingExpenses": 116766000,
    "costAndExpenses": 230280000,
    "interestIncome": 0,
    "interestExpense": 0,
    "depreciationAndAmortization": 100526000,
    "ebitda": 124092000,
    "ebitdaratio": 0.488847569,
    "operatingIncome": 23566000,
    "operatingIncomeRatio": 0.0928358138,
    "totalOtherIncomeExpensesNet": -175250000,
    "incomeBeforeTax": -151684000,
    "incomeBeforeTaxRatio": -0.5975433925,
    "incomeTaxExpense": -4102000,
    "netIncome": -148840000,
    "netIncomeRatio": -0.5863397493,
    "eps": -0.68,
    "epsdiluted": -0.68,
    "weightedAverageShsOut": 218240000,
    "weightedAverageShsOutDil": 219294000,
    "link": "https://www.sec.gov/Archives/edgar/data/1051470/000119312504037856/0001193125-04-037856-index.htm",
    "finalLink": "https://www.sec.gov/Archives/edgar/data/1051470/000119312504037856/d10k.htm"
  },
  {
    "date": "2003-09-30",
    "symbol": "CCI",
    "reportedCurrency": "USD",
    "cik": "0001051470",
    "fillingDate": "2003-11-12",
    "acceptedDate": "2003-11-12 14:42:42",
    "calendarYear": "2003",
    "period": "Q3",
    "revenue": 137523000,
    "costOfRevenue": 50240000,
    "grossProfit": 87283000,
    "grossProfitRatio": 0.63467929,
    "researchAndDevelopmentExpenses": 1039000,
    "generalAndAdministrativeExpenses": 23556000,
    "sellingAndMarketingExpenses": 0,
    "sellingGeneralAndAdministrativeExpenses": 23556000,
    "otherExpenses": 65925000,
    "operatingExpenses": 94591000,
    "costAndExpenses": 144831000,
    "interestIncome": 0,
    "interestExpense": 0,
    "depreciationAndAmortization": 81061000,
    "ebitda": 72695000,
    "ebitdaratio": 0.5286024883,
    "operatingIncome": -7308000,
    "operatingIncomeRatio": -0.053140202,
    "totalOtherIncomeExpensesNet": -97512000,
    "incomeBeforeTax": -104820000,
    "incomeBeforeTaxRatio": -0.7621997775,
    "incomeTaxExpense": 4236000,
    "netIncome": -99678000,
    "netIncomeRatio": -0.7248096682,
    "eps": -0.46,
    "epsdiluted": -0.46,
    "weightedAverageShsOut": 216621000,
    "weightedAverageShsOutDil": 216621000,
    "link": "https://www.sec.gov/Archives/edgar/data/1051470/000119312503078277/0001193125-03-078277-index.htm",
    "finalLink": "https://www.sec.gov/Archives/edgar/data/1051470/000119312503078277/d10q.htm"
  },
  {
    "date": "2003-06-30",
    "symbol": "CCI",
    "reportedCurrency": "USD",
    "cik": "0001051470",
    "fillingDate": "2003-08-12",
    "acceptedDate": "2003-08-12 16:36:21",
    "calendarYear": "2003",
    "period": "Q2",
    "revenue": 136275000,
    "costOfRevenue": 52804000,
    "grossProfit": 83471000,
    "grossProfitRatio": 0.6125188039,
    "researchAndDevelopmentExpenses": 918000,
    "generalAndAdministrativeExpenses": 24138000,
    "sellingAndMarketingExpenses": 7695000,
    "sellingGeneralAndAdministrativeExpenses": 31833000,
    "otherExpenses": 64492000,
    "operatingExpenses": 93464000,
    "costAndExpenses": 146268000,
    "interestIncome": 0,
    "interestExpense": 0,
    "depreciationAndAmortization": 58890000,
    "ebitda": 53119000,
    "ebitdaratio": 0.3897926986,
    "operatingIncome": -9993000,
    "operatingIncomeRatio": -0.0733296643,
    "totalOtherIncomeExpensesNet": -72080000,
    "incomeBeforeTax": -82073000,
    "incomeBeforeTaxRatio": -0.6022601358,
    "incomeTaxExpense": 3418000,
    "netIncome": -80831000,
    "netIncomeRatio": -0.5931462117,
    "eps": -0.37,
    "epsdiluted": -0.37,
    "weightedAverageShsOut": 215969000,
    "weightedAverageShsOutDil": 215969000,
    "link": "https://www.sec.gov/Archives/edgar/data/1051470/000119312503034368/0001193125-03-034368-index.htm",
    "finalLink": "https://www.sec.gov/Archives/edgar/data/1051470/000119312503034368/d10q.htm"
  },
  {
    "date": "2003-03-31",
    "symbol": "CCI",
    "reportedCurrency": "USD",
    "cik": "0001051470",
    "fillingDate": "2003-05-13",
    "acceptedDate": "2003-05-13 16:57:10",
    "calendarYear": "2003",
    "period": "Q1",
    "revenue": 216724000,
    "costOfRevenue": 98302000,
    "grossProfit": 118422000,
    "grossProfitRatio": 0.5464184862,
    "researchAndDevelopmentExpenses": 1620000,
    "generalAndAdministrativeExpenses": 0,
    "sellingAndMarketingExpenses": 0,
    "sellingGeneralAndAdministrativeExpenses": 24623000,
    "otherExpenses": 80357000,
    "operatingExpenses": 106600000,
    "costAndExpenses": 204902000,
    "interestIncome": 0,
    "interestExpense": 0,
    "depreciationAndAmortization": 97845000,
    "ebitda": 109667000,
    "ebitdaratio": 0.5060214835,
    "operatingIncome": 11822000,
    "operatingIncomeRatio": 0.0545486425,
    "totalOtherIncomeExpensesNet": -74837000,
    "incomeBeforeTax": -63015000,
    "incomeBeforeTaxRatio": -0.2907615216,
    "incomeTaxExpense": 3966000,
    "netIncome": -69016000,
    "netIncomeRatio": -0.3184511176,
    "eps": -0.32,
    "epsdiluted": -0.32,
    "weightedAverageShsOut": 216958000,
    "weightedAverageShsOutDil": 216958000,
    "link": "https://www.sec.gov/Archives/edgar/data/1051470/000119312503004755/0001193125-03-004755-index.htm",
    "finalLink": "https://www.sec.gov/Archives/edgar/data/1051470/000119312503004755/d10q.txt"
  },
  {
    "date": "2002-12-31",
    "symbol": "CCI",
    "reportedCurrency": "USD",
    "cik": "0001051470",
    "fillingDate": "2003-03-26",
    "acceptedDate": "2003-03-26 17:04:32",
    "calendarYear": "2002",
    "period": "Q4",
    "revenue": 227961000,
    "costOfRevenue": 110636000,
    "grossProfit": 117325000,
    "grossProfitRatio": 0.5146713692,
    "researchAndDevelopmentExpenses": 1451000,
    "generalAndAdministrativeExpenses": 0,
    "sellingAndMarketingExpenses": 0,
    "sellingGeneralAndAdministrativeExpenses": -23647000,
    "otherExpenses": 143095000,
    "operatingExpenses": 120899000,
    "costAndExpenses": 231535000,
    "interestIncome": 0,
    "interestExpense": 0,
    "depreciationAndAmortization": 96469000,
    "ebitda": 103433000,
    "ebitdaratio": 0.4537311207,
    "operatingIncome": -3574000,
    "operatingIncomeRatio": -0.0156781204,
    "totalOtherIncomeExpensesNet": -26994000,
    "incomeBeforeTax": -30568000,
    "incomeBeforeTaxRatio": -0.1340931124,
    "incomeTaxExpense": 6832000,
    "netIncome": -34902000,
    "netIncomeRatio": -0.1531051364,
    "eps": -0.16,
    "epsdiluted": -0.16,
    "weightedAverageShsOut": 215139000,
    "weightedAverageShsOutDil": 216958000,
    "link": "https://www.sec.gov/Archives/edgar/data/1051470/000089924303000641/0000899243-03-000641-index.htm",
    "finalLink": "https://www.sec.gov/Archives/edgar/data/1051470/000089924303000641/d10k.txt"
  },
  {
    "date": "2002-09-30",
    "symbol": "CCI",
    "reportedCurrency": "USD",
    "cik": "0001051470",
    "fillingDate": "2002-11-14",
    "acceptedDate": "2002-11-14 17:55:50",
    "calendarYear": "2002",
    "period": "Q3",
    "revenue": 227424000,
    "costOfRevenue": 117979000,
    "grossProfit": 109445000,
    "grossProfitRatio": 0.4812376882,
    "researchAndDevelopmentExpenses": 2060000,
    "generalAndAdministrativeExpenses": 37352000,
    "sellingAndMarketingExpenses": 0,
    "sellingGeneralAndAdministrativeExpenses": 37352000,
    "otherExpenses": 77937000,
    "operatingExpenses": 117349000,
    "costAndExpenses": 235328000,
    "interestIncome": 0,
    "interestExpense": 0,
    "depreciationAndAmortization": 102942000,
    "ebitda": 95695000,
    "ebitdaratio": 0.4207779302,
    "operatingIncome": -7904000,
    "operatingIncomeRatio": -0.0347544674,
    "totalOtherIncomeExpensesNet": -57623000,
    "incomeBeforeTax": -65527000,
    "incomeBeforeTaxRatio": -0.2881270227,
    "incomeTaxExpense": 101000,
    "netIncome": -65628000,
    "netIncomeRatio": -0.2885711271,
    "eps": -0.3,
    "epsdiluted": -0.3,
    "weightedAverageShsOut": 216656000,
    "weightedAverageShsOutDil": 216656000,
    "link": "https://www.sec.gov/Archives/edgar/data/1051470/000089924302002959/0000899243-02-002959-index.htm",
    "finalLink": "https://www.sec.gov/Archives/edgar/data/1051470/000089924302002959/d10q.txt"
  },
  {
    "date": "2002-06-30",
    "symbol": "CCI",
    "reportedCurrency": "USD",
    "cik": "0001051470",
    "fillingDate": "2002-08-14",
    "acceptedDate": "2002-08-14 08:21:15",
    "calendarYear": "2002",
    "period": "Q2",
    "revenue": 225531000,
    "costOfRevenue": 111793000,
    "grossProfit": 113738000,
    "grossProfitRatio": 0.5043120458,
    "researchAndDevelopmentExpenses": 1733000,
    "generalAndAdministrativeExpenses": 30823000,
    "sellingAndMarketingExpenses": 0,
    "sellingGeneralAndAdministrativeExpenses": 30823000,
    "otherExpenses": 76272000,
    "operatingExpenses": 108828000,
    "costAndExpenses": 220621000,
    "interestIncome": 0,
    "interestExpense": 0,
    "depreciationAndAmortization": 101115000,
    "ebitda": 106125000,
    "ebitdaratio": 0.4705561541,
    "operatingIncome": 4910000,
    "operatingIncomeRatio": 0.021770843,
    "totalOtherIncomeExpensesNet": -72548000,
    "incomeBeforeTax": -67638000,
    "incomeBeforeTaxRatio": -0.2999055562,
    "incomeTaxExpense": 684000,
    "netIncome": -68598000,
    "netIncomeRatio": -0.3041621773,
    "eps": -0.31,
    "epsdiluted": -0.31,
    "weightedAverageShsOut": 220897000,
    "weightedAverageShsOutDil": 220897000,
    "link": "https://www.sec.gov/Archives/edgar/data/1051470/000089924302002282/0000899243-02-002282-index.htm",
    "finalLink": "https://www.sec.gov/Archives/edgar/data/1051470/000089924302002282/d10q.txt"
  },
  {
    "date": "2002-03-31",
    "symbol": "CCI",
    "reportedCurrency": "USD",
    "cik": "0001051470",
    "fillingDate": "2002-05-14",
    "acceptedDate": "2002-05-13 21:38:46",
    "calendarYear": "2002",
    "period": "Q1",
    "revenue": 220617000,
    "costOfRevenue": 105791000,
    "grossProfit": 114826000,
    "grossProfitRatio": 0.5204766632,
    "researchAndDevelopmentExpenses": 2239000,
    "generalAndAdministrativeExpenses": 23102000,
    "sellingAndMarketingExpenses": 0,
    "sellingGeneralAndAdministrativeExpenses": 23102000,
    "otherExpenses": 109508000,
    "operatingExpenses": 134849000,
    "costAndExpenses": 240640000,
    "interestIncome": 0,
    "interestExpense": 0,
    "depreciationAndAmortization": 95969000,
    "ebitda": 81798000,
    "ebitdaratio": 0.3707692517,
    "operatingIncome": -20023000,
    "operatingIncomeRatio": -0.0907590983,
    "totalOtherIncomeExpensesNet": -82409000,
    "incomeBeforeTax": -102432000,
    "incomeBeforeTaxRatio": -0.4642978556,
    "incomeTaxExpense": 4659000,
    "netIncome": -103393000,
    "netIncomeRatio": -0.4686538209,
    "eps": -0.47,
    "epsdiluted": -0.47,
    "weightedAverageShsOut": 219420000,
    "weightedAverageShsOutDil": 219420000,
    "link": "https://www.sec.gov/Archives/edgar/data/1051470/000089924302001546/0000899243-02-001546-index.htm",
    "finalLink": "https://www.sec.gov/Archives/edgar/data/1051470/000089924302001546/d10q.txt"
  },
  {
    "date": "2001-12-31",
    "symbol": "CCI",
    "reportedCurrency": "USD",
    "cik": "0001051470",
    "fillingDate": "2002-04-01",
    "acceptedDate": "2002-04-01 00:00:00",
    "calendarYear": "2001",
    "period": "Q4",
    "revenue": 238186000,
    "costOfRevenue": 86573000,
    "grossProfit": 151613000,
    "grossProfitRatio": 0.636531954,
    "researchAndDevelopmentExpenses": 2447000,
    "generalAndAdministrativeExpenses": 26109000,
    "sellingAndMarketingExpenses": 0,
    "sellingGeneralAndAdministrativeExpenses": 26109000,
    "otherExpenses": 145457000,
    "operatingExpenses": 174013000,
    "costAndExpenses": 260586000,
    "interestIncome": 0,
    "interestExpense": 0,
    "depreciationAndAmortization": 124787000,
    "ebitda": 121803000,
    "ebitdaratio": 0.5113776628,
    "operatingIncome": -22400000,
    "operatingIncomeRatio": -0.0940441504,
    "totalOtherIncomeExpensesNet": -77264000,
    "incomeBeforeTax": -99664000,
    "incomeBeforeTaxRatio": -0.4184292948,
    "incomeTaxExpense": 4691000,
    "netIncome": -103049000,
    "netIncomeRatio": -0.4326408773,
    "eps": -0.48,
    "epsdiluted": -0.47,
    "weightedAverageShsOut": 216745000,
    "weightedAverageShsOutDil": 219420000,
    "link": "https://www.sec.gov/Archives/edgar/data/1051470/000089924302000902/0000899243-02-000902-index.htm",
    "finalLink": "https://www.sec.gov/Archives/edgar/data/1051470/000089924302000902/d10k.txt"
  },
  {
    "date": "2001-09-30",
    "symbol": "CCI",
    "reportedCurrency": "USD",
    "cik": "0001051470",
    "fillingDate": "2001-11-13",
    "acceptedDate": "2001-11-13 00:00:00",
    "calendarYear": "2001",
    "period": "Q3",
    "revenue": 218396000,
    "costOfRevenue": 132087000,
    "grossProfit": 86309000,
    "grossProfitRatio": 0.3951949669,
    "researchAndDevelopmentExpenses": 2679000,
    "generalAndAdministrativeExpenses": 23407000,
    "sellingAndMarketingExpenses": 0,
    "sellingGeneralAndAdministrativeExpenses": 23407000,
    "otherExpenses": 78525000,
    "operatingExpenses": 104611000,
    "costAndExpenses": 236698000,
    "interestIncome": 0,
    "interestExpense": 0,
    "depreciationAndAmortization": 101732000,
    "ebitda": 83430000,
    "ebitdaratio": 0.3820124911,
    "operatingIncome": -18302000,
    "operatingIncomeRatio": -0.0838019011,
    "totalOtherIncomeExpensesNet": -80301000,
    "incomeBeforeTax": -98603000,
    "incomeBeforeTaxRatio": -0.4514872067,
    "incomeTaxExpense": 11727000,
    "netIncome": -110330000,
    "netIncomeRatio": -0.5051832451,
    "eps": -0.51,
    "epsdiluted": -0.51,
    "weightedAverageShsOut": 214986000,
    "weightedAverageShsOutDil": 214986000,
    "link": "https://www.sec.gov/Archives/edgar/data/1051470/000089924301501758/0000899243-01-501758-index.htm",
    "finalLink": "https://www.sec.gov/Archives/edgar/data/1051470/000089924301501758/d10q.txt"
  },
  {
    "date": "2001-06-30",
    "symbol": "CCI",
    "reportedCurrency": "USD",
    "cik": "0001051470",
    "fillingDate": "2001-08-13",
    "acceptedDate": "2001-08-13 00:00:00",
    "calendarYear": "2001",
    "period": "Q2",
    "revenue": 229416000,
    "costOfRevenue": 123106000,
    "grossProfit": 106310000,
    "grossProfitRatio": 0.4633940091,
    "researchAndDevelopmentExpenses": 3758000,
    "generalAndAdministrativeExpenses": 30465000,
    "sellingAndMarketingExpenses": 0,
    "sellingGeneralAndAdministrativeExpenses": 30465000,
    "otherExpenses": 88408000,
    "operatingExpenses": 122631000,
    "costAndExpenses": 245737000,
    "interestIncome": 0,
    "interestExpense": 0,
    "depreciationAndAmortization": 97473000,
    "ebitda": 81152000,
    "ebitdaratio": 0.3537329567,
    "operatingIncome": -16321000,
    "operatingIncomeRatio": -0.0711415071,
    "totalOtherIncomeExpensesNet": -68631000,
    "incomeBeforeTax": -84952000,
    "incomeBeforeTaxRatio": -0.3702967535,
    "incomeTaxExpense": 68412000,
    "netIncome": -84733000,
    "netIncomeRatio": -0.3693421557,
    "eps": -0.4,
    "epsdiluted": -0.4,
    "weightedAverageShsOut": 214059000,
    "weightedAverageShsOutDil": 214059000,
    "link": "https://www.sec.gov/Archives/edgar/data/1051470/000089924301501223/0000899243-01-501223-index.htm",
    "finalLink": "https://www.sec.gov/Archives/edgar/data/1051470/000089924301501223/d10q.txt"
  },
  {
    "date": "2001-03-31",
    "symbol": "CCI",
    "reportedCurrency": "USD",
    "cik": "0001051470",
    "fillingDate": "2001-05-11",
    "acceptedDate": "2001-05-11 00:00:00",
    "calendarYear": "2001",
    "period": "Q1",
    "revenue": 212953000,
    "costOfRevenue": 113195000,
    "grossProfit": 99758000,
    "grossProfitRatio": 0.4684507849,
    "researchAndDevelopmentExpenses": 3453000,
    "generalAndAdministrativeExpenses": 25895000,
    "sellingAndMarketingExpenses": 0,
    "sellingGeneralAndAdministrativeExpenses": 25895000,
    "otherExpenses": 75486000,
    "operatingExpenses": 104834000,
    "costAndExpenses": 218029000,
    "interestIncome": 0,
    "interestExpense": 0,
    "depreciationAndAmortization": 96252000,
    "ebitda": 91176000,
    "ebitdaratio": 0.4281508126,
    "operatingIncome": -5076000,
    "operatingIncomeRatio": -0.0238362456,
    "totalOtherIncomeExpensesNet": -63563000,
    "incomeBeforeTax": -68639000,
    "incomeBeforeTaxRatio": -0.3223199485,
    "incomeTaxExpense": 60000,
    "netIncome": -68055000,
    "netIncomeRatio": -0.3195775594,
    "eps": -0.32,
    "epsdiluted": -0.32,
    "weightedAverageShsOut": 211195000,
    "weightedAverageShsOutDil": 211195000,
    "link": "https://www.sec.gov/Archives/edgar/data/1051470/000089924301500459/0000899243-01-500459-index.htm",
    "finalLink": "https://www.sec.gov/Archives/edgar/data/1051470/000089924301500459/d10q.txt"
  },
  {
    "date": "2000-12-31",
    "symbol": "CCI",
    "reportedCurrency": "USD",
    "cik": "0001051470",
    "fillingDate": "2001-03-30",
    "acceptedDate": "2001-03-30 00:00:00",
    "calendarYear": "2000",
    "period": "Q4",
    "revenue": 201973000,
    "costOfRevenue": 83268000,
    "grossProfit": 118705000,
    "grossProfitRatio": 0.5877270724,
    "researchAndDevelopmentExpenses": 4074000,
    "generalAndAdministrativeExpenses": 25908000,
    "sellingAndMarketingExpenses": 0,
    "sellingGeneralAndAdministrativeExpenses": 25908000,
    "otherExpenses": 92629000,
    "operatingExpenses": 122611000,
    "costAndExpenses": 205879000,
    "interestIncome": 0,
    "interestExpense": 0,
    "depreciationAndAmortization": 92629000,
    "ebitda": 88723000,
    "ebitdaratio": 0.4392814881,
    "operatingIncome": -3906000,
    "operatingIncomeRatio": -0.0193392186,
    "totalOtherIncomeExpensesNet": -55047000,
    "incomeBeforeTax": -58953000,
    "incomeBeforeTaxRatio": -0.2918855491,
    "incomeTaxExpense": 83000,
    "netIncome": -59036000,
    "netIncomeRatio": -0.2922964951,
    "eps": -0.28,
    "epsdiluted": -0.28,
    "weightedAverageShsOut": 211195000,
    "weightedAverageShsOutDil": 211195000,
    "link": "https://www.sec.gov/Archives/edgar/data/1051470/000089924301000756/0000899243-01-000756-index.htm",
    "finalLink": "https://www.sec.gov/Archives/edgar/data/1051470/000089924301000756/0000899243-01-000756-0001.txt"
  },
  {
    "date": "2000-09-30",
    "symbol": "CCI",
    "reportedCurrency": "USD",
    "cik": "0001051470",
    "fillingDate": "2000-11-13",
    "acceptedDate": "2000-11-13 00:00:00",
    "calendarYear": "2000",
    "period": "Q3",
    "revenue": 174589000,
    "costOfRevenue": 64692000,
    "grossProfit": 109897000,
    "grossProfitRatio": 0.6294611917,
    "researchAndDevelopmentExpenses": 2222000,
    "generalAndAdministrativeExpenses": 19004000,
    "sellingAndMarketingExpenses": 0,
    "sellingGeneralAndAdministrativeExpenses": 19004000,
    "otherExpenses": 86280000,
    "operatingExpenses": 107506000,
    "costAndExpenses": 172198000,
    "interestIncome": 0,
    "interestExpense": 0,
    "depreciationAndAmortization": 86280000,
    "ebitda": 88671000,
    "ebitdaratio": 0.507884231,
    "operatingIncome": 2391000,
    "operatingIncomeRatio": 0.0136950209,
    "totalOtherIncomeExpensesNet": -55229000,
    "incomeBeforeTax": -52838000,
    "incomeBeforeTaxRatio": -0.3026422054,
    "incomeTaxExpense": 127000,
    "netIncome": -52965000,
    "netIncomeRatio": -0.3033696281,
    "eps": -0.28,
    "epsdiluted": -0.28,
    "weightedAverageShsOut": 191763000,
    "weightedAverageShsOutDil": 191763000,
    "link": "https://www.sec.gov/Archives/edgar/data/1051470/000089924300002468/0000899243-00-002468-index.htm",
    "finalLink": "https://www.sec.gov/Archives/edgar/data/1051470/000089924300002468/0000899243-00-002468-0001.txt"
  },
  {
    "date": "2000-06-30",
    "symbol": "CCI",
    "reportedCurrency": "USD",
    "cik": "0001051470",
    "fillingDate": "2000-08-11",
    "acceptedDate": "2000-08-11 00:00:00",
    "calendarYear": "2000",
    "period": "Q2",
    "revenue": 148359000,
    "costOfRevenue": 48588000,
    "grossProfit": 99771000,
    "grossProfitRatio": 0.6724971185,
    "researchAndDevelopmentExpenses": 2122000,
    "generalAndAdministrativeExpenses": 19845000,
    "sellingAndMarketingExpenses": 0,
    "sellingGeneralAndAdministrativeExpenses": 19845000,
    "otherExpenses": 76629000,
    "operatingExpenses": 98596000,
    "costAndExpenses": 147184000,
    "interestIncome": 0,
    "interestExpense": 0,
    "depreciationAndAmortization": 76629000,
    "ebitda": 77804000,
    "ebitdaratio": 0.5244306041,
    "operatingIncome": 1175000,
    "operatingIncomeRatio": 0.0079199779,
    "totalOtherIncomeExpensesNet": -60380000,
    "incomeBeforeTax": -59205000,
    "incomeBeforeTaxRatio": -0.3990657796,
    "incomeTaxExpense": 25000,
    "netIncome": -59230000,
    "netIncomeRatio": -0.3992342898,
    "eps": -0.36,
    "epsdiluted": -0.36,
    "weightedAverageShsOut": 165625000,
    "weightedAverageShsOutDil": 165625000,
    "link": "https://www.sec.gov/Archives/edgar/data/1051470/000089924300001912/0000899243-00-001912-index.htm",
    "finalLink": "https://www.sec.gov/Archives/edgar/data/1051470/000089924300001912/0000899243-00-001912-0001.txt"
  },
  {
    "date": "2000-03-31",
    "symbol": "CCI",
    "reportedCurrency": "USD",
    "cik": "0001051470",
    "fillingDate": "2000-05-11",
    "acceptedDate": "2000-05-11 00:00:00",
    "calendarYear": "2000",
    "period": "Q1",
    "revenue": 124244000,
    "costOfRevenue": 37049000,
    "grossProfit": 87195000,
    "grossProfitRatio": 0.7018045137,
    "researchAndDevelopmentExpenses": 2071000,
    "generalAndAdministrativeExpenses": 14853000,
    "sellingAndMarketingExpenses": 0,
    "sellingGeneralAndAdministrativeExpenses": 14853000,
    "otherExpenses": 64261000,
    "operatingExpenses": 81185000,
    "costAndExpenses": 118234000,
    "interestIncome": 0,
    "interestExpense": 0,
    "depreciationAndAmortization": 64261000,
    "ebitda": 70271000,
    "ebitdaratio": 0.5655886803,
    "operatingIncome": 6010000,
    "operatingIncomeRatio": 0.0483725572,
    "totalOtherIncomeExpensesNet": -38059000,
    "incomeBeforeTax": -32049000,
    "incomeBeforeTaxRatio": -0.2579520943,
    "incomeTaxExpense": 11000,
    "netIncome": -33555000,
    "netIncomeRatio": -0.2700734039,
    "eps": -0.21,
    "epsdiluted": -0.21,
    "weightedAverageShsOut": 158566000,
    "weightedAverageShsOutDil": 158566000,
    "link": "https://www.sec.gov/Archives/edgar/data/1051470/000089924300001255/0000899243-00-001255-index.html",
    "finalLink": "https://www.sec.gov/Archives/edgar/data/1051470/000089924300001255/"
  },
  {
    "date": "1999-12-31",
    "symbol": "CCI",
    "reportedCurrency": "USD",
    "cik": "0001051470",
    "fillingDate": "2000-03-30",
    "acceptedDate": "2000-03-30 00:00:00",
    "calendarYear": "1999",
    "period": "Q4",
    "revenue": 114200000,
    "costOfRevenue": 33100000,
    "grossProfit": 81100000,
    "grossProfitRatio": 0.7101576182,
    "researchAndDevelopmentExpenses": 1300000,
    "generalAndAdministrativeExpenses": 12000000,
    "sellingAndMarketingExpenses": 0,
    "sellingGeneralAndAdministrativeExpenses": 12000000,
    "otherExpenses": 59400000,
    "operatingExpenses": 72700000,
    "costAndExpenses": 105800000,
    "interestIncome": 0,
    "interestExpense": 0,
    "depreciationAndAmortization": 59400000,
    "ebitda": 67800000,
    "ebitdaratio": 0.5936952715,
    "operatingIncome": 8400000,
    "operatingIncomeRatio": 0.0735551664,
    "totalOtherIncomeExpensesNet": -41300000,
    "incomeBeforeTax": -32900000,
    "incomeBeforeTaxRatio": -0.2880910683,
    "incomeTaxExpense": 0,
    "netIncome": -32900000,
    "netIncomeRatio": -0.2880910683,
    "eps": -0.21,
    "epsdiluted": -0.21,
    "weightedAverageShsOut": 157040471,
    "weightedAverageShsOutDil": 158566000,
    "link": "https://www.sec.gov/Archives/edgar/data/1051470/000089924300000662/0000899243-00-000662-index.html",
    "finalLink": "https://www.sec.gov/Archives/edgar/data/1051470/000089924300000662/"
  },
  {
    "date": "1999-09-30",
    "symbol": "CCI",
    "reportedCurrency": "USD",
    "cik": "0001051470",
    "fillingDate": "1999-11-12",
    "acceptedDate": "1999-11-12 00:00:00",
    "calendarYear": "1999",
    "period": "Q3",
    "revenue": 98927000,
    "costOfRevenue": 27400000,
    "grossProfit": 71527000,
    "grossProfitRatio": 0.7230280914,
    "researchAndDevelopmentExpenses": 1200000,
    "generalAndAdministrativeExpenses": 13000000,
    "sellingAndMarketingExpenses": 0,
    "sellingGeneralAndAdministrativeExpenses": 13000000,
    "otherExpenses": 57100000,
    "operatingExpenses": 71300000,
    "costAndExpenses": 98700000,
    "interestIncome": 0,
    "interestExpense": 0,
    "depreciationAndAmortization": 57100000,
    "ebitda": 57327000,
    "ebitdaratio": 0.5794879052,
    "operatingIncome": 227000,
    "operatingIncomeRatio": 0.0022946213,
    "totalOtherIncomeExpensesNet": -27227000,
    "incomeBeforeTax": -27000000,
    "incomeBeforeTaxRatio": -0.2729285231,
    "incomeTaxExpense": 100000,
    "netIncome": -27100000,
    "netIncomeRatio": -0.2739393694,
    "eps": -0.18,
    "epsdiluted": -0.18,
    "weightedAverageShsOut": 147391304,
    "weightedAverageShsOutDil": 147391304,
    "link": "https://www.sec.gov/Archives/edgar/data/1051470/000089924399002288/0000899243-99-002288-index.html",
    "finalLink": "https://www.sec.gov/Archives/edgar/data/1051470/000089924399002288/"
  },
  {
    "date": "1999-06-30",
    "symbol": "CCI",
    "reportedCurrency": "USD",
    "cik": "0001051470",
    "fillingDate": "1999-08-13",
    "acceptedDate": "1999-08-13 00:00:00",
    "calendarYear": "1999",
    "period": "Q2",
    "revenue": 77500000,
    "costOfRevenue": 25800000,
    "grossProfit": 51700000,
    "grossProfitRatio": 0.6670967742,
    "researchAndDevelopmentExpenses": 2100000,
    "generalAndAdministrativeExpenses": 9200000,
    "sellingAndMarketingExpenses": 0,
    "sellingGeneralAndAdministrativeExpenses": 9200000,
    "otherExpenses": 38900000,
    "operatingExpenses": 50200000,
    "costAndExpenses": 76000000,
    "interestIncome": 0,
    "interestExpense": 0,
    "depreciationAndAmortization": 38900000,
    "ebitda": 40400000,
    "ebitdaratio": 0.5212903226,
    "operatingIncome": 1500000,
    "operatingIncomeRatio": 0.0193548387,
    "totalOtherIncomeExpensesNet": -22300000,
    "incomeBeforeTax": -20800000,
    "incomeBeforeTaxRatio": -0.2683870968,
    "incomeTaxExpense": 100000,
    "netIncome": -20900000,
    "netIncomeRatio": -0.2696774194,
    "eps": -0.17,
    "epsdiluted": -0.17,
    "weightedAverageShsOut": 125000000,
    "weightedAverageShsOutDil": 125000000,
    "link": "https://www.sec.gov/Archives/edgar/data/1051470/000089924399001717/0000899243-99-001717-index.html",
    "finalLink": "https://www.sec.gov/Archives/edgar/data/1051470/000089924399001717/"
  },
  {
    "date": "1999-03-31",
    "symbol": "CCI",
    "reportedCurrency": "USD",
    "cik": "0001051470",
    "fillingDate": "1999-05-17",
    "acceptedDate": "1999-05-17 00:00:00",
    "calendarYear": "1999",
    "period": "Q1",
    "revenue": 55100000,
    "costOfRevenue": 20600000,
    "grossProfit": 34500000,
    "grossProfitRatio": 0.6261343013,
    "researchAndDevelopmentExpenses": 900000,
    "generalAndAdministrativeExpenses": 8300000,
    "sellingAndMarketingExpenses": 0,
    "sellingGeneralAndAdministrativeExpenses": 8300000,
    "otherExpenses": 24600000,
    "operatingExpenses": 33800000,
    "costAndExpenses": 54400000,
    "interestIncome": 0,
    "interestExpense": 0,
    "depreciationAndAmortization": 24600000,
    "ebitda": 25300000,
    "ebitdaratio": 0.4591651543,
    "operatingIncome": 700000,
    "operatingIncomeRatio": 0.0127041742,
    "totalOtherIncomeExpensesNet": -14100000,
    "incomeBeforeTax": -13400000,
    "incomeBeforeTaxRatio": -0.2431941924,
    "incomeTaxExpense": 100000,
    "netIncome": -15900000,
    "netIncomeRatio": -0.2885662432,
    "eps": -0.17,
    "epsdiluted": -0.17,
    "weightedAverageShsOut": 92916667,
    "weightedAverageShsOutDil": 92916667,
    "link": "https://www.sec.gov/Archives/edgar/data/1051470/000089924399001099/0000899243-99-001099-index.html",
    "finalLink": "https://www.sec.gov/Archives/edgar/data/1051470/"
  },
  {
    "date": "1998-12-31",
    "symbol": "CCI",
    "reportedCurrency": "USD",
    "cik": "0001051470",
    "fillingDate": "1999-03-17",
    "acceptedDate": "1999-03-17 00:00:00",
    "calendarYear": "1998",
    "period": "Q4",
    "revenue": 60800000,
    "costOfRevenue": 20400000,
    "grossProfit": 40400000,
    "grossProfitRatio": 0.6644736842,
    "researchAndDevelopmentExpenses": 1800000,
    "generalAndAdministrativeExpenses": 8600000,
    "sellingAndMarketingExpenses": 0,
    "sellingGeneralAndAdministrativeExpenses": 8600000,
    "otherExpenses": 24900000,
    "operatingExpenses": 35300000,
    "costAndExpenses": 55700000,
    "interestIncome": 0,
    "interestExpense": 0,
    "depreciationAndAmortization": 24900000,
    "ebitda": 30000000,
    "ebitdaratio": 0.4934210526,
    "operatingIncome": 5100000,
    "operatingIncomeRatio": 0.0838815789,
    "totalOtherIncomeExpensesNet": -12200000,
    "incomeBeforeTax": -7100000,
    "incomeBeforeTaxRatio": -0.1167763158,
    "incomeTaxExpense": 200000,
    "netIncome": -7300000,
    "netIncomeRatio": -0.1200657895,
    "eps": -0.0786,
    "epsdiluted": -0.0786,
    "weightedAverageShsOut": 92916667,
    "weightedAverageShsOutDil": 92916667,
    "link": "https://www.sec.gov/Archives/edgar/data/1051470/000095013099001474/0000950130-99-001474-index.html",
    "finalLink": "https://www.sec.gov/Archives/edgar/data/1051470/"
  },
  {
    "date": "1998-09-30",
    "symbol": "CCI",
    "reportedCurrency": "USD",
    "cik": "0001051470",
    "fillingDate": "1998-11-16",
    "acceptedDate": "1998-11-16 00:00:00",
    "calendarYear": "1998",
    "period": "Q3",
    "revenue": 28900000,
    "costOfRevenue": 8500000,
    "grossProfit": 20400000,
    "grossProfitRatio": 0.7058823529,
    "researchAndDevelopmentExpenses": 800000,
    "generalAndAdministrativeExpenses": 6300000,
    "sellingAndMarketingExpenses": 0,
    "sellingGeneralAndAdministrativeExpenses": 6300000,
    "otherExpenses": 14000000,
    "operatingExpenses": 21100000,
    "costAndExpenses": 29600000,
    "interestIncome": 0,
    "interestExpense": 0,
    "depreciationAndAmortization": 14000000,
    "ebitda": 13300000,
    "ebitdaratio": 0.4602076125,
    "operatingIncome": -700000,
    "operatingIncomeRatio": -0.0242214533,
    "totalOtherIncomeExpensesNet": 700000,
    "incomeBeforeTax": 0,
    "incomeBeforeTaxRatio": 0,
    "incomeTaxExpense": 16700000,
    "netIncome": -17400000,
    "netIncomeRatio": -0.6020761246,
    "eps": -2.08,
    "epsdiluted": -2.08,
    "weightedAverageShsOut": 8354430,
    "weightedAverageShsOutDil": 8354430,
    "link": "https://www.sec.gov/Archives/edgar/data/1051470/000089924398002152/0000899243-98-002152-index.html",
    "finalLink": "https://www.sec.gov/Archives/edgar/data/1051470/"
  },
  {
    "date": "1998-06-30",
    "symbol": "CCI",
    "reportedCurrency": "USD",
    "cik": "0001051470",
    "fillingDate": "1998-08-12",
    "acceptedDate": "1998-08-12 00:00:00",
    "calendarYear": "1998",
    "period": "Q2",
    "revenue": 11500000,
    "costOfRevenue": -100000,
    "grossProfit": 11600000,
    "grossProfitRatio": 1.0086956522,
    "researchAndDevelopmentExpenses": 700000,
    "generalAndAdministrativeExpenses": 5000000,
    "sellingAndMarketingExpenses": 0,
    "sellingGeneralAndAdministrativeExpenses": 5000000,
    "otherExpenses": 8100000,
    "operatingExpenses": 13800000,
    "costAndExpenses": 13700000,
    "interestIncome": 0,
    "interestExpense": 0,
    "depreciationAndAmortization": 8100000,
    "ebitda": 5900000,
    "ebitdaratio": 0.5130434783,
    "operatingIncome": -2200000,
    "operatingIncomeRatio": -0.1913043478,
    "totalOtherIncomeExpensesNet": -4000000,
    "incomeBeforeTax": -6200000,
    "incomeBeforeTaxRatio": -0.5391304348,
    "incomeTaxExpense": 200000,
    "netIncome": -6400000,
    "netIncomeRatio": -0.5565217391,
    "eps": -0.77,
    "epsdiluted": -0.77,
    "weightedAverageShsOut": 8354430,
    "weightedAverageShsOutDil": 8354430,
    "link": "https://www.sec.gov/Archives/edgar/data/1051470/000089924398001518/0000899243-98-001518-index.html",
    "finalLink": "https://www.sec.gov/Archives/edgar/data/1051470/"
  },
  {
    "date": "1998-03-31",
    "symbol": "CCI",
    "reportedCurrency": "USD",
    "cik": "0001051470",
    "fillingDate": "1998-05-15",
    "acceptedDate": "1998-05-15 00:00:00",
    "calendarYear": "1998",
    "period": "Q1",
    "revenue": 11900000,
    "costOfRevenue": 0,
    "grossProfit": 11900000,
    "grossProfitRatio": 1,
    "researchAndDevelopmentExpenses": 0,
    "generalAndAdministrativeExpenses": 0,
    "sellingAndMarketingExpenses": 0,
    "sellingGeneralAndAdministrativeExpenses": 0,
    "otherExpenses": 0,
    "operatingExpenses": 0,
    "costAndExpenses": 0,
    "interestIncome": 0,
    "interestExpense": 0,
    "depreciationAndAmortization": 0,
    "ebitda": 11900000,
    "ebitdaratio": 1,
    "operatingIncome": 11900000,
    "operatingIncomeRatio": 1,
    "totalOtherIncomeExpensesNet": -11900000,
    "incomeBeforeTax": 0,
    "incomeBeforeTaxRatio": 0,
    "incomeTaxExpense": 6600000,
    "netIncome": -6600000,
    "netIncomeRatio": -0.5546218487,
    "eps": -0.79,
    "epsdiluted": -0.79,
    "weightedAverageShsOut": 8354430,
    "weightedAverageShsOutDil": 8354430,
    "link": "https://www.sec.gov/Archives/edgar/data/1051470/000089924398001012/0000899243-98-001012-index.html",
    "finalLink": "https://www.sec.gov/Archives/edgar/data/1051470/"
  },
  {
    "date": "1997-12-31",
    "symbol": "CCI",
    "reportedCurrency": "USD",
    "cik": "0001051470",
    "fillingDate": "1997-12-31",
    "acceptedDate": "1997-12-30 19:00:00",
    "calendarYear": "1997",
    "period": "Q4",
    "revenue": 7700000,
    "costOfRevenue": 0,
    "grossProfit": 7700000,
    "grossProfitRatio": 1,
    "researchAndDevelopmentExpenses": 0,
    "generalAndAdministrativeExpenses": 0,
    "sellingAndMarketingExpenses": 0,
    "sellingGeneralAndAdministrativeExpenses": 0,
    "otherExpenses": 34800000,
    "operatingExpenses": 34800000,
    "costAndExpenses": 34800000,
    "interestIncome": 0,
    "interestExpense": 0,
    "depreciationAndAmortization": 0,
    "ebitda": -27100000,
    "ebitdaratio": -3.5194805195,
    "operatingIncome": -27100000,
    "operatingIncomeRatio": -3.5194805195,
    "totalOtherIncomeExpensesNet": 27100000,
    "incomeBeforeTax": 0,
    "incomeBeforeTaxRatio": 0,
    "incomeTaxExpense": 2900000,
    "netIncome": -2900000,
    "netIncomeRatio": -0.3766233766,
    "eps": -0.55,
    "epsdiluted": -0.55,
    "weightedAverageShsOut": 5263158,
    "weightedAverageShsOutDil": 5263158,
    "link": "",
    "finalLink": ""
  },
  {
    "date": "1997-09-30",
    "symbol": "CCI",
    "reportedCurrency": "USD",
    "cik": "0001051470",
    "fillingDate": "1997-09-30",
    "acceptedDate": "1997-09-29 20:00:00",
    "calendarYear": "1997",
    "period": "Q3",
    "revenue": 7900000,
    "costOfRevenue": 0,
    "grossProfit": 7900000,
    "grossProfitRatio": 1,
    "researchAndDevelopmentExpenses": 0,
    "generalAndAdministrativeExpenses": 0,
    "sellingAndMarketingExpenses": 0,
    "sellingGeneralAndAdministrativeExpenses": 0,
    "otherExpenses": 0,
    "operatingExpenses": 0,
    "costAndExpenses": 0,
    "interestIncome": 0,
    "interestExpense": 0,
    "depreciationAndAmortization": 0,
    "ebitda": 7900000,
    "ebitdaratio": 1,
    "operatingIncome": 7900000,
    "operatingIncomeRatio": 1,
    "totalOtherIncomeExpensesNet": -7900000,
    "incomeBeforeTax": 0,
    "incomeBeforeTaxRatio": 0,
    "incomeTaxExpense": 3000000,
    "netIncome": -3000000,
    "netIncomeRatio": -0.3797468354,
    "eps": -0.57,
    "epsdiluted": -0.57,
    "weightedAverageShsOut": 5263158,
    "weightedAverageShsOutDil": 5263158,
    "link": "",
    "finalLink": ""
  },
  {
    "date": "1997-06-30",
    "symbol": "CCI",
    "reportedCurrency": "USD",
    "cik": "0001051470",
    "fillingDate": "1997-06-30",
    "acceptedDate": "1997-06-29 20:00:00",
    "calendarYear": "1997",
    "period": "Q2",
    "revenue": 7900000,
    "costOfRevenue": 0,
    "grossProfit": 7900000,
    "grossProfitRatio": 1,
    "researchAndDevelopmentExpenses": 0,
    "generalAndAdministrativeExpenses": 0,
    "sellingAndMarketingExpenses": 0,
    "sellingGeneralAndAdministrativeExpenses": 0,
    "otherExpenses": 0,
    "operatingExpenses": 0,
    "costAndExpenses": 0,
    "interestIncome": 0,
    "interestExpense": 0,
    "depreciationAndAmortization": 0,
    "ebitda": 7900000,
    "ebitdaratio": 1,
    "operatingIncome": 7900000,
    "operatingIncomeRatio": 1,
    "totalOtherIncomeExpensesNet": -7900000,
    "incomeBeforeTax": 0,
    "incomeBeforeTaxRatio": 0,
    "incomeTaxExpense": 3000000,
    "netIncome": -3000000,
    "netIncomeRatio": -0.3797468354,
    "eps": -0.57,
    "epsdiluted": -0.57,
    "weightedAverageShsOut": 5263158,
    "weightedAverageShsOutDil": 5263158,
    "link": "",
    "finalLink": ""
  },
  {
    "date": "1997-03-31",
    "symbol": "CCI",
    "reportedCurrency": "USD",
    "cik": "0001051470",
    "fillingDate": "1997-03-31",
    "acceptedDate": "1997-03-30 19:00:00",
    "calendarYear": "1997",
    "period": "Q1",
    "revenue": 7900000,
    "costOfRevenue": 0,
    "grossProfit": 7900000,
    "grossProfitRatio": 1,
    "researchAndDevelopmentExpenses": 0,
    "generalAndAdministrativeExpenses": 0,
    "sellingAndMarketingExpenses": 0,
    "sellingGeneralAndAdministrativeExpenses": 0,
    "otherExpenses": 0,
    "operatingExpenses": 0,
    "costAndExpenses": 0,
    "interestIncome": 0,
    "interestExpense": 0,
    "depreciationAndAmortization": 0,
    "ebitda": 7900000,
    "ebitdaratio": 1,
    "operatingIncome": 7900000,
    "operatingIncomeRatio": 1,
    "totalOtherIncomeExpensesNet": -7900000,
    "incomeBeforeTax": 0,
    "incomeBeforeTaxRatio": 0,
    "incomeTaxExpense": 3000000,
    "netIncome": -3000000,
    "netIncomeRatio": -0.3797468354,
    "eps": -0.57,
    "epsdiluted": -0.57,
    "weightedAverageShsOut": 5263158,
    "weightedAverageShsOutDil": 5263158,
    "link": "",
    "finalLink": ""
  }
]