[
  {
    "date": "2024-12-31",
    "symbol": "CCI",
    "reportedCurrency": "USD",
    "cik": "0001051470",
    "fillingDate": "2025-03-14",
    "acceptedDate": "2025-03-14 16:23:11",
    "calendarYear": "2024",
    "period": "FY",
    "revenue": 6568000000,
    "costOfRevenue": 1847000000,
    "grossProfit": 4721000000,
    "grossProfitRatio": 0.7187880633,
    "researchAndDevelopmentExpenses": 0,
    "generalAndAdministrativeExpenses": 0,
    "sellingAndMarketingExpenses": 0,
    "sellingGeneralAndAdministrativeExpenses": 706000000,
    "otherExpenses": 6953000000,
    "operatingExpenses": 7659000000,
    "costAndExpenses": 9506000000,
    "interestIncome": 19000000,
    "interestExpense": 900000000,
    "depreciationAndAmortization": 1738000000,
    "ebitda": -1241000000,
    "ebitdaratio": -0.1889464068,
    "operatingIncome": -2938000000,
    "operatingIncomeRatio": -0.447320341,
    "totalOtherIncomeExpensesNet": -941000000,
    "incomeBeforeTax": -3879000000,
    "incomeBeforeTaxRatio": -0.590590743,
    "incomeTaxExpense": 24000000,
    "netIncome": -3903000000,
    "netIncomeRatio": -0.5942448234,
    "eps": -8.98,
    "epsdiluted": -8.98,
    "weightedAverageShsOut": 434000000,
    "weightedAverageShsOutDil": 434000000,
    "link": "https://www.sec.gov/Archives/edgar/data/1051470/000105147025000089/0001051470-25-000089-index.htm",
    "finalLink": "https://www.sec.gov/Archives/edgar/data/1051470/000105147025000089/cci-20241231.htm"
  },
  {
    "date": "2023-12-31",
    "symbol": "CCI",
    "reportedCurrency": "USD",
    "cik": "0001051470",
    "fillingDate": "2024-02-23",
    "acceptedDate": "2024-02-23 16:08:44",
    "calendarYear": "2023",
    "period": "FY",
    "revenue": 6981000000,
    "costOfRevenue": 1980000000,
    "grossProfit": 5001000000,
    "grossProfitRatio": 0.7163730125,
    "researchAndDevelopmentExpenses": 0,
    "generalAndAdministrativeExpenses": 0,
    "sellingAndMarketingExpenses": 0,
    "sellingGeneralAndAdministrativeExpenses": 759000000,
    "otherExpenses": 1873000000,
    "operatingExpenses": 2632000000,
    "costAndExpenses": 4612000000,
    "interestIncome": 15000000,
    "interestExpense": 821000000,
    "depreciationAndAmortization": 1754000000,
    "ebitda": 4103000000,
    "ebitdaratio": 0.5877381464,
    "operatingIncome": 2369000000,
    "operatingIncomeRatio": 0.3393496634,
    "totalOtherIncomeExpensesNet": -841000000,
    "incomeBeforeTax": 1528000000,
    "incomeBeforeTaxRatio": 0.2188798166,
    "incomeTaxExpense": 26000000,
    "netIncome": 1502000000,
    "netIncomeRatio": 0.2151554219,
    "eps": 3.46,
    "epsdiluted": 3.46,
    "weightedAverageShsOut": 434000000,
    "weightedAverageShsOutDil": 434000000,
    "link": "https://www.sec.gov/Archives/edgar/data/1051470/000105147024000062/0001051470-24-000062-index.htm",
    "finalLink": "https://www.sec.gov/Archives/edgar/data/1051470/000105147024000062/cci-20231231.htm"
  },
  {
    "date": "2022-12-31",
    "symbol": "CCI",
    "reportedCurrency": "USD",
    "cik": "0001051470",
    "fillingDate": "2023-02-24",
    "acceptedDate": "2023-02-24 16:08:38",
    "calendarYear": "2022",
    "period": "FY",
    "revenue": 6986000000,
    "costOfRevenue": 2068000000,
    "grossProfit": 4918000000,
    "grossProfitRatio": 0.7039793873,
    "researchAndDevelopmentExpenses": 0,
    "generalAndAdministrativeExpenses": 0,
    "sellingAndMarketingExpenses": 0,
    "sellingGeneralAndAdministrativeExpenses": 750000000,
    "otherExpenses": 1743000000,
    "operatingExpenses": 2493000000,
    "costAndExpenses": 4561000000,
    "interestIncome": 3000000,
    "interestExpense": 673000000,
    "depreciationAndAmortization": 1707000000,
    "ebitda": 4071000000,
    "ebitdaratio": 0.5827369024,
    "operatingIncome": 2425000000,
    "operatingIncomeRatio": 0.3471228171,
    "totalOtherIncomeExpensesNet": -734000000,
    "incomeBeforeTax": 1691000000,
    "incomeBeforeTaxRatio": 0.2420555397,
    "incomeTaxExpense": 16000000,
    "netIncome": 1675000000,
    "netIncomeRatio": 0.2397652448,
    "eps": 3.87,
    "epsdiluted": 3.86,
    "weightedAverageShsOut": 433000000,
    "weightedAverageShsOutDil": 434000000,
    "link": "https://www.sec.gov/Archives/edgar/data/1051470/000105147023000041/0001051470-23-000041-index.htm",
    "finalLink": "https://www.sec.gov/Archives/edgar/data/1051470/000105147023000041/cci-20221231.htm"
  },
  {
    "date": "2021-12-31",
    "symbol": "CCI",
    "reportedCurrency": "USD",
    "cik": "0001051470",
    "fillingDate": "2022-02-22",
    "acceptedDate": "2022-02-22 16:17:25",
    "calendarYear": "2021",
    "period": "FY",
    "revenue": 6340000000,
    "costOfRevenue": 1993000000,
    "grossProfit": 4347000000,
    "grossProfitRatio": 0.6856466877,
    "researchAndDevelopmentExpenses": 0,
    "generalAndAdministrativeExpenses": 0,
    "sellingAndMarketingExpenses": 0,
    "sellingGeneralAndAdministrativeExpenses": 680000000,
    "otherExpenses": 1666000000,
    "operatingExpenses": 2346000000,
    "costAndExpenses": 4339000000,
    "interestIncome": 1000000,
    "interestExpense": 632000000,
    "depreciationAndAmortization": 1644000000,
    "ebitda": 3455000000,
    "ebitdaratio": 0.5449526814,
    "operatingIncome": 2001000000,
    "operatingIncomeRatio": 0.315615142,
    "totalOtherIncomeExpensesNet": -822000000,
    "incomeBeforeTax": 1179000000,
    "incomeBeforeTaxRatio": 0.1859621451,
    "incomeTaxExpense": 21000000,
    "netIncome": 1096000000,
    "netIncomeRatio": 0.1728706625,
    "eps": 2.54,
    "epsdiluted": 2.53,
    "weightedAverageShsOut": 432000000,
    "weightedAverageShsOutDil": 434000000,
    "link": "https://www.sec.gov/Archives/edgar/data/1051470/000105147022000019/0001051470-22-000019-index.htm",
    "finalLink": "https://www.sec.gov/Archives/edgar/data/1051470/000105147022000019/cci-20211231.htm"
  },
  {
    "date": "2020-12-31",
    "symbol": "CCI",
    "reportedCurrency": "USD",
    "cik": "0001051470",
    "fillingDate": "2021-02-22",
    "acceptedDate": "2021-02-22 16:20:53",
    "calendarYear": "2020",
    "period": "FY",
    "revenue": 5840000000,
    "costOfRevenue": 1969000000,
    "grossProfit": 3871000000,
    "grossProfitRatio": 0.6628424658,
    "researchAndDevelopmentExpenses": 0,
    "generalAndAdministrativeExpenses": 0,
    "sellingAndMarketingExpenses": 0,
    "sellingGeneralAndAdministrativeExpenses": 678000000,
    "otherExpenses": 1330000000,
    "operatingExpenses": 2008000000,
    "costAndExpenses": 3977000000,
    "interestIncome": 2000000,
    "interestExpense": 0,
    "depreciationAndAmortization": 1608000000,
    "ebitda": 3350000000,
    "ebitdaratio": 0.573630137,
    "operatingIncome": 1863000000,
    "operatingIncomeRatio": 0.3190068493,
    "totalOtherIncomeExpensesNet": -787000000,
    "incomeBeforeTax": 1076000000,
    "incomeBeforeTaxRatio": 0.1842465753,
    "incomeTaxExpense": 20000000,
    "netIncome": 1056000000,
    "netIncomeRatio": 0.1808219178,
    "eps": 2.36,
    "epsdiluted": 2.35,
    "weightedAverageShsOut": 423000000,
    "weightedAverageShsOutDil": 425000000,
    "link": "https://www.sec.gov/Archives/edgar/data/1051470/000105147021000031/0001051470-21-000031-index.htm",
    "finalLink": "https://www.sec.gov/Archives/edgar/data/1051470/000105147021000031/cci-20201231.htm"
  },
  {
    "date": "2019-12-31",
    "symbol": "CCI",
    "reportedCurrency": "USD",
    "cik": "0001051470",
    "fillingDate": "2020-03-10",
    "acceptedDate": "2020-03-10 16:51:05",
    "calendarYear": "2019",
    "period": "FY",
    "revenue": 5763000000,
    "costOfRevenue": 1986000000,
    "grossProfit": 3777000000,
    "grossProfitRatio": 0.6553878188,
    "researchAndDevelopmentExpenses": 0,
    "generalAndAdministrativeExpenses": 0,
    "sellingAndMarketingExpenses": 0,
    "sellingGeneralAndAdministrativeExpenses": 614000000,
    "otherExpenses": 1604000000,
    "operatingExpenses": 2218000000,
    "costAndExpenses": 4204000000,
    "interestIncome": 6000000,
    "interestExpense": 683000000,
    "depreciationAndAmortization": 1572000000,
    "ebitda": 3115000000,
    "ebitdaratio": 0.5405170918,
    "operatingIncome": 1559000000,
    "operatingIncomeRatio": 0.270518827,
    "totalOtherIncomeExpensesNet": -678000000,
    "incomeBeforeTax": 881000000,
    "incomeBeforeTaxRatio": 0.1528717682,
    "incomeTaxExpense": 21000000,
    "netIncome": 860000000,
    "netIncomeRatio": 0.1492278327,
    "eps": 1.8,
    "epsdiluted": 1.79,
    "weightedAverageShsOut": 416000000,
    "weightedAverageShsOutDil": 418000000,
    "link": "https://www.sec.gov/Archives/edgar/data/1051470/000105147020000077/0001051470-20-000077-index.htm",
    "finalLink": "https://www.sec.gov/Archives/edgar/data/1051470/000105147020000077/cci10k123119q4.htm"
  },
  {
    "date": "2018-12-31",
    "symbol": "CCI",
    "reportedCurrency": "USD",
    "cik": "0001051470",
    "fillingDate": "2019-02-25",
    "acceptedDate": "2019-02-25 16:31:01",
    "calendarYear": "2018",
    "period": "FY",
    "revenue": 5370000000,
    "costOfRevenue": 1844000000,
    "grossProfit": 3526000000,
    "grossProfitRatio": 0.6566108007,
    "researchAndDevelopmentExpenses": 0,
    "generalAndAdministrativeExpenses": 563000000,
    "sellingAndMarketingExpenses": 0,
    "sellingGeneralAndAdministrativeExpenses": 563000000,
    "otherExpenses": 1580000000,
    "operatingExpenses": 2143000000,
    "costAndExpenses": 3987000000,
    "interestIncome": 5000000,
    "interestExpense": 642000000,
    "depreciationAndAmortization": 1527000000,
    "ebitda": 2788000000,
    "ebitdaratio": 0.5191806331,
    "operatingIncome": 1383000000,
    "operatingIncomeRatio": 0.2575418994,
    "totalOtherIncomeExpensesNet": -742000000,
    "incomeBeforeTax": 641000000,
    "incomeBeforeTaxRatio": 0.1193668529,
    "incomeTaxExpense": 19000000,
    "netIncome": 622000000,
    "netIncomeRatio": 0.1158286778,
    "eps": 1.23,
    "epsdiluted": 1.23,
    "weightedAverageShsOut": 413000000,
    "weightedAverageShsOutDil": 415000000,
    "link": "https://www.sec.gov/Archives/edgar/data/1051470/000105147019000046/0001051470-19-000046-index.htm",
    "finalLink": "https://www.sec.gov/Archives/edgar/data/1051470/000105147019000046/cci10-k123118.htm"
  },
  {
    "date": "2017-12-31",
    "symbol": "CCI",
    "reportedCurrency": "USD",
    "cik": "0001051470",
    "fillingDate": "2018-02-26",
    "acceptedDate": "2018-02-26 16:34:57",
    "calendarYear": "2017",
    "period": "FY",
    "revenue": 4255000000,
    "costOfRevenue": 1543000000,
    "grossProfit": 2712000000,
    "grossProfitRatio": 0.6373678026,
    "researchAndDevelopmentExpenses": 0,
    "generalAndAdministrativeExpenses": 426698000,
    "sellingAndMarketingExpenses": -698000,
    "sellingGeneralAndAdministrativeExpenses": 426000000,
    "otherExpenses": 1319000000,
    "operatingExpenses": 1745000000,
    "costAndExpenses": 3288000000,
    "interestIncome": 19000000,
    "interestExpense": 590682000,
    "depreciationAndAmortization": 1241000000,
    "ebitda": 2203000000,
    "ebitdaratio": 0.5177438308,
    "operatingIncome": 967000000,
    "operatingIncomeRatio": 0.2272620447,
    "totalOtherIncomeExpensesNet": -575000000,
    "incomeBeforeTax": 392000000,
    "incomeBeforeTaxRatio": 0.0921269095,
    "incomeTaxExpense": 26000000,
    "netIncome": 366000000,
    "netIncomeRatio": 0.0860164512,
    "eps": 0.81,
    "epsdiluted": 0.8,
    "weightedAverageShsOut": 381740000,
    "weightedAverageShsOutDil": 383221000,
    "link": "https://www.sec.gov/Archives/edgar/data/1051470/000105147018000082/0001051470-18-000082-index.htm",
    "finalLink": "https://www.sec.gov/Archives/edgar/data/1051470/000105147018000082/cci10-k123117.htm"
  },
  {
    "date": "2016-12-31",
    "symbol": "CCI",
    "reportedCurrency": "USD",
    "cik": "0001051470",
    "fillingDate": "2017-02-22",
    "acceptedDate": "2017-02-22 16:55:06",
    "calendarYear": "2016",
    "period": "FY",
    "revenue": 3921000000,
    "costOfRevenue": 1441000000,
    "grossProfit": 2480000000,
    "grossProfitRatio": 0.6324917113,
    "researchAndDevelopmentExpenses": 0,
    "generalAndAdministrativeExpenses": 371031000,
    "sellingAndMarketingExpenses": -31000,
    "sellingGeneralAndAdministrativeExpenses": 371000000,
    "otherExpenses": 1160000000,
    "operatingExpenses": 1531000000,
    "costAndExpenses": 2972000000,
    "interestIncome": 1000000,
    "interestExpense": 515032000,
    "depreciationAndAmortization": 1109000000,
    "ebitda": 1977000000,
    "ebitdaratio": 0.5042081102,
    "operatingIncome": 949000000,
    "operatingIncomeRatio": 0.2420300944,
    "totalOtherIncomeExpensesNet": -575000000,
    "incomeBeforeTax": 374000000,
    "incomeBeforeTaxRatio": 0.0953838307,
    "incomeTaxExpense": 17000000,
    "netIncome": 356973000,
    "netIncomeRatio": 0.091041316,
    "eps": 0.95,
    "epsdiluted": 0.95,
    "weightedAverageShsOut": 340349000,
    "weightedAverageShsOutDil": 340879000,
    "link": "https://www.sec.gov/Archives/edgar/data/1051470/000105147017000059/0001051470-17-000059-index.htm",
    "finalLink": "https://www.sec.gov/Archives/edgar/data/1051470/000105147017000059/cci10-k123116.htm"
  },
  {
    "date": "2015-12-31",
    "symbol": "CCI",
    "reportedCurrency": "USD",
    "cik": "0001051470",
    "fillingDate": "2016-02-22",
    "acceptedDate": "2016-02-22 16:29:18",
    "calendarYear": "2015",
    "period": "FY",
    "revenue": 3663851000,
    "costOfRevenue": 1321426000,
    "grossProfit": 2342425000,
    "grossProfitRatio": 0.6393341323,
    "researchAndDevelopmentExpenses": 0,
    "generalAndAdministrativeExpenses": 310921000,
    "sellingAndMarketingExpenses": 0,
    "sellingGeneralAndAdministrativeExpenses": 310921000,
    "otherExpenses": 1085324000,
    "operatingExpenses": 1396245000,
    "costAndExpenses": 2717671000,
    "interestIncome": 1906000,
    "interestExpense": 0,
    "depreciationAndAmortization": 1036178000,
    "ebitda": 1995204000,
    "ebitdaratio": 0.5445647217,
    "operatingIncome": 946180000,
    "operatingIncomeRatio": 0.2582474014,
    "totalOtherIncomeExpensesNet": -472351000,
    "incomeBeforeTax": 473829000,
    "incomeBeforeTaxRatio": 0.1293254011,
    "incomeTaxExpense": 51457000,
    "netIncome": 477955000,
    "netIncomeRatio": 0.1304515386,
    "eps": 1.44,
    "epsdiluted": 1.43,
    "weightedAverageShsOut": 333002000,
    "weightedAverageShsOutDil": 334062000,
    "link": "https://www.sec.gov/Archives/edgar/data/1051470/000105147016000158/0001051470-16-000158-index.htm",
    "finalLink": "https://www.sec.gov/Archives/edgar/data/1051470/000105147016000158/cci10-k123115.htm"
  },
  {
    "date": "2014-12-31",
    "symbol": "CCI",
    "reportedCurrency": "USD",
    "cik": "0001051470",
    "fillingDate": "2015-02-19",
    "acceptedDate": "2015-02-19 16:15:12",
    "calendarYear": "2014",
    "period": "FY",
    "revenue": 3538756000,
    "costOfRevenue": 1306606000,
    "grossProfit": 2232150000,
    "grossProfitRatio": 0.6307725088,
    "researchAndDevelopmentExpenses": 0,
    "generalAndAdministrativeExpenses": 257296000,
    "sellingAndMarketingExpenses": 0,
    "sellingGeneralAndAdministrativeExpenses": 257296000,
    "otherExpenses": 1034172000,
    "operatingExpenses": 1291468000,
    "costAndExpenses": 2598074000,
    "interestIncome": 315000,
    "interestExpense": 573291000,
    "depreciationAndAmortization": 985781000,
    "ebitda": 1810303000,
    "ebitdaratio": 0.5115647985,
    "operatingIncome": 940682000,
    "operatingIncomeRatio": 0.265822792,
    "totalOtherIncomeExpensesNet": -605612000,
    "incomeBeforeTax": 335070000,
    "incomeBeforeTaxRatio": 0.0946858161,
    "incomeTaxExpense": 11244000,
    "netIncome": 294065000,
    "netIncomeRatio": 0.0830984109,
    "eps": 0.88,
    "epsdiluted": 0.88,
    "weightedAverageShsOut": 332302000,
    "weightedAverageShsOutDil": 333265000,
    "link": "https://www.sec.gov/Archives/edgar/data/1051470/000105147015000034/0001051470-15-000034-index.htm",
    "finalLink": "https://www.sec.gov/Archives/edgar/data/1051470/000105147015000034/cci10-k123114.htm"
  },
  {
    "date": "2013-12-31",
    "symbol": "CCI",
    "reportedCurrency": "USD",
    "cik": "0001051470",
    "fillingDate": "2014-02-24",
    "acceptedDate": "2014-02-24 17:08:26",
    "calendarYear": "2013",
    "period": "FY",
    "revenue": 2865751000,
    "costOfRevenue": 991017000,
    "grossProfit": 1874734000,
    "grossProfitRatio": 0.6541859359,
    "researchAndDevelopmentExpenses": 0,
    "generalAndAdministrativeExpenses": 213519000,
    "sellingAndMarketingExpenses": 0,
    "sellingGeneralAndAdministrativeExpenses": 213519000,
    "otherExpenses": 780511000,
    "operatingExpenses": 994030000,
    "costAndExpenses": 1985047000,
    "interestIncome": 956000,
    "interestExpense": 589630000,
    "depreciationAndAmortization": 741342000,
    "ebitda": 1489437000,
    "ebitdaratio": 0.5197370602,
    "operatingIncome": 880704000,
    "operatingIncomeRatio": 0.3073204895,
    "totalOtherIncomeExpensesNet": -629703000,
    "incomeBeforeTax": 251001000,
    "incomeBeforeTaxRatio": 0.0875864651,
    "incomeTaxExpense": 191000000,
    "netIncome": 44848000,
    "netIncomeRatio": 0.01564965,
    "eps": 0.15,
    "epsdiluted": 0.15,
    "weightedAverageShsOut": 298083000,
    "weightedAverageShsOutDil": 299293000,
    "link": "https://www.sec.gov/Archives/edgar/data/1051470/000105147014000008/0001051470-14-000008-index.htm",
    "finalLink": "https://www.sec.gov/Archives/edgar/data/1051470/000105147014000008/cci10-k123113.htm"
  },
  {
    "date": "2012-12-31",
    "symbol": "CCI",
    "reportedCurrency": "USD",
    "cik": "0001051470",
    "fillingDate": "2013-02-12",
    "acceptedDate": "2013-02-12 16:52:54",
    "calendarYear": "2012",
    "period": "FY",
    "revenue": 2432680000,
    "costOfRevenue": 728989000,
    "grossProfit": 1703691000,
    "grossProfitRatio": 0.7003350215,
    "researchAndDevelopmentExpenses": 0,
    "generalAndAdministrativeExpenses": 212572000,
    "sellingAndMarketingExpenses": 0,
    "sellingGeneralAndAdministrativeExpenses": 212572000,
    "otherExpenses": 656438000,
    "operatingExpenses": 869010000,
    "costAndExpenses": 1597999000,
    "interestIncome": 4556000,
    "interestExpense": 601044000,
    "depreciationAndAmortization": 622592000,
    "ebitda": 1236410000,
    "ebitdaratio": 0.5082501603,
    "operatingIncome": 834681000,
    "operatingIncomeRatio": 0.3431117122,
    "totalOtherIncomeExpensesNet": -733854000,
    "incomeBeforeTax": 100827000,
    "incomeBeforeTaxRatio": 0.0414468816,
    "incomeTaxExpense": 100061000,
    "netIncome": 188584000,
    "netIncomeRatio": 0.0775210879,
    "eps": 0.64,
    "epsdiluted": 0.64,
    "weightedAverageShsOut": 289285000,
    "weightedAverageShsOutDil": 291270000,
    "link": "https://www.sec.gov/Archives/edgar/data/1051470/000105147013000007/0001051470-13-000007-index.htm",
    "finalLink": "https://www.sec.gov/Archives/edgar/data/1051470/000105147013000007/cci10-k123112.htm"
  },
  {
    "date": "2011-12-31",
    "symbol": "CCI",
    "reportedCurrency": "USD",
    "cik": "0001051470",
    "fillingDate": "2012-02-13",
    "acceptedDate": "2012-02-13 16:34:07",
    "calendarYear": "2011",
    "period": "FY",
    "revenue": 2032729000,
    "costOfRevenue": 588385000,
    "grossProfit": 1444344000,
    "grossProfitRatio": 0.7105442978,
    "researchAndDevelopmentExpenses": 0,
    "generalAndAdministrativeExpenses": 173493000,
    "sellingAndMarketingExpenses": 0,
    "sellingGeneralAndAdministrativeExpenses": 173493000,
    "otherExpenses": 578546000,
    "operatingExpenses": 752039000,
    "costAndExpenses": 1340424000,
    "interestIncome": 666000,
    "interestExpense": 507587000,
    "depreciationAndAmortization": 552951000,
    "ebitda": 1153492000,
    "ebitdaratio": 0.567459804,
    "operatingIncome": 692305000,
    "operatingIncomeRatio": 0.3405790934,
    "totalOtherIncomeExpensesNet": -512498000,
    "incomeBeforeTax": 179807000,
    "incomeBeforeTaxRatio": 0.0884559624,
    "incomeTaxExpense": 8347000,
    "netIncome": 171077000,
    "netIncomeRatio": 0.0841612433,
    "eps": 0.52,
    "epsdiluted": 0.52,
    "weightedAverageShsOut": 283821000,
    "weightedAverageShsOutDil": 285947000,
    "link": "https://www.sec.gov/Archives/edgar/data/1051470/000105147012000007/0001051470-12-000007-index.htm",
    "finalLink": "https://www.sec.gov/Archives/edgar/data/1051470/000105147012000007/cci10-k123111.htm"
  },
  {
    "date": "2010-12-31",
    "symbol": "CCI",
    "reportedCurrency": "USD",
    "cik": "0001051470",
    "fillingDate": "2011-02-15",
    "acceptedDate": "2011-02-15 16:18:14",
    "calendarYear": "2010",
    "period": "FY",
    "revenue": 1878658000,
    "costOfRevenue": 581377000,
    "grossProfit": 1297281000,
    "grossProfitRatio": 0.6905360103,
    "researchAndDevelopmentExpenses": 0,
    "generalAndAdministrativeExpenses": 165356000,
    "sellingAndMarketingExpenses": 0,
    "sellingGeneralAndAdministrativeExpenses": 165356000,
    "otherExpenses": 556560000,
    "operatingExpenses": 721916000,
    "costAndExpenses": 1303293000,
    "interestIncome": 2204000,
    "interestExpense": 490269000,
    "depreciationAndAmortization": 540771000,
    "ebitda": 623369000,
    "ebitdaratio": 0.3318161155,
    "operatingIncome": 575365000,
    "operatingIncomeRatio": 0.306263833,
    "totalOtherIncomeExpensesNet": -913470000,
    "incomeBeforeTax": -338105000,
    "incomeBeforeTaxRatio": -0.1799715542,
    "incomeTaxExpense": -26846000,
    "netIncome": -310940000,
    "netIncomeRatio": -0.1655117642,
    "eps": -1.08,
    "epsdiluted": -1.08,
    "weightedAverageShsOut": 286764000,
    "weightedAverageShsOutDil": 286764000,
    "link": "https://www.sec.gov/Archives/edgar/data/1051470/000144530511000263/0001445305-11-000263-index.htm",
    "finalLink": "https://www.sec.gov/Archives/edgar/data/1051470/000144530511000263/cci10k123110.htm"
  },
  {
    "date": "2009-12-31",
    "symbol": "CCI",
    "reportedCurrency": "USD",
    "cik": "0001051470",
    "fillingDate": "2010-02-16",
    "acceptedDate": "2010-02-16 06:32:22",
    "calendarYear": "2009",
    "period": "FY",
    "revenue": 1685407000,
    "costOfRevenue": 549368000,
    "grossProfit": 1136039000,
    "grossProfitRatio": 0.674044311,
    "researchAndDevelopmentExpenses": 0,
    "generalAndAdministrativeExpenses": 153072000,
    "sellingAndMarketingExpenses": 0,
    "sellingGeneralAndAdministrativeExpenses": 153072000,
    "otherExpenses": 548976000,
    "operatingExpenses": 702048000,
    "costAndExpenses": 1251416000,
    "interestIncome": 5413000,
    "interestExpense": 445882000,
    "depreciationAndAmortization": 529739000,
    "ebitda": 785098000,
    "ebitdaratio": 0.4658210153,
    "operatingIncome": 433991000,
    "operatingIncomeRatio": 0.2574992272,
    "totalOtherIncomeExpensesNet": -624514000,
    "incomeBeforeTax": -190523000,
    "incomeBeforeTaxRatio": -0.113042725,
    "incomeTaxExpense": -76400000,
    "netIncome": -114332000,
    "netIncomeRatio": -0.0678364336,
    "eps": -0.4,
    "epsdiluted": -0.4,
    "weightedAverageShsOut": 286622000,
    "weightedAverageShsOutDil": 286622000,
    "link": "https://www.sec.gov/Archives/edgar/data/1051470/000119312510031419/0001193125-10-031419-index.htm",
    "finalLink": "https://www.sec.gov/Archives/edgar/data/1051470/000119312510031419/d10k.htm"
  },
  {
    "date": "2008-12-31",
    "symbol": "CCI",
    "reportedCurrency": "USD",
    "cik": "0001051470",
    "fillingDate": "2009-02-26",
    "acceptedDate": "2009-02-26 16:36:54",
    "calendarYear": "2008",
    "period": "FY",
    "revenue": 1526504000,
    "costOfRevenue": 538575000,
    "grossProfit": 987929000,
    "grossProfitRatio": 0.6471840231,
    "researchAndDevelopmentExpenses": 0,
    "generalAndAdministrativeExpenses": 149586000,
    "sellingAndMarketingExpenses": 0,
    "sellingGeneralAndAdministrativeExpenses": 149586000,
    "otherExpenses": 545834000,
    "operatingExpenses": 695420000,
    "costAndExpenses": 1233995000,
    "interestIncome": 2101000,
    "interestExpense": 329284000,
    "depreciationAndAmortization": 526442000,
    "ebitda": 727337000,
    "ebitdaratio": 0.476472384,
    "operatingIncome": 292509000,
    "operatingIncomeRatio": 0.1916201988,
    "totalOtherIncomeExpensesNet": -445728000,
    "incomeBeforeTax": -153219000,
    "incomeBeforeTaxRatio": -0.1003724851,
    "incomeTaxExpense": -104361000,
    "netIncome": -48858000,
    "netIncomeRatio": -0.0320064671,
    "eps": -0.17,
    "epsdiluted": -0.17,
    "weightedAverageShsOut": 282007000,
    "weightedAverageShsOutDil": 282007000,
    "link": "https://www.sec.gov/Archives/edgar/data/1051470/000119312509039126/0001193125-09-039126-index.htm",
    "finalLink": "https://www.sec.gov/Archives/edgar/data/1051470/000119312509039126/d10k.htm"
  },
  {
    "date": "2007-12-31",
    "symbol": "CCI",
    "reportedCurrency": "USD",
    "cik": "0001051470",
    "fillingDate": "2008-02-27",
    "acceptedDate": "2008-02-26 17:57:19",
    "calendarYear": "2007",
    "period": "FY",
    "revenue": 1385486000,
    "costOfRevenue": 509084000,
    "grossProfit": 876402000,
    "grossProfitRatio": 0.6325592608,
    "researchAndDevelopmentExpenses": 0,
    "generalAndAdministrativeExpenses": 104532000,
    "sellingAndMarketingExpenses": 38314000,
    "sellingGeneralAndAdministrativeExpenses": 142846000,
    "otherExpenses": 634028000,
    "operatingExpenses": 776874000,
    "costAndExpenses": 1285958000,
    "interestIncome": 0,
    "interestExpense": 0,
    "depreciationAndAmortization": 560553000,
    "ebitda": 690096000,
    "ebitdaratio": 0.4980894791,
    "operatingIncome": 99528000,
    "operatingIncomeRatio": 0.0718361643,
    "totalOtherIncomeExpensesNet": -416531000,
    "incomeBeforeTax": -317003000,
    "incomeBeforeTaxRatio": -0.228802745,
    "incomeTaxExpense": -94039000,
    "netIncome": -222813000,
    "netIncomeRatio": -0.1608193803,
    "eps": -0.8,
    "epsdiluted": -0.8,
    "weightedAverageShsOut": 279937000,
    "weightedAverageShsOutDil": 279937000,
    "link": "https://www.sec.gov/Archives/edgar/data/1051470/000119312508038926/0001193125-08-038926-index.htm",
    "finalLink": "https://www.sec.gov/Archives/edgar/data/1051470/000119312508038926/d10k.htm"
  },
  {
    "date": "2006-12-31",
    "symbol": "CCI",
    "reportedCurrency": "USD",
    "cik": "0001051470",
    "fillingDate": "2007-02-28",
    "acceptedDate": "2007-02-28 17:13:16",
    "calendarYear": "2006",
    "period": "FY",
    "revenue": 788221000,
    "costOfRevenue": 272961000,
    "grossProfit": 515260000,
    "grossProfitRatio": 0.6536999141,
    "researchAndDevelopmentExpenses": 0,
    "generalAndAdministrativeExpenses": 95751000,
    "sellingAndMarketingExpenses": 0,
    "sellingGeneralAndAdministrativeExpenses": 95751000,
    "otherExpenses": 298082000,
    "operatingExpenses": 393833000,
    "costAndExpenses": 666794000,
    "interestIncome": 0,
    "interestExpense": 0,
    "depreciationAndAmortization": 293844000,
    "ebitda": 425164000,
    "ebitdaratio": 0.5393969458,
    "operatingIncome": 121427000,
    "operatingIncomeRatio": 0.1540519727,
    "totalOtherIncomeExpensesNet": -169800000,
    "incomeBeforeTax": -48373000,
    "incomeBeforeTaxRatio": -0.0613698442,
    "incomeTaxExpense": 843000,
    "netIncome": -41893000,
    "netIncomeRatio": -0.0531487996,
    "eps": -0.2,
    "epsdiluted": -0.2,
    "weightedAverageShsOut": 207245000,
    "weightedAverageShsOutDil": 207245000,
    "link": "https://www.sec.gov/Archives/edgar/data/1051470/000119312507042810/0001193125-07-042810-index.htm",
    "finalLink": "https://www.sec.gov/Archives/edgar/data/1051470/000119312507042810/d10k.htm"
  },
  {
    "date": "2005-12-31",
    "symbol": "CCI",
    "reportedCurrency": "USD",
    "cik": "0001051470",
    "fillingDate": "2006-03-24",
    "acceptedDate": "2006-03-24 11:59:09",
    "calendarYear": "2005",
    "period": "FY",
    "revenue": 676759000,
    "costOfRevenue": 251985000,
    "grossProfit": 424774000,
    "grossProfitRatio": 0.6276591815,
    "researchAndDevelopmentExpenses": 3896000,
    "generalAndAdministrativeExpenses": 105763000,
    "sellingAndMarketingExpenses": 0,
    "sellingGeneralAndAdministrativeExpenses": 105763000,
    "otherExpenses": 282762000,
    "operatingExpenses": 400568000,
    "costAndExpenses": 652553000,
    "interestIncome": 0,
    "interestExpense": 0,
    "depreciationAndAmortization": 288278000,
    "ebitda": 315099000,
    "ebitdaratio": 0.4656000142,
    "operatingIncome": 24206000,
    "operatingIncomeRatio": 0.0357675332,
    "totalOtherIncomeExpensesNet": -416249000,
    "incomeBeforeTax": -392043000,
    "incomeBeforeTaxRatio": -0.579294845,
    "incomeTaxExpense": 3225000,
    "netIncome": -401537000,
    "netIncomeRatio": -0.5933234726,
    "eps": -1.84,
    "epsdiluted": -1.84,
    "weightedAverageShsOut": 217759000,
    "weightedAverageShsOutDil": 217759000,
    "link": "https://www.sec.gov/Archives/edgar/data/1051470/000119312506062600/0001193125-06-062600-index.htm",
    "finalLink": "https://www.sec.gov/Archives/edgar/data/1051470/000119312506062600/d10k.htm"
  },
  {
    "date": "2004-12-31",
    "symbol": "CCI",
    "reportedCurrency": "USD",
    "cik": "0001051470",
    "fillingDate": "2005-03-29",
    "acceptedDate": "2005-03-29 16:54:50",
    "calendarYear": "2004",
    "period": "FY",
    "revenue": 604202000,
    "costOfRevenue": 231025000,
    "grossProfit": 373177000,
    "grossProfitRatio": 0.6176361548,
    "researchAndDevelopmentExpenses": 1455000,
    "generalAndAdministrativeExpenses": 90230000,
    "sellingAndMarketingExpenses": 15947000,
    "sellingGeneralAndAdministrativeExpenses": 106177000,
    "otherExpenses": 301247000,
    "operatingExpenses": 400367000,
    "costAndExpenses": 631392000,
    "interestIncome": 0,
    "interestExpense": 0,
    "depreciationAndAmortization": 294503000,
    "ebitda": 271042000,
    "ebitdaratio": 0.4485950063,
    "operatingIncome": -27190000,
    "operatingIncomeRatio": -0.0450015061,
    "totalOtherIncomeExpensesNet": -279761000,
    "incomeBeforeTax": -306951000,
    "incomeBeforeTaxRatio": -0.5080271168,
    "incomeTaxExpense": -5370000,
    "netIncome": 235110000,
    "netIncomeRatio": 0.3891248291,
    "eps": 0.88,
    "epsdiluted": 0.88,
    "weightedAverageShsOut": 221693000,
    "weightedAverageShsOutDil": 221693000,
    "link": "https://www.sec.gov/Archives/edgar/data/1051470/000119312505063494/0001193125-05-063494-index.htm",
    "finalLink": "https://www.sec.gov/Archives/edgar/data/1051470/000119312505063494/d10k.htm"
  },
  {
    "date": "2003-12-31",
    "symbol": "CCI",
    "reportedCurrency": "USD",
    "cik": "0001051470",
    "fillingDate": "2004-03-10",
    "acceptedDate": "2004-03-10 10:30:42",
    "calendarYear": "2003",
    "period": "FY",
    "revenue": 557157000,
    "costOfRevenue": 226193000,
    "grossProfit": 330964000,
    "grossProfitRatio": 0.5940228697,
    "researchAndDevelopmentExpenses": 5564000,
    "generalAndAdministrativeExpenses": 94888000,
    "sellingAndMarketingExpenses": 20654000,
    "sellingGeneralAndAdministrativeExpenses": 115542000,
    "otherExpenses": 296636000,
    "operatingExpenses": 397355000,
    "costAndExpenses": 623548000,
    "interestIncome": 0,
    "interestExpense": 0,
    "depreciationAndAmortization": 353187000,
    "ebitda": 288087000,
    "ebitdaratio": 0.5170661052,
    "operatingIncome": -66391000,
    "operatingIncomeRatio": -0.1191603085,
    "totalOtherIncomeExpensesNet": -386634000,
    "incomeBeforeTax": -453025000,
    "incomeBeforeTaxRatio": -0.8131011546,
    "incomeTaxExpense": 7518000,
    "netIncome": -398365000,
    "netIncomeRatio": -0.7149959527,
    "eps": -1.84,
    "epsdiluted": -1.84,
    "weightedAverageShsOut": 216947000,
    "weightedAverageShsOutDil": 216947000,
    "link": "https://www.sec.gov/Archives/edgar/data/1051470/000119312504037856/0001193125-04-037856-index.htm",
    "finalLink": "https://www.sec.gov/Archives/edgar/data/1051470/000119312504037856/d10k.htm"
  },
  {
    "date": "2002-12-31",
    "symbol": "CCI",
    "reportedCurrency": "USD",
    "cik": "0001051470",
    "fillingDate": "2003-03-26",
    "acceptedDate": "2003-03-26 17:04:32",
    "calendarYear": "2002",
    "period": "FY",
    "revenue": 605353000,
    "costOfRevenue": 298188000,
    "grossProfit": 307165000,
    "grossProfitRatio": 0.507414682,
    "researchAndDevelopmentExpenses": 7483000,
    "generalAndAdministrativeExpenses": 0,
    "sellingAndMarketingExpenses": 0,
    "sellingGeneralAndAdministrativeExpenses": 99571000,
    "otherExpenses": 339872000,
    "operatingExpenses": 435087000,
    "costAndExpenses": 733275000,
    "interestIncome": 0,
    "interestExpense": 0,
    "depreciationAndAmortization": 372020000,
    "ebitda": 252763000,
    "ebitdaratio": 0.4175464564,
    "operatingIncome": -127922000,
    "operatingIncomeRatio": -0.2113180244,
    "totalOtherIncomeExpensesNet": -208973000,
    "incomeBeforeTax": -336895000,
    "incomeBeforeTaxRatio": -0.5565265225,
    "incomeTaxExpense": 12276000,
    "netIncome": -272521000,
    "netIncomeRatio": -0.4501852638,
    "eps": -1.25,
    "epsdiluted": -1.25,
    "weightedAverageShsOut": 218028000,
    "weightedAverageShsOutDil": 218028000,
    "link": "https://www.sec.gov/Archives/edgar/data/1051470/000089924303000641/0000899243-03-000641-index.htm",
    "finalLink": "https://www.sec.gov/Archives/edgar/data/1051470/000089924303000641/d10k.txt"
  },
  {
    "date": "2001-12-31",
    "symbol": "CCI",
    "reportedCurrency": "USD",
    "cik": "0001051470",
    "fillingDate": "2002-04-01",
    "acceptedDate": "2002-04-01 00:00:00",
    "calendarYear": "2001",
    "period": "FY",
    "revenue": 898951000,
    "costOfRevenue": 467233000,
    "grossProfit": 431718000,
    "grossProfitRatio": 0.4802464206,
    "researchAndDevelopmentExpenses": 12337000,
    "generalAndAdministrativeExpenses": 108651000,
    "sellingAndMarketingExpenses": 0,
    "sellingGeneralAndAdministrativeExpenses": 108651000,
    "otherExpenses": 372829000,
    "operatingExpenses": 493817000,
    "costAndExpenses": 961050000,
    "interestIncome": 0,
    "interestExpense": 0,
    "depreciationAndAmortization": 420244000,
    "ebitda": 377561000,
    "ebitdaratio": 0.4200017576,
    "operatingIncome": -62099000,
    "operatingIncomeRatio": -0.0690794048,
    "totalOtherIncomeExpensesNet": -288896000,
    "incomeBeforeTax": -350995000,
    "incomeBeforeTaxRatio": -0.3904495351,
    "incomeTaxExpense": 16478000,
    "netIncome": -366167000,
    "netIncomeRatio": -0.4073269845,
    "eps": -1.71,
    "epsdiluted": -1.71,
    "weightedAverageShsOut": 214246000,
    "weightedAverageShsOutDil": 214246000,
    "link": "https://www.sec.gov/Archives/edgar/data/1051470/000089924302000902/0000899243-02-000902-index.htm",
    "finalLink": "https://www.sec.gov/Archives/edgar/data/1051470/000089924302000902/d10k.txt"
  },
  {
    "date": "2000-12-31",
    "symbol": "CCI",
    "reportedCurrency": "USD",
    "cik": "0001051470",
    "fillingDate": "2001-03-30",
    "acceptedDate": "2001-03-30 00:00:00",
    "calendarYear": "2000",
    "period": "FY",
    "revenue": 649165000,
    "costOfRevenue": 233597000,
    "grossProfit": 415568000,
    "grossProfitRatio": 0.6401577411,
    "researchAndDevelopmentExpenses": 10489000,
    "generalAndAdministrativeExpenses": 80071000,
    "sellingAndMarketingExpenses": 0,
    "sellingGeneralAndAdministrativeExpenses": 80071000,
    "otherExpenses": 319799000,
    "operatingExpenses": 410359000,
    "costAndExpenses": 643956000,
    "interestIncome": 0,
    "interestExpense": 0,
    "depreciationAndAmortization": 319799000,
    "ebitda": 325008000,
    "ebitdaratio": 0.5006554574,
    "operatingIncome": 5209000,
    "operatingIncomeRatio": 0.0080241541,
    "totalOtherIncomeExpensesNet": -208254000,
    "incomeBeforeTax": -203045000,
    "incomeBeforeTaxRatio": -0.3127787234,
    "incomeTaxExpense": 246000,
    "netIncome": -204786000,
    "netIncomeRatio": -0.3154606302,
    "eps": -1.15,
    "epsdiluted": -1.15,
    "weightedAverageShsOut": 178588000,
    "weightedAverageShsOutDil": 178588000,
    "link": "https://www.sec.gov/Archives/edgar/data/1051470/000089924301000756/0000899243-01-000756-index.htm",
    "finalLink": "https://www.sec.gov/Archives/edgar/data/1051470/000089924301000756/0000899243-01-000756-0001.txt"
  },
  {
    "date": "1999-12-31",
    "symbol": "CCI",
    "reportedCurrency": "USD",
    "cik": "0001051470",
    "fillingDate": "2000-03-30",
    "acceptedDate": "2000-03-30 00:00:00",
    "calendarYear": "1999",
    "period": "FY",
    "revenue": 345800000,
    "costOfRevenue": 106800000,
    "grossProfit": 239000000,
    "grossProfitRatio": 0.6911509543,
    "researchAndDevelopmentExpenses": 5400000,
    "generalAndAdministrativeExpenses": 43800000,
    "sellingAndMarketingExpenses": 0,
    "sellingGeneralAndAdministrativeExpenses": 43800000,
    "otherExpenses": 180000000,
    "operatingExpenses": 229200000,
    "costAndExpenses": 336000000,
    "interestIncome": 0,
    "interestExpense": 0,
    "depreciationAndAmortization": 180000000,
    "ebitda": 189800000,
    "ebitdaratio": 0.5488721805,
    "operatingIncome": 9800000,
    "operatingIncomeRatio": 0.028340081,
    "totalOtherIncomeExpensesNet": -103800000,
    "incomeBeforeTax": -94000000,
    "incomeBeforeTaxRatio": -0.2718334297,
    "incomeTaxExpense": 300000,
    "netIncome": -96700000,
    "netIncomeRatio": -0.2796414112,
    "eps": -0.74,
    "epsdiluted": -0.74,
    "weightedAverageShsOut": 131466000,
    "weightedAverageShsOutDil": 131466000,
    "link": "https://www.sec.gov/Archives/edgar/data/1051470/000089924300000662/0000899243-00-000662-index.html",
    "finalLink": "https://www.sec.gov/Archives/edgar/data/1051470/000089924300000662/"
  },
  {
    "date": "1998-12-31",
    "symbol": "CCI",
    "reportedCurrency": "USD",
    "cik": "0001051470",
    "fillingDate": "1999-03-17",
    "acceptedDate": "1999-03-17 00:00:00",
    "calendarYear": "1998",
    "period": "FY",
    "revenue": 113100000,
    "costOfRevenue": 29900000,
    "grossProfit": 83200000,
    "grossProfitRatio": 0.7356321839,
    "researchAndDevelopmentExpenses": 4600000,
    "generalAndAdministrativeExpenses": 23600000,
    "sellingAndMarketingExpenses": 0,
    "sellingGeneralAndAdministrativeExpenses": 23600000,
    "otherExpenses": 55100000,
    "operatingExpenses": 83300000,
    "costAndExpenses": 113200000,
    "interestIncome": 0,
    "interestExpense": 0,
    "depreciationAndAmortization": 55100000,
    "ebitda": 55000000,
    "ebitdaratio": 0.4862953139,
    "operatingIncome": -100000,
    "operatingIncomeRatio": -0.0008841733,
    "totalOtherIncomeExpensesNet": -37300000,
    "incomeBeforeTax": -37400000,
    "incomeBeforeTaxRatio": -0.3306808134,
    "incomeTaxExpense": 400000,
    "netIncome": -37800000,
    "netIncomeRatio": -0.3342175066,
    "eps": -0.89,
    "epsdiluted": -0.89,
    "weightedAverageShsOut": 42518000,
    "weightedAverageShsOutDil": 42518000,
    "link": "https://www.sec.gov/Archives/edgar/data/1051470/000095013099001474/0000950130-99-001474-index.html",
    "finalLink": "https://www.sec.gov/Archives/edgar/data/1051470/"
  },
  {
    "date": "1997-12-31",
    "symbol": "CCI",
    "reportedCurrency": "USD",
    "cik": "0001051470",
    "fillingDate": "1997-12-31",
    "acceptedDate": "1997-12-30 19:00:00",
    "calendarYear": "1997",
    "period": "FY",
    "revenue": 31400000,
    "costOfRevenue": 13100000,
    "grossProfit": 18300000,
    "grossProfitRatio": 0.5828025478,
    "researchAndDevelopmentExpenses": 5700000,
    "generalAndAdministrativeExpenses": 6800000,
    "sellingAndMarketingExpenses": 0,
    "sellingGeneralAndAdministrativeExpenses": 6800000,
    "otherExpenses": 9200000,
    "operatingExpenses": 21700000,
    "costAndExpenses": 34800000,
    "interestIncome": 0,
    "interestExpense": 0,
    "depreciationAndAmortization": 9200000,
    "ebitda": 5800000,
    "ebitdaratio": 0.1847133758,
    "operatingIncome": -3400000,
    "operatingIncomeRatio": -0.1082802548,
    "totalOtherIncomeExpensesNet": 3400000,
    "incomeBeforeTax": 0,
    "incomeBeforeTaxRatio": 0,
    "incomeTaxExpense": 8500000,
    "netIncome": -11900000,
    "netIncomeRatio": -0.3789808917,
    "eps": -1.92,
    "epsdiluted": -1.92,
    "weightedAverageShsOut": 6211454,
    "weightedAverageShsOutDil": 6211454,
    "link": "",
    "finalLink": ""
  }
]