[
  {
    "date": "2025-08-31",
    "symbol": "CCL",
    "reportedCurrency": "USD",
    "cik": "0000815097",
    "fillingDate": "2025-09-29",
    "acceptedDate": "2025-09-29 10:01:16",
    "calendarYear": "2025",
    "period": "Q3",
    "revenue": 8153000000,
    "costOfRevenue": 4385000000,
    "grossProfit": 3768000000,
    "grossProfitRatio": 0.4621611677,
    "researchAndDevelopmentExpenses": 0,
    "generalAndAdministrativeExpenses": 0,
    "sellingAndMarketingExpenses": 0,
    "sellingGeneralAndAdministrativeExpenses": 779000000,
    "otherExpenses": 718000000,
    "operatingExpenses": 1497000000,
    "costAndExpenses": 5881000000,
    "interestIncome": 15000000,
    "interestExpense": 296000000,
    "depreciationAndAmortization": 717000000,
    "ebitda": 2870000000,
    "ebitdaratio": 0.3520176622,
    "operatingIncome": 2271000000,
    "operatingIncomeRatio": 0.2785477738,
    "totalOtherIncomeExpensesNet": -414000000,
    "incomeBeforeTax": 1857000000,
    "incomeBeforeTaxRatio": 0.2277689194,
    "incomeTaxExpense": 6000000,
    "netIncome": 1852000000,
    "netIncomeRatio": 0.2271556482,
    "eps": 1.41,
    "epsdiluted": 1.33,
    "weightedAverageShsOut": 1313000000,
    "weightedAverageShsOutDil": 1402000000,
    "link": "https://www.sec.gov/Archives/edgar/data/815097/000081509725000084/0000815097-25-000084-index.htm",
    "finalLink": "https://www.sec.gov/Archives/edgar/data/815097/000081509725000084/ccl-20250831.htm"
  },
  {
    "date": "2025-05-31",
    "symbol": "CCL",
    "reportedCurrency": "USD",
    "cik": "0000815097",
    "fillingDate": "2025-06-26",
    "acceptedDate": "2025-06-26 10:09:03",
    "calendarYear": "2025",
    "period": "Q2",
    "revenue": 6328000000,
    "costOfRevenue": 3886000000,
    "grossProfit": 2442000000,
    "grossProfitRatio": 0.3859039191,
    "researchAndDevelopmentExpenses": 0,
    "generalAndAdministrativeExpenses": 0,
    "sellingAndMarketingExpenses": 0,
    "sellingGeneralAndAdministrativeExpenses": 816000000,
    "otherExpenses": 692000000,
    "operatingExpenses": 1508000000,
    "costAndExpenses": 5394000000,
    "interestIncome": 12000000,
    "interestExpense": 341000000,
    "depreciationAndAmortization": 692000000,
    "ebitda": 1615000000,
    "ebitdaratio": 0.2552149178,
    "operatingIncome": 934000000,
    "operatingIncomeRatio": 0.1475979772,
    "totalOtherIncomeExpensesNet": -352000000,
    "incomeBeforeTax": 582000000,
    "incomeBeforeTaxRatio": 0.0919721871,
    "incomeTaxExpense": 17000000,
    "netIncome": 565000000,
    "netIncomeRatio": 0.0892857143,
    "eps": 0.43,
    "epsdiluted": 0.42,
    "weightedAverageShsOut": 1312000000,
    "weightedAverageShsOutDil": 1400000000,
    "link": "https://www.sec.gov/Archives/edgar/data/815097/000081509725000052/0000815097-25-000052-index.htm",
    "finalLink": "https://www.sec.gov/Archives/edgar/data/815097/000081509725000052/ccl-20250531.htm"
  },
  {
    "date": "2025-02-28",
    "symbol": "CCL",
    "reportedCurrency": "USD",
    "cik": "0000815097",
    "fillingDate": "2025-03-25",
    "acceptedDate": "2025-03-25 10:18:53",
    "calendarYear": "2025",
    "period": "Q1",
    "revenue": 5810000000,
    "costOfRevenue": 3766000000,
    "grossProfit": 2044000000,
    "grossProfitRatio": 0.3518072289,
    "researchAndDevelopmentExpenses": 0,
    "generalAndAdministrativeExpenses": 0,
    "sellingAndMarketingExpenses": 0,
    "sellingGeneralAndAdministrativeExpenses": 848000000,
    "otherExpenses": 653000000,
    "operatingExpenses": 1501000000,
    "costAndExpenses": 5267000000,
    "interestIncome": 7000000,
    "interestExpense": 377000000,
    "depreciationAndAmortization": 654000000,
    "ebitda": 957000000,
    "ebitdaratio": 0.1647160069,
    "operatingIncome": 543000000,
    "operatingIncomeRatio": 0.0934595525,
    "totalOtherIncomeExpensesNet": -614000000,
    "incomeBeforeTax": -71000000,
    "incomeBeforeTaxRatio": -0.0122203098,
    "incomeTaxExpense": 7000000,
    "netIncome": -78000000,
    "netIncomeRatio": -0.0134251291,
    "eps": -0.0596,
    "epsdiluted": -0.0596,
    "weightedAverageShsOut": 1309000000,
    "weightedAverageShsOutDil": 1309000000,
    "link": "https://www.sec.gov/Archives/edgar/data/815097/000081509725000025/0000815097-25-000025-index.htm",
    "finalLink": "https://www.sec.gov/Archives/edgar/data/815097/000081509725000025/ccl-20250228.htm"
  },
  {
    "date": "2024-11-30",
    "symbol": "CCL",
    "reportedCurrency": "USD",
    "cik": "0000815097",
    "fillingDate": "2025-01-27",
    "acceptedDate": "2025-01-27 06:11:17",
    "calendarYear": "2024",
    "period": "Q4",
    "revenue": 5938000000,
    "costOfRevenue": 3833000000,
    "grossProfit": 2105000000,
    "grossProfitRatio": 0.3544964635,
    "researchAndDevelopmentExpenses": 0,
    "generalAndAdministrativeExpenses": 0,
    "sellingAndMarketingExpenses": 0,
    "sellingGeneralAndAdministrativeExpenses": 886000000,
    "otherExpenses": 658000000,
    "operatingExpenses": 1544000000,
    "costAndExpenses": 5377000000,
    "interestIncome": 16000000,
    "interestExpense": 403000000,
    "depreciationAndAmortization": 659000000,
    "ebitda": 1351000000,
    "ebitdaratio": 0.2275176827,
    "operatingIncome": 561000000,
    "operatingIncomeRatio": 0.0944762546,
    "totalOtherIncomeExpensesNet": -272000000,
    "incomeBeforeTax": 289000000,
    "incomeBeforeTaxRatio": 0.0486695857,
    "incomeTaxExpense": -14000000,
    "netIncome": 303000000,
    "netIncomeRatio": 0.0510272819,
    "eps": 0.17,
    "epsdiluted": 0.17,
    "weightedAverageShsOut": 1300000000,
    "weightedAverageShsOutDil": 1399000000,
    "link": "https://www.sec.gov/Archives/edgar/data/815097/000081509725000007/0000815097-25-000007-index.htm",
    "finalLink": "https://www.sec.gov/Archives/edgar/data/815097/000081509725000007/ccl-20241130.htm"
  },
  {
    "date": "2024-08-31",
    "symbol": "CCL",
    "reportedCurrency": "USD",
    "cik": "0000815097",
    "fillingDate": "2024-09-30",
    "acceptedDate": "2024-09-30 11:31:51",
    "calendarYear": "2024",
    "period": "Q3",
    "revenue": 7896000000,
    "costOfRevenue": 4303000000,
    "grossProfit": 3593000000,
    "grossProfitRatio": 0.4550405268,
    "researchAndDevelopmentExpenses": 0,
    "generalAndAdministrativeExpenses": 0,
    "sellingAndMarketingExpenses": 0,
    "sellingGeneralAndAdministrativeExpenses": 763000000,
    "otherExpenses": 652000000,
    "operatingExpenses": 1415000000,
    "costAndExpenses": 5718000000,
    "interestIncome": 19000000,
    "interestExpense": 431000000,
    "depreciationAndAmortization": 651000000,
    "ebitda": 2825000000,
    "ebitdaratio": 0.3577760892,
    "operatingIncome": 2178000000,
    "operatingIncomeRatio": 0.2758358663,
    "totalOtherIncomeExpensesNet": -435000000,
    "incomeBeforeTax": 1743000000,
    "incomeBeforeTaxRatio": 0.2207446809,
    "incomeTaxExpense": 8000000,
    "netIncome": 1735000000,
    "netIncomeRatio": 0.2197315096,
    "eps": 1.37,
    "epsdiluted": 1.26,
    "weightedAverageShsOut": 1267000000,
    "weightedAverageShsOutDil": 1399000000,
    "link": "https://www.sec.gov/Archives/edgar/data/815097/000081509724000071/0000815097-24-000071-index.htm",
    "finalLink": "https://www.sec.gov/Archives/edgar/data/815097/000081509724000071/ccl-20240831.htm"
  },
  {
    "date": "2024-05-31",
    "symbol": "CCL",
    "reportedCurrency": "USD",
    "cik": "0000815097",
    "fillingDate": "2024-06-27",
    "acceptedDate": "2024-06-27 10:17:56",
    "calendarYear": "2024",
    "period": "Q2",
    "revenue": 5781000000,
    "costOfRevenue": 3798000000,
    "grossProfit": 1983000000,
    "grossProfitRatio": 0.3430202387,
    "researchAndDevelopmentExpenses": 0,
    "generalAndAdministrativeExpenses": 0,
    "sellingAndMarketingExpenses": 0,
    "sellingGeneralAndAdministrativeExpenses": 789000000,
    "otherExpenses": 634000000,
    "operatingExpenses": 1423000000,
    "costAndExpenses": 5221000000,
    "interestIncome": 25000000,
    "interestExpense": 450000000,
    "depreciationAndAmortization": 634000000,
    "ebitda": 1180000000,
    "ebitdaratio": 0.2041169348,
    "operatingIncome": 560000000,
    "operatingIncomeRatio": 0.0968690538,
    "totalOtherIncomeExpensesNet": -464000000,
    "incomeBeforeTax": 96000000,
    "incomeBeforeTaxRatio": 0.0166061235,
    "incomeTaxExpense": 5000000,
    "netIncome": 92000000,
    "netIncomeRatio": 0.0159142017,
    "eps": 0.07,
    "epsdiluted": 0.07,
    "weightedAverageShsOut": 1267000000,
    "weightedAverageShsOutDil": 1271000000,
    "link": "https://www.sec.gov/Archives/edgar/data/815097/000081509724000057/0000815097-24-000057-index.htm",
    "finalLink": "https://www.sec.gov/Archives/edgar/data/815097/000081509724000057/ccl-20240531.htm"
  },
  {
    "date": "2024-02-29",
    "symbol": "CCL",
    "reportedCurrency": "USD",
    "cik": "0000815097",
    "fillingDate": "2024-03-27",
    "acceptedDate": "2024-03-27 10:16:42",
    "calendarYear": "2024",
    "period": "Q1",
    "revenue": 5407000000,
    "costOfRevenue": 3705000000,
    "grossProfit": 1702000000,
    "grossProfitRatio": 0.3147771407,
    "researchAndDevelopmentExpenses": 0,
    "generalAndAdministrativeExpenses": 0,
    "sellingAndMarketingExpenses": 0,
    "sellingGeneralAndAdministrativeExpenses": 813000000,
    "otherExpenses": 613000000,
    "operatingExpenses": 1426000000,
    "costAndExpenses": 5131000000,
    "interestIncome": 33000000,
    "interestExpense": 471000000,
    "depreciationAndAmortization": 613000000,
    "ebitda": 870000000,
    "ebitdaratio": 0.1609025338,
    "operatingIncome": 276000000,
    "operatingIncomeRatio": 0.0510449417,
    "totalOtherIncomeExpensesNet": -490000000,
    "incomeBeforeTax": -214000000,
    "incomeBeforeTaxRatio": -0.0395783244,
    "incomeTaxExpense": 0,
    "netIncome": -214000000,
    "netIncomeRatio": -0.0395783244,
    "eps": -0.17,
    "epsdiluted": -0.17,
    "weightedAverageShsOut": 1264000000,
    "weightedAverageShsOutDil": 1264000000,
    "link": "https://www.sec.gov/Archives/edgar/data/815097/000081509724000035/0000815097-24-000035-index.htm",
    "finalLink": "https://www.sec.gov/Archives/edgar/data/815097/000081509724000035/ccl-20240229.htm"
  },
  {
    "date": "2023-11-30",
    "symbol": "CCL",
    "reportedCurrency": "USD",
    "cik": "0000815097",
    "fillingDate": "2024-01-26",
    "acceptedDate": "2024-01-26 10:09:35",
    "calendarYear": "2023",
    "period": "Q4",
    "revenue": 5396000000,
    "costOfRevenue": 3629000000,
    "grossProfit": 1767000000,
    "grossProfitRatio": 0.3274647887,
    "researchAndDevelopmentExpenses": 0,
    "generalAndAdministrativeExpenses": 0,
    "sellingAndMarketingExpenses": 0,
    "sellingGeneralAndAdministrativeExpenses": 788000000,
    "otherExpenses": 595000000,
    "operatingExpenses": 1383000000,
    "costAndExpenses": 5012000000,
    "interestIncome": 50000000,
    "interestExpense": 466000000,
    "depreciationAndAmortization": 596000000,
    "ebitda": 1023000000,
    "ebitdaratio": 0.1895848777,
    "operatingIncome": 384000000,
    "operatingIncomeRatio": 0.0711638251,
    "totalOtherIncomeExpensesNet": -423000000,
    "incomeBeforeTax": -39000000,
    "incomeBeforeTaxRatio": -0.007227576,
    "incomeTaxExpense": 10000000,
    "netIncome": -48000000,
    "netIncomeRatio": -0.0088954781,
    "eps": -0.04,
    "epsdiluted": -0.04,
    "weightedAverageShsOut": 1263000000,
    "weightedAverageShsOutDil": 1263000000,
    "link": "https://www.sec.gov/Archives/edgar/data/815097/000081509724000011/0000815097-24-000011-index.htm",
    "finalLink": "https://www.sec.gov/Archives/edgar/data/815097/000081509724000011/ccl-20231130.htm"
  },
  {
    "date": "2023-08-31",
    "symbol": "CCL",
    "reportedCurrency": "USD",
    "cik": "0000815097",
    "fillingDate": "2023-09-29",
    "acceptedDate": "2023-09-29 10:02:28",
    "calendarYear": "2023",
    "period": "Q3",
    "revenue": 6854000000,
    "costOfRevenue": 3921000000,
    "grossProfit": 2933000000,
    "grossProfitRatio": 0.4279252991,
    "researchAndDevelopmentExpenses": 0,
    "generalAndAdministrativeExpenses": 0,
    "sellingAndMarketingExpenses": 0,
    "sellingGeneralAndAdministrativeExpenses": 713000000,
    "otherExpenses": 596000000,
    "operatingExpenses": 1309000000,
    "costAndExpenses": 5230000000,
    "interestIncome": 59000000,
    "interestExpense": 518000000,
    "depreciationAndAmortization": 595000000,
    "ebitda": 2179000000,
    "ebitdaratio": 0.3179165451,
    "operatingIncome": 1624000000,
    "operatingIncomeRatio": 0.2369419317,
    "totalOtherIncomeExpensesNet": -559000000,
    "incomeBeforeTax": 1065000000,
    "incomeBeforeTaxRatio": 0.1553837175,
    "incomeTaxExpense": -9000000,
    "netIncome": 1074000000,
    "netIncomeRatio": 0.1566968194,
    "eps": 0.85,
    "epsdiluted": 0.79,
    "weightedAverageShsOut": 1263000000,
    "weightedAverageShsOutDil": 1396000000,
    "link": "https://www.sec.gov/Archives/edgar/data/815097/000081509723000066/0000815097-23-000066-index.htm",
    "finalLink": "https://www.sec.gov/Archives/edgar/data/815097/000081509723000066/ccl-20230831.htm"
  },
  {
    "date": "2023-05-31",
    "symbol": "CCL",
    "reportedCurrency": "USD",
    "cik": "0000815097",
    "fillingDate": "2023-06-28",
    "acceptedDate": "2023-06-28 11:46:22",
    "calendarYear": "2023",
    "period": "Q2",
    "revenue": 4911000000,
    "costOfRevenue": 3457000000,
    "grossProfit": 1454000000,
    "grossProfitRatio": 0.2960700468,
    "researchAndDevelopmentExpenses": 0,
    "generalAndAdministrativeExpenses": 0,
    "sellingAndMarketingExpenses": 0,
    "sellingGeneralAndAdministrativeExpenses": 736000000,
    "otherExpenses": 598000000,
    "operatingExpenses": 1334000000,
    "costAndExpenses": 4791000000,
    "interestIncome": 69000000,
    "interestExpense": 542000000,
    "depreciationAndAmortization": 597000000,
    "ebitda": 737000000,
    "ebitdaratio": 0.1500712686,
    "operatingIncome": 120000000,
    "operatingIncomeRatio": 0.024434942,
    "totalOtherIncomeExpensesNet": -522000000,
    "incomeBeforeTax": -402000000,
    "incomeBeforeTaxRatio": -0.0818570556,
    "incomeTaxExpense": 5000000,
    "netIncome": -407000000,
    "netIncomeRatio": -0.0828751782,
    "eps": -0.32,
    "epsdiluted": -0.32,
    "weightedAverageShsOut": 1263000000,
    "weightedAverageShsOutDil": 1263000000,
    "link": "https://www.sec.gov/Archives/edgar/data/815097/000081509723000051/0000815097-23-000051-index.htm",
    "finalLink": "https://www.sec.gov/Archives/edgar/data/815097/000081509723000051/ccl-20230531.htm"
  },
  {
    "date": "2023-02-28",
    "symbol": "CCL",
    "reportedCurrency": "USD",
    "cik": "0000815097",
    "fillingDate": "2023-03-29",
    "acceptedDate": "2023-03-29 10:34:59",
    "calendarYear": "2023",
    "period": "Q1",
    "revenue": 4433000000,
    "costOfRevenue": 3311000000,
    "grossProfit": 1122000000,
    "grossProfitRatio": 0.253101737,
    "researchAndDevelopmentExpenses": 0,
    "generalAndAdministrativeExpenses": 0,
    "sellingAndMarketingExpenses": 0,
    "sellingGeneralAndAdministrativeExpenses": 712000000,
    "otherExpenses": 582000000,
    "operatingExpenses": 1294000000,
    "costAndExpenses": 4605000000,
    "interestIncome": 56000000,
    "interestExpense": 539000000,
    "depreciationAndAmortization": 582000000,
    "ebitda": 435000000,
    "ebitdaratio": 0.0981276788,
    "operatingIncome": -172000000,
    "operatingIncomeRatio": -0.0387999098,
    "totalOtherIncomeExpensesNet": -514000000,
    "incomeBeforeTax": -686000000,
    "incomeBeforeTaxRatio": -0.1547484773,
    "incomeTaxExpense": 7000000,
    "netIncome": -693000000,
    "netIncomeRatio": -0.1563275434,
    "eps": -0.55,
    "epsdiluted": -0.55,
    "weightedAverageShsOut": 1260000000,
    "weightedAverageShsOutDil": 1260000000,
    "link": "https://www.sec.gov/Archives/edgar/data/815097/000081509723000035/0000815097-23-000035-index.htm",
    "finalLink": "https://www.sec.gov/Archives/edgar/data/815097/000081509723000035/ccl-20230228.htm"
  },
  {
    "date": "2022-11-30",
    "symbol": "CCL",
    "reportedCurrency": "USD",
    "cik": "0000815097",
    "fillingDate": "2023-01-27",
    "acceptedDate": "2023-01-27 11:36:20",
    "calendarYear": "2022",
    "period": "Q4",
    "revenue": 3839000000,
    "costOfRevenue": 3665000000,
    "grossProfit": 174000000,
    "grossProfitRatio": 0.0453243032,
    "researchAndDevelopmentExpenses": 0,
    "generalAndAdministrativeExpenses": 0,
    "sellingAndMarketingExpenses": 0,
    "sellingGeneralAndAdministrativeExpenses": 741000000,
    "otherExpenses": 568000000,
    "operatingExpenses": 1309000000,
    "costAndExpenses": 4974000000,
    "interestIncome": 40000000,
    "interestExpense": 448000000,
    "depreciationAndAmortization": 568000000,
    "ebitda": -586000000,
    "ebitdaratio": -0.1526439177,
    "operatingIncome": -1135000000,
    "operatingIncomeRatio": -0.2956499088,
    "totalOtherIncomeExpensesNet": -467000000,
    "incomeBeforeTax": -1602000000,
    "incomeBeforeTaxRatio": -0.4172961709,
    "incomeTaxExpense": -3000000,
    "netIncome": -1598000000,
    "netIncomeRatio": -0.4162542329,
    "eps": -1.27,
    "epsdiluted": -1.27,
    "weightedAverageShsOut": 1259000000,
    "weightedAverageShsOutDil": 1259000000,
    "link": "https://www.sec.gov/Archives/edgar/data/815097/000081509723000012/0000815097-23-000012-index.htm",
    "finalLink": "https://www.sec.gov/Archives/edgar/data/815097/000081509723000012/ccl-20221130.htm"
  },
  {
    "date": "2022-08-31",
    "symbol": "CCL",
    "reportedCurrency": "USD",
    "cik": "0000815097",
    "fillingDate": "2022-09-30",
    "acceptedDate": "2022-09-30 11:10:58",
    "calendarYear": "2022",
    "period": "Q3",
    "revenue": 4306000000,
    "costOfRevenue": 3379000000,
    "grossProfit": 927000000,
    "grossProfitRatio": 0.2152810033,
    "researchAndDevelopmentExpenses": 0,
    "generalAndAdministrativeExpenses": 0,
    "sellingAndMarketingExpenses": 0,
    "sellingGeneralAndAdministrativeExpenses": 625000000,
    "otherExpenses": 581000000,
    "operatingExpenses": 1206000000,
    "costAndExpenses": 4585000000,
    "interestIncome": 24000000,
    "interestExpense": 422000000,
    "depreciationAndAmortization": 581000000,
    "ebitda": 244000000,
    "ebitdaratio": 0.0566651184,
    "operatingIncome": -279000000,
    "operatingIncomeRatio": -0.0647933117,
    "totalOtherIncomeExpensesNet": -480000000,
    "incomeBeforeTax": -759000000,
    "incomeBeforeTaxRatio": -0.1762656758,
    "incomeTaxExpense": 11000000,
    "netIncome": -770000000,
    "netIncomeRatio": -0.1788202508,
    "eps": -0.65,
    "epsdiluted": -0.65,
    "weightedAverageShsOut": 1185000000,
    "weightedAverageShsOutDil": 1185000000,
    "link": "https://www.sec.gov/Archives/edgar/data/815097/000081509722000073/0000815097-22-000073-index.htm",
    "finalLink": "https://www.sec.gov/Archives/edgar/data/815097/000081509722000073/ccl-20220831.htm"
  },
  {
    "date": "2022-05-31",
    "symbol": "CCL",
    "reportedCurrency": "USD",
    "cik": "0000815097",
    "fillingDate": "2022-06-29",
    "acceptedDate": "2022-06-29 12:24:09",
    "calendarYear": "2022",
    "period": "Q2",
    "revenue": 2401000000,
    "costOfRevenue": 2683000000,
    "grossProfit": -282000000,
    "grossProfitRatio": -0.1174510621,
    "researchAndDevelopmentExpenses": 0,
    "generalAndAdministrativeExpenses": 0,
    "sellingAndMarketingExpenses": 0,
    "sellingGeneralAndAdministrativeExpenses": 619000000,
    "otherExpenses": 572000000,
    "operatingExpenses": 1191000000,
    "costAndExpenses": 3874000000,
    "interestIncome": 6000000,
    "interestExpense": 370000000,
    "depreciationAndAmortization": 572000000,
    "ebitda": -889000000,
    "ebitdaratio": -0.3702623907,
    "operatingIncome": -1473000000,
    "operatingIncomeRatio": -0.6134943773,
    "totalOtherIncomeExpensesNet": -358000000,
    "incomeBeforeTax": -1831000000,
    "incomeBeforeTaxRatio": -0.7625989171,
    "incomeTaxExpense": 3000000,
    "netIncome": -1834000000,
    "netIncomeRatio": -0.7638483965,
    "eps": -1.61,
    "epsdiluted": -1.61,
    "weightedAverageShsOut": 1140000000,
    "weightedAverageShsOutDil": 1140000000,
    "link": "https://www.sec.gov/Archives/edgar/data/815097/000081509722000054/0000815097-22-000054-index.htm",
    "finalLink": "https://www.sec.gov/Archives/edgar/data/815097/000081509722000054/ccl-20220531.htm"
  },
  {
    "date": "2022-02-28",
    "symbol": "CCL",
    "reportedCurrency": "USD",
    "cik": "0000815097",
    "fillingDate": "2022-03-28",
    "acceptedDate": "2022-03-28 10:52:09",
    "calendarYear": "2022",
    "period": "Q1",
    "revenue": 1623000000,
    "costOfRevenue": 2030000000,
    "grossProfit": -407000000,
    "grossProfitRatio": -0.2507701787,
    "researchAndDevelopmentExpenses": 0,
    "generalAndAdministrativeExpenses": 0,
    "sellingAndMarketingExpenses": 0,
    "sellingGeneralAndAdministrativeExpenses": 530000000,
    "otherExpenses": 554000000,
    "operatingExpenses": 1084000000,
    "costAndExpenses": 3114000000,
    "interestIncome": 3000000,
    "interestExpense": 368000000,
    "depreciationAndAmortization": 554000000,
    "ebitda": -966000000,
    "ebitdaratio": -0.595194085,
    "operatingIncome": -1491000000,
    "operatingIncomeRatio": -0.9186691312,
    "totalOtherIncomeExpensesNet": -397000000,
    "incomeBeforeTax": -1888000000,
    "incomeBeforeTaxRatio": -1.1632778805,
    "incomeTaxExpense": 3000000,
    "netIncome": -1891000000,
    "netIncomeRatio": -1.1651263093,
    "eps": -1.66,
    "epsdiluted": -1.66,
    "weightedAverageShsOut": 1137000000,
    "weightedAverageShsOutDil": 1137000000,
    "link": "https://www.sec.gov/Archives/edgar/data/815097/000081509722000029/0000815097-22-000029-index.htm",
    "finalLink": "https://www.sec.gov/Archives/edgar/data/815097/000081509722000029/ccl-20220228.htm"
  },
  {
    "date": "2021-11-30",
    "symbol": "CCL",
    "reportedCurrency": "USD",
    "cik": "0000815097",
    "fillingDate": "2022-01-27",
    "acceptedDate": "2022-01-27 12:40:15",
    "calendarYear": "2021",
    "period": "Q4",
    "revenue": 1287000000,
    "costOfRevenue": 1823000000,
    "grossProfit": -536000000,
    "grossProfitRatio": -0.4164724165,
    "researchAndDevelopmentExpenses": 0,
    "generalAndAdministrativeExpenses": 0,
    "sellingAndMarketingExpenses": 0,
    "sellingGeneralAndAdministrativeExpenses": 580000000,
    "otherExpenses": 777000000,
    "operatingExpenses": 1357000000,
    "costAndExpenses": 3180000000,
    "interestIncome": 2000000,
    "interestExpense": 348000000,
    "depreciationAndAmortization": 552000000,
    "ebitda": -1724000000,
    "ebitdaratio": -1.3395493395,
    "operatingIncome": -1893000000,
    "operatingIncomeRatio": -1.4708624709,
    "totalOtherIncomeExpensesNet": -731000000,
    "incomeBeforeTax": -2624000000,
    "incomeBeforeTaxRatio": -2.0388500389,
    "incomeTaxExpense": -4000000,
    "netIncome": -2620000000,
    "netIncomeRatio": -2.0357420357,
    "eps": -2.31,
    "epsdiluted": -2.31,
    "weightedAverageShsOut": 1135000000,
    "weightedAverageShsOutDil": 1135000000,
    "link": "https://www.sec.gov/Archives/edgar/data/815097/000081509722000009/0000815097-22-000009-index.htm",
    "finalLink": "https://www.sec.gov/Archives/edgar/data/815097/000081509722000009/ccl-20211130.htm"
  },
  {
    "date": "2021-08-31",
    "symbol": "CCL",
    "reportedCurrency": "USD",
    "cik": "0000815097",
    "fillingDate": "2021-09-30",
    "acceptedDate": "2021-09-30 11:51:06",
    "calendarYear": "2021",
    "period": "Q3",
    "revenue": 546000000,
    "costOfRevenue": 1616000000,
    "grossProfit": -1070000000,
    "grossProfitRatio": -1.9597069597,
    "researchAndDevelopmentExpenses": 0,
    "generalAndAdministrativeExpenses": 0,
    "sellingAndMarketingExpenses": 0,
    "sellingGeneralAndAdministrativeExpenses": 425000000,
    "otherExpenses": 562000000,
    "operatingExpenses": 987000000,
    "costAndExpenses": 2603000000,
    "interestIncome": 3000000,
    "interestExpense": 418000000,
    "depreciationAndAmortization": 562000000,
    "ebitda": -1879000000,
    "ebitdaratio": -3.4413919414,
    "operatingIncome": -2057000000,
    "operatingIncomeRatio": -3.7673992674,
    "totalOtherIncomeExpensesNet": -802000000,
    "incomeBeforeTax": -2859000000,
    "incomeBeforeTaxRatio": -5.2362637363,
    "incomeTaxExpense": -23000000,
    "netIncome": -2836000000,
    "netIncomeRatio": -5.1941391941,
    "eps": -2.5,
    "epsdiluted": -2.5,
    "weightedAverageShsOut": 1133000000,
    "weightedAverageShsOutDil": 1133000000,
    "link": "https://www.sec.gov/Archives/edgar/data/815097/000081509721000098/0000815097-21-000098-index.htm",
    "finalLink": "https://www.sec.gov/Archives/edgar/data/815097/000081509721000098/ccl-20210831.htm"
  },
  {
    "date": "2021-05-31",
    "symbol": "CCL",
    "reportedCurrency": "USD",
    "cik": "0000815097",
    "fillingDate": "2021-06-28",
    "acceptedDate": "2021-06-28 08:21:36",
    "calendarYear": "2021",
    "period": "Q2",
    "revenue": 49000000,
    "costOfRevenue": 681000000,
    "grossProfit": -632000000,
    "grossProfitRatio": -12.8979591837,
    "researchAndDevelopmentExpenses": 0,
    "generalAndAdministrativeExpenses": 0,
    "sellingAndMarketingExpenses": 0,
    "sellingGeneralAndAdministrativeExpenses": 417000000,
    "otherExpenses": 567000000,
    "operatingExpenses": 984000000,
    "costAndExpenses": 1665000000,
    "interestIncome": 4000000,
    "interestExpense": 437000000,
    "depreciationAndAmortization": 567000000,
    "ebitda": -1056000000,
    "ebitdaratio": -21.5510204082,
    "operatingIncome": -1616000000,
    "operatingIncomeRatio": -32.9795918367,
    "totalOtherIncomeExpensesNet": -444000000,
    "incomeBeforeTax": -2060000000,
    "incomeBeforeTaxRatio": -42.0408163265,
    "incomeTaxExpense": 12000000,
    "netIncome": -2072000000,
    "netIncomeRatio": -42.2857142857,
    "eps": -1.83,
    "epsdiluted": -1.83,
    "weightedAverageShsOut": 1132000000,
    "weightedAverageShsOutDil": 1132000000,
    "link": "https://www.sec.gov/Archives/edgar/data/815097/000081509721000074/0000815097-21-000074-index.htm",
    "finalLink": "https://www.sec.gov/Archives/edgar/data/815097/000081509721000074/ccl-20210531.htm"
  },
  {
    "date": "2021-02-28",
    "symbol": "CCL",
    "reportedCurrency": "USD",
    "cik": "0000815097",
    "fillingDate": "2021-04-07",
    "acceptedDate": "2021-04-07 11:32:27",
    "calendarYear": "2021",
    "period": "Q1",
    "revenue": 26000000,
    "costOfRevenue": 535000000,
    "grossProfit": -509000000,
    "grossProfitRatio": -19.5769230769,
    "researchAndDevelopmentExpenses": 0,
    "generalAndAdministrativeExpenses": 0,
    "sellingAndMarketingExpenses": 0,
    "sellingGeneralAndAdministrativeExpenses": 462000000,
    "otherExpenses": 553000000,
    "operatingExpenses": 1015000000,
    "costAndExpenses": 1550000000,
    "interestIncome": 3000000,
    "interestExpense": 398000000,
    "depreciationAndAmortization": 552000000,
    "ebitda": -1029000000,
    "ebitdaratio": -39.5769230769,
    "operatingIncome": -1524000000,
    "operatingIncomeRatio": -58.6153846154,
    "totalOtherIncomeExpensesNet": -455000000,
    "incomeBeforeTax": -1979000000,
    "incomeBeforeTaxRatio": -76.1153846154,
    "incomeTaxExpense": -6000000,
    "netIncome": -1973000000,
    "netIncomeRatio": -75.8846153846,
    "eps": -1.8,
    "epsdiluted": -1.8,
    "weightedAverageShsOut": 1095000000,
    "weightedAverageShsOutDil": 1095000000,
    "link": "https://www.sec.gov/Archives/edgar/data/815097/000081509721000052/0000815097-21-000052-index.htm",
    "finalLink": "https://www.sec.gov/Archives/edgar/data/815097/000081509721000052/ccl-20210228.htm"
  },
  {
    "date": "2020-11-30",
    "symbol": "CCL",
    "reportedCurrency": "USD",
    "cik": "0000815097",
    "fillingDate": "2021-01-26",
    "acceptedDate": "2021-01-26 10:40:20",
    "calendarYear": "2020",
    "period": "Q4",
    "revenue": 33000000,
    "costOfRevenue": 689000000,
    "grossProfit": -656000000,
    "grossProfitRatio": -19.8787878788,
    "researchAndDevelopmentExpenses": 0,
    "generalAndAdministrativeExpenses": 0,
    "sellingAndMarketingExpenses": 0,
    "sellingGeneralAndAdministrativeExpenses": 443000000,
    "otherExpenses": 543000000,
    "operatingExpenses": 986000000,
    "costAndExpenses": 1675000000,
    "interestIncome": 3000000,
    "interestExpense": 348000000,
    "depreciationAndAmortization": 543000000,
    "ebitda": -1346000000,
    "ebitdaratio": -40.7878787879,
    "operatingIncome": -1642000000,
    "operatingIncomeRatio": -49.7575757576,
    "totalOtherIncomeExpensesNet": -595000000,
    "incomeBeforeTax": -2237000000,
    "incomeBeforeTaxRatio": -67.7878787879,
    "incomeTaxExpense": -15000000,
    "netIncome": -2222000000,
    "netIncomeRatio": -67.3333333333,
    "eps": -2.87,
    "epsdiluted": -2.87,
    "weightedAverageShsOut": 775000000,
    "weightedAverageShsOutDil": 775000000,
    "link": "https://www.sec.gov/Archives/edgar/data/815097/000081509721000027/0000815097-21-000027-index.htm",
    "finalLink": "https://www.sec.gov/Archives/edgar/data/815097/000081509721000027/ccl-20201130.htm"
  },
  {
    "date": "2020-08-31",
    "symbol": "CCL",
    "reportedCurrency": "USD",
    "cik": "0000815097",
    "fillingDate": "2020-10-08",
    "acceptedDate": "2020-10-08 08:53:34",
    "calendarYear": "2020",
    "period": "Q3",
    "revenue": 31000000,
    "costOfRevenue": 1549000000,
    "grossProfit": -1518000000,
    "grossProfitRatio": -48.9677419355,
    "researchAndDevelopmentExpenses": 0,
    "generalAndAdministrativeExpenses": 0,
    "sellingAndMarketingExpenses": 0,
    "sellingGeneralAndAdministrativeExpenses": 265000000,
    "otherExpenses": 550000000,
    "operatingExpenses": 815000000,
    "costAndExpenses": 2364000000,
    "interestIncome": 3000000,
    "interestExpense": 310000000,
    "depreciationAndAmortization": 551000000,
    "ebitda": -2000000000,
    "ebitdaratio": -64.5161290323,
    "operatingIncome": -2333000000,
    "operatingIncomeRatio": -75.2580645161,
    "totalOtherIncomeExpensesNet": -528000000,
    "incomeBeforeTax": -2861000000,
    "incomeBeforeTaxRatio": -92.2903225806,
    "incomeTaxExpense": -2000000,
    "netIncome": -2858000000,
    "netIncomeRatio": -92.1935483871,
    "eps": -3.69,
    "epsdiluted": -3.69,
    "weightedAverageShsOut": 775000000,
    "weightedAverageShsOutDil": 775000000,
    "link": "https://www.sec.gov/Archives/edgar/data/815097/000081509720000101/0000815097-20-000101-index.htm",
    "finalLink": "https://www.sec.gov/Archives/edgar/data/815097/000081509720000101/ccl-20200831.htm"
  },
  {
    "date": "2020-05-31",
    "symbol": "CCL",
    "reportedCurrency": "USD",
    "cik": "0000815097",
    "fillingDate": "2020-07-10",
    "acceptedDate": "2020-07-10 11:49:26",
    "calendarYear": "2020",
    "period": "Q2",
    "revenue": 740000000,
    "costOfRevenue": 2484000000,
    "grossProfit": -1744000000,
    "grossProfitRatio": -2.3567567568,
    "researchAndDevelopmentExpenses": 0,
    "generalAndAdministrativeExpenses": 0,
    "sellingAndMarketingExpenses": 0,
    "sellingGeneralAndAdministrativeExpenses": 492000000,
    "otherExpenses": 1941000000,
    "operatingExpenses": 2433000000,
    "costAndExpenses": 4917000000,
    "interestIncome": 6000000,
    "interestExpense": 182000000,
    "depreciationAndAmortization": 577000000,
    "ebitda": -3626000000,
    "ebitdaratio": -4.9,
    "operatingIncome": -4177000000,
    "operatingIncomeRatio": -5.6445945946,
    "totalOtherIncomeExpensesNet": -208000000,
    "incomeBeforeTax": -4385000000,
    "incomeBeforeTaxRatio": -5.9256756757,
    "incomeTaxExpense": -11000000,
    "netIncome": -4374000000,
    "netIncomeRatio": -5.9108108108,
    "eps": -6.07,
    "epsdiluted": -6.07,
    "weightedAverageShsOut": 721000000,
    "weightedAverageShsOutDil": 721000000,
    "link": "https://www.sec.gov/Archives/edgar/data/815097/000081509720000059/0000815097-20-000059-index.htm",
    "finalLink": "https://www.sec.gov/Archives/edgar/data/815097/000081509720000059/ccl-20200531.htm"
  },
  {
    "date": "2020-02-29",
    "symbol": "CCL",
    "reportedCurrency": "USD",
    "cik": "0000815097",
    "fillingDate": "2020-04-03",
    "acceptedDate": "2020-04-03 12:51:04",
    "calendarYear": "2020",
    "period": "Q1",
    "revenue": 4790000000,
    "costOfRevenue": 3523000000,
    "grossProfit": 1267000000,
    "grossProfitRatio": 0.2645093946,
    "researchAndDevelopmentExpenses": 0,
    "generalAndAdministrativeExpenses": 0,
    "sellingAndMarketingExpenses": 0,
    "sellingGeneralAndAdministrativeExpenses": 678000000,
    "otherExpenses": 1302000000,
    "operatingExpenses": 1980000000,
    "costAndExpenses": 5503000000,
    "interestIncome": 5000000,
    "interestExpense": 55000000,
    "depreciationAndAmortization": 570000000,
    "ebitda": -145000000,
    "ebitdaratio": -0.0302713987,
    "operatingIncome": -713000000,
    "operatingIncomeRatio": -0.1488517745,
    "totalOtherIncomeExpensesNet": -57000000,
    "incomeBeforeTax": -770000000,
    "incomeBeforeTaxRatio": -0.1607515658,
    "incomeTaxExpense": 11000000,
    "netIncome": -781000000,
    "netIncomeRatio": -0.1630480167,
    "eps": -1.14,
    "epsdiluted": -1.14,
    "weightedAverageShsOut": 684000000,
    "weightedAverageShsOutDil": 684000000,
    "link": "https://www.sec.gov/Archives/edgar/data/815097/000081509720000030/0000815097-20-000030-index.htm",
    "finalLink": "https://www.sec.gov/Archives/edgar/data/815097/000081509720000030/ccl-20200229.htm"
  },
  {
    "date": "2019-11-30",
    "symbol": "CCL",
    "reportedCurrency": "USD",
    "cik": "0000815097",
    "fillingDate": "2020-01-28",
    "acceptedDate": "2020-01-28 11:19:47",
    "calendarYear": "2019",
    "period": "Q4",
    "revenue": 4781000000,
    "costOfRevenue": 3076000000,
    "grossProfit": 1705000000,
    "grossProfitRatio": 0.356619954,
    "researchAndDevelopmentExpenses": 0,
    "generalAndAdministrativeExpenses": 0,
    "sellingAndMarketingExpenses": 0,
    "sellingGeneralAndAdministrativeExpenses": 667000000,
    "otherExpenses": 553000000,
    "operatingExpenses": 1220000000,
    "costAndExpenses": 4296000000,
    "interestIncome": 7000000,
    "interestExpense": 49000000,
    "depreciationAndAmortization": 553000000,
    "ebitda": 1038000000,
    "ebitdaratio": 0.2171093913,
    "operatingIncome": 485000000,
    "operatingIncomeRatio": 0.1014432127,
    "totalOtherIncomeExpensesNet": -49000000,
    "incomeBeforeTax": 436000000,
    "incomeBeforeTaxRatio": 0.0911943108,
    "incomeTaxExpense": 15000000,
    "netIncome": 423000000,
    "netIncomeRatio": 0.0884752144,
    "eps": 0.62,
    "epsdiluted": 0.61,
    "weightedAverageShsOut": 686000000,
    "weightedAverageShsOutDil": 688000000,
    "link": "https://www.sec.gov/Archives/edgar/data/815097/000081509720000003/0000815097-20-000003-index.htm",
    "finalLink": "https://www.sec.gov/Archives/edgar/data/815097/000081509720000003/a2019form10-kfrontpart.htm"
  },
  {
    "date": "2019-08-31",
    "symbol": "CCL",
    "reportedCurrency": "USD",
    "cik": "0000815097",
    "fillingDate": "2019-09-26",
    "acceptedDate": "2019-09-26 11:48:11",
    "calendarYear": "2019",
    "period": "Q3",
    "revenue": 6533000000,
    "costOfRevenue": 3532000000,
    "grossProfit": 3001000000,
    "grossProfitRatio": 0.4593601714,
    "researchAndDevelopmentExpenses": 0,
    "generalAndAdministrativeExpenses": 0,
    "sellingAndMarketingExpenses": 0,
    "sellingGeneralAndAdministrativeExpenses": 563000000,
    "otherExpenses": 548000000,
    "operatingExpenses": 1111000000,
    "costAndExpenses": 4643000000,
    "interestIncome": 8000000,
    "interestExpense": 52000000,
    "depreciationAndAmortization": 548000000,
    "ebitda": 2427000000,
    "ebitdaratio": 0.3714985458,
    "operatingIncome": 1890000000,
    "operatingIncomeRatio": 0.2893004745,
    "totalOtherIncomeExpensesNet": -63000000,
    "incomeBeforeTax": 1827000000,
    "incomeBeforeTaxRatio": 0.2796571254,
    "incomeTaxExpense": 47000000,
    "netIncome": 1780000000,
    "netIncomeRatio": 0.2724628808,
    "eps": 2.58,
    "epsdiluted": 2.58,
    "weightedAverageShsOut": 689000000,
    "weightedAverageShsOutDil": 691000000,
    "link": "https://www.sec.gov/Archives/edgar/data/815097/000081509719000034/0000815097-19-000034-index.htm",
    "finalLink": "https://www.sec.gov/Archives/edgar/data/815097/000081509719000034/a3q201910-q.htm"
  },
  {
    "date": "2019-05-31",
    "symbol": "CCL",
    "reportedCurrency": "USD",
    "cik": "0000815097",
    "fillingDate": "2019-06-24",
    "acceptedDate": "2019-06-24 16:33:56",
    "calendarYear": "2019",
    "period": "Q2",
    "revenue": 4837000000,
    "costOfRevenue": 3159000000,
    "grossProfit": 1678000000,
    "grossProfitRatio": 0.3469092413,
    "researchAndDevelopmentExpenses": 0,
    "generalAndAdministrativeExpenses": 0,
    "sellingAndMarketingExpenses": 0,
    "sellingGeneralAndAdministrativeExpenses": 621000000,
    "otherExpenses": 542000000,
    "operatingExpenses": 1163000000,
    "costAndExpenses": 4322000000,
    "interestIncome": 5000000,
    "interestExpense": 54000000,
    "depreciationAndAmortization": 543000000,
    "ebitda": 1056000000,
    "ebitdaratio": 0.2183171387,
    "operatingIncome": 515000000,
    "operatingIncomeRatio": 0.1064709531,
    "totalOtherIncomeExpensesNet": -56000000,
    "incomeBeforeTax": 459000000,
    "incomeBeforeTaxRatio": 0.094893529,
    "incomeTaxExpense": 8000000,
    "netIncome": 451000000,
    "netIncomeRatio": 0.0932396113,
    "eps": 0.65,
    "epsdiluted": 0.65,
    "weightedAverageShsOut": 691000000,
    "weightedAverageShsOutDil": 693000000,
    "link": "https://www.sec.gov/Archives/edgar/data/815097/000081509719000019/0000815097-19-000019-index.htm",
    "finalLink": "https://www.sec.gov/Archives/edgar/data/815097/000081509719000019/a2q201910-q.htm"
  },
  {
    "date": "2019-02-28",
    "symbol": "CCL",
    "reportedCurrency": "USD",
    "cik": "0000815097",
    "fillingDate": "2019-04-09",
    "acceptedDate": "2019-04-09 11:49:33",
    "calendarYear": "2019",
    "period": "Q1",
    "revenue": 4673000000,
    "costOfRevenue": 3142000000,
    "grossProfit": 1531000000,
    "grossProfitRatio": 0.3276267922,
    "researchAndDevelopmentExpenses": 0,
    "generalAndAdministrativeExpenses": 0,
    "sellingAndMarketingExpenses": 0,
    "sellingGeneralAndAdministrativeExpenses": 629000000,
    "otherExpenses": 516000000,
    "operatingExpenses": 1145000000,
    "costAndExpenses": 4287000000,
    "interestIncome": 4000000,
    "interestExpense": 51000000,
    "depreciationAndAmortization": 516000000,
    "ebitda": 905000000,
    "ebitdaratio": 0.1936657394,
    "operatingIncome": 386000000,
    "operatingIncomeRatio": 0.0826021828,
    "totalOtherIncomeExpensesNet": -48000000,
    "incomeBeforeTax": 338000000,
    "incomeBeforeTaxRatio": 0.0723304087,
    "incomeTaxExpense": 2000000,
    "netIncome": 336000000,
    "netIncomeRatio": 0.0719024181,
    "eps": 0.48,
    "epsdiluted": 0.48,
    "weightedAverageShsOut": 693000000,
    "weightedAverageShsOutDil": 695000000,
    "link": "https://www.sec.gov/Archives/edgar/data/815097/000081509719000011/0000815097-19-000011-index.htm",
    "finalLink": "https://www.sec.gov/Archives/edgar/data/815097/000081509719000011/a1q201910-q.htm"
  },
  {
    "date": "2018-11-30",
    "symbol": "CCL",
    "reportedCurrency": "USD",
    "cik": "0000815097",
    "fillingDate": "2019-01-28",
    "acceptedDate": "2019-01-28 10:54:24",
    "calendarYear": "2018",
    "period": "Q4",
    "revenue": 4456000000,
    "costOfRevenue": 2741000000,
    "grossProfit": 1715000000,
    "grossProfitRatio": 0.3848743268,
    "researchAndDevelopmentExpenses": 0,
    "generalAndAdministrativeExpenses": 0,
    "sellingAndMarketingExpenses": 0,
    "sellingGeneralAndAdministrativeExpenses": 656000000,
    "otherExpenses": 506000000,
    "operatingExpenses": 1162000000,
    "costAndExpenses": 3903000000,
    "interestIncome": 4000000,
    "interestExpense": 47000000,
    "depreciationAndAmortization": 507000000,
    "ebitda": 1062000000,
    "ebitdaratio": 0.2383303411,
    "operatingIncome": 553000000,
    "operatingIncomeRatio": 0.1241023339,
    "totalOtherIncomeExpensesNet": -45000000,
    "incomeBeforeTax": 508000000,
    "incomeBeforeTaxRatio": 0.1140035907,
    "incomeTaxExpense": 14000000,
    "netIncome": 493000000,
    "netIncomeRatio": 0.1106373429,
    "eps": 0.71,
    "epsdiluted": 0.71,
    "weightedAverageShsOut": 698000000,
    "weightedAverageShsOutDil": 699000000,
    "link": "https://www.sec.gov/Archives/edgar/data/815097/000081509719000004/0000815097-19-000004-index.htm",
    "finalLink": "https://www.sec.gov/Archives/edgar/data/815097/000081509719000004/a2018form10-kfrontpart.htm"
  },
  {
    "date": "2018-08-31",
    "symbol": "CCL",
    "reportedCurrency": "USD",
    "cik": "0000815097",
    "fillingDate": "2018-09-27",
    "acceptedDate": "2018-09-27 11:28:35",
    "calendarYear": "2018",
    "period": "Q3",
    "revenue": 5836000000,
    "costOfRevenue": 2958000000,
    "grossProfit": 2878000000,
    "grossProfitRatio": 0.4931459904,
    "researchAndDevelopmentExpenses": 0,
    "generalAndAdministrativeExpenses": 0,
    "sellingAndMarketingExpenses": 0,
    "sellingGeneralAndAdministrativeExpenses": 573000000,
    "otherExpenses": 511000000,
    "operatingExpenses": 1084000000,
    "costAndExpenses": 4042000000,
    "interestIncome": 5000000,
    "interestExpense": 49000000,
    "depreciationAndAmortization": 510000000,
    "ebitda": 2304000000,
    "ebitdaratio": 0.3947909527,
    "operatingIncome": 1794000000,
    "operatingIncomeRatio": 0.3074023304,
    "totalOtherIncomeExpensesNet": -50000000,
    "incomeBeforeTax": 1744000000,
    "incomeBeforeTaxRatio": 0.2988348184,
    "incomeTaxExpense": 37000000,
    "netIncome": 1707000000,
    "netIncomeRatio": 0.2924948595,
    "eps": 2.42,
    "epsdiluted": 2.41,
    "weightedAverageShsOut": 706000000,
    "weightedAverageShsOutDil": 707000000,
    "link": "https://www.sec.gov/Archives/edgar/data/815097/000081509718000035/0000815097-18-000035-index.htm",
    "finalLink": "https://www.sec.gov/Archives/edgar/data/815097/000081509718000035/a3q10-q.htm"
  },
  {
    "date": "2018-05-31",
    "symbol": "CCL",
    "reportedCurrency": "USD",
    "cik": "0000815097",
    "fillingDate": "2018-06-25",
    "acceptedDate": "2018-06-25 11:35:19",
    "calendarYear": "2018",
    "period": "Q2",
    "revenue": 4357000000,
    "costOfRevenue": 2681000000,
    "grossProfit": 1676000000,
    "grossProfitRatio": 0.3846683498,
    "researchAndDevelopmentExpenses": 0,
    "generalAndAdministrativeExpenses": 0,
    "sellingAndMarketingExpenses": 0,
    "sellingGeneralAndAdministrativeExpenses": 605000000,
    "otherExpenses": 512000000,
    "operatingExpenses": 1117000000,
    "costAndExpenses": 3798000000,
    "interestIncome": 3000000,
    "interestExpense": 49000000,
    "depreciationAndAmortization": 512000000,
    "ebitda": 1125000000,
    "ebitdaratio": 0.2582051871,
    "operatingIncome": 559000000,
    "operatingIncomeRatio": 0.1282992885,
    "totalOtherIncomeExpensesNet": 5000000,
    "incomeBeforeTax": 564000000,
    "incomeBeforeTaxRatio": 0.1294468671,
    "incomeTaxExpense": 3000000,
    "netIncome": 561000000,
    "netIncomeRatio": 0.1287583199,
    "eps": 0.79,
    "epsdiluted": 0.78,
    "weightedAverageShsOut": 714000000,
    "weightedAverageShsOutDil": 715000000,
    "link": "https://www.sec.gov/Archives/edgar/data/815097/000081509718000026/0000815097-18-000026-index.htm",
    "finalLink": "https://www.sec.gov/Archives/edgar/data/815097/000081509718000026/q2201810-q.htm"
  },
  {
    "date": "2018-02-28",
    "symbol": "CCL",
    "reportedCurrency": "USD",
    "cik": "0000815097",
    "fillingDate": "2018-03-22",
    "acceptedDate": "2018-03-22 12:55:45",
    "calendarYear": "2018",
    "period": "Q1",
    "revenue": 4232000000,
    "costOfRevenue": 2709000000,
    "grossProfit": 1523000000,
    "grossProfitRatio": 0.3598771267,
    "researchAndDevelopmentExpenses": 0,
    "generalAndAdministrativeExpenses": 0,
    "sellingAndMarketingExpenses": 0,
    "sellingGeneralAndAdministrativeExpenses": 616000000,
    "otherExpenses": 488000000,
    "operatingExpenses": 1104000000,
    "costAndExpenses": 3813000000,
    "interestIncome": 3000000,
    "interestExpense": 48000000,
    "depreciationAndAmortization": 488000000,
    "ebitda": 926000000,
    "ebitdaratio": 0.2188090737,
    "operatingIncome": 419000000,
    "operatingIncomeRatio": 0.0990075614,
    "totalOtherIncomeExpensesNet": -29000000,
    "incomeBeforeTax": 390000000,
    "incomeBeforeTaxRatio": 0.0921550095,
    "incomeTaxExpense": 0,
    "netIncome": 391000000,
    "netIncomeRatio": 0.0923913043,
    "eps": 0.54,
    "epsdiluted": 0.54,
    "weightedAverageShsOut": 717000000,
    "weightedAverageShsOutDil": 719000000,
    "link": "https://www.sec.gov/Archives/edgar/data/815097/000081509718000018/0000815097-18-000018-index.htm",
    "finalLink": "https://www.sec.gov/Archives/edgar/data/815097/000081509718000018/q1201810-q.htm"
  },
  {
    "date": "2017-11-30",
    "symbol": "CCL",
    "reportedCurrency": "USD",
    "cik": "0000815097",
    "fillingDate": "2018-01-29",
    "acceptedDate": "2018-01-29 09:27:30",
    "calendarYear": "2017",
    "period": "Q4",
    "revenue": 4259000000,
    "costOfRevenue": 2617000000,
    "grossProfit": 1642000000,
    "grossProfitRatio": 0.3855365109,
    "researchAndDevelopmentExpenses": 0,
    "generalAndAdministrativeExpenses": 0,
    "sellingAndMarketingExpenses": 0,
    "sellingGeneralAndAdministrativeExpenses": 616000000,
    "otherExpenses": 478000000,
    "operatingExpenses": 1094000000,
    "costAndExpenses": 3711000000,
    "interestIncome": 2000000,
    "interestExpense": 48000000,
    "depreciationAndAmortization": 478000000,
    "ebitda": 1086000000,
    "ebitdaratio": 0.2549894341,
    "operatingIncome": 548000000,
    "operatingIncomeRatio": 0.1286687016,
    "totalOtherIncomeExpensesNet": 12000000,
    "incomeBeforeTax": 560000000,
    "incomeBeforeTaxRatio": 0.1314862644,
    "incomeTaxExpense": 14000000,
    "netIncome": 546000000,
    "netIncomeRatio": 0.1281991078,
    "eps": 0.76,
    "epsdiluted": 0.76,
    "weightedAverageShsOut": 720000000,
    "weightedAverageShsOutDil": 722000000,
    "link": "https://www.sec.gov/Archives/edgar/data/815097/000081509718000005/0000815097-18-000005-index.htm",
    "finalLink": "https://www.sec.gov/Archives/edgar/data/815097/000081509718000005/a2017form10-kfrontpart.htm"
  },
  {
    "date": "2017-08-31",
    "symbol": "CCL",
    "reportedCurrency": "USD",
    "cik": "0000815097",
    "fillingDate": "2017-09-29",
    "acceptedDate": "2017-09-29 12:33:13",
    "calendarYear": "2017",
    "period": "Q3",
    "revenue": 5515000000,
    "costOfRevenue": 3013000000,
    "grossProfit": 2502000000,
    "grossProfitRatio": 0.4536718042,
    "researchAndDevelopmentExpenses": 0,
    "generalAndAdministrativeExpenses": 0,
    "sellingAndMarketingExpenses": 0,
    "sellingGeneralAndAdministrativeExpenses": 547000000,
    "otherExpenses": 562000000,
    "operatingExpenses": 1109000000,
    "costAndExpenses": 4122000000,
    "interestIncome": 3000000,
    "interestExpense": 49000000,
    "depreciationAndAmortization": 472000000,
    "ebitda": 1890000000,
    "ebitdaratio": 0.3427017226,
    "operatingIncome": 1393000000,
    "operatingIncomeRatio": 0.2525838622,
    "totalOtherIncomeExpensesNet": -25000000,
    "incomeBeforeTax": 1368000000,
    "incomeBeforeTaxRatio": 0.2480507706,
    "incomeTaxExpense": 39000000,
    "netIncome": 1329000000,
    "netIncomeRatio": 0.2409791478,
    "eps": 1.84,
    "epsdiluted": 1.83,
    "weightedAverageShsOut": 723000000,
    "weightedAverageShsOutDil": 726000000,
    "link": "https://www.sec.gov/Archives/edgar/data/815097/000081509717000023/0000815097-17-000023-index.htm",
    "finalLink": "https://www.sec.gov/Archives/edgar/data/815097/000081509717000023/q3201710-q.htm"
  },
  {
    "date": "2017-05-31",
    "symbol": "CCL",
    "reportedCurrency": "USD",
    "cik": "0000815097",
    "fillingDate": "2017-06-30",
    "acceptedDate": "2017-06-30 09:25:40",
    "calendarYear": "2017",
    "period": "Q2",
    "revenue": 3945000000,
    "costOfRevenue": 2436000000,
    "grossProfit": 1509000000,
    "grossProfitRatio": 0.3825095057,
    "researchAndDevelopmentExpenses": 0,
    "generalAndAdministrativeExpenses": 0,
    "sellingAndMarketingExpenses": 0,
    "sellingGeneralAndAdministrativeExpenses": 553000000,
    "otherExpenses": 456000000,
    "operatingExpenses": 1009000000,
    "costAndExpenses": 3445000000,
    "interestIncome": 2000000,
    "interestExpense": 50000000,
    "depreciationAndAmortization": 457000000,
    "ebitda": 891000000,
    "ebitdaratio": 0.2258555133,
    "operatingIncome": 500000000,
    "operatingIncomeRatio": 0.1267427123,
    "totalOtherIncomeExpensesNet": -116000000,
    "incomeBeforeTax": 384000000,
    "incomeBeforeTaxRatio": 0.097338403,
    "incomeTaxExpense": 5000000,
    "netIncome": 379000000,
    "netIncomeRatio": 0.0960709759,
    "eps": 0.52,
    "epsdiluted": 0.52,
    "weightedAverageShsOut": 724000000,
    "weightedAverageShsOutDil": 727000000,
    "link": "https://www.sec.gov/Archives/edgar/data/815097/000081509717000016/0000815097-17-000016-index.htm",
    "finalLink": "https://www.sec.gov/Archives/edgar/data/815097/000081509717000016/q2201710-q.htm"
  },
  {
    "date": "2017-02-28",
    "symbol": "CCL",
    "reportedCurrency": "USD",
    "cik": "0000815097",
    "fillingDate": "2017-03-30",
    "acceptedDate": "2017-03-30 09:22:38",
    "calendarYear": "2017",
    "period": "Q1",
    "revenue": 3791000000,
    "costOfRevenue": 2435000000,
    "grossProfit": 1356000000,
    "grossProfitRatio": 0.357689264,
    "researchAndDevelopmentExpenses": 0,
    "generalAndAdministrativeExpenses": 0,
    "sellingAndMarketingExpenses": 0,
    "sellingGeneralAndAdministrativeExpenses": 549000000,
    "otherExpenses": 439000000,
    "operatingExpenses": 988000000,
    "costAndExpenses": 3423000000,
    "interestIncome": 2000000,
    "interestExpense": 51000000,
    "depreciationAndAmortization": 439000000,
    "ebitda": 844000000,
    "ebitdaratio": 0.2226325508,
    "operatingIncome": 368000000,
    "operatingIncomeRatio": 0.0970720127,
    "totalOtherIncomeExpensesNet": -14000000,
    "incomeBeforeTax": 354000000,
    "incomeBeforeTaxRatio": 0.0933790557,
    "incomeTaxExpense": 2000000,
    "netIncome": 352000000,
    "netIncomeRatio": 0.0928514904,
    "eps": 0.48,
    "epsdiluted": 0.48,
    "weightedAverageShsOut": 725000000,
    "weightedAverageShsOutDil": 728000000,
    "link": "https://www.sec.gov/Archives/edgar/data/815097/000081509717000008/0000815097-17-000008-index.htm",
    "finalLink": "https://www.sec.gov/Archives/edgar/data/815097/000081509717000008/q1201710-q.htm"
  },
  {
    "date": "2016-11-30",
    "symbol": "CCL",
    "reportedCurrency": "USD",
    "cik": "0000815097",
    "fillingDate": "2017-01-30",
    "acceptedDate": "2017-01-30 09:27:06",
    "calendarYear": "2016",
    "period": "Q4",
    "revenue": 3935000000,
    "costOfRevenue": 2319000000,
    "grossProfit": 1616000000,
    "grossProfitRatio": 0.4106734435,
    "researchAndDevelopmentExpenses": 0,
    "generalAndAdministrativeExpenses": 0,
    "sellingAndMarketingExpenses": 0,
    "sellingGeneralAndAdministrativeExpenses": 584000000,
    "otherExpenses": 435000000,
    "operatingExpenses": 1019000000,
    "costAndExpenses": 3338000000,
    "interestIncome": 1000000,
    "interestExpense": 55000000,
    "depreciationAndAmortization": 435000000,
    "ebitda": 1103000000,
    "ebitdaratio": 0.2803049555,
    "operatingIncome": 597000000,
    "operatingIncomeRatio": 0.1517153748,
    "totalOtherIncomeExpensesNet": 16000000,
    "incomeBeforeTax": 613000000,
    "incomeBeforeTaxRatio": 0.1557814485,
    "incomeTaxExpense": 5000000,
    "netIncome": 608000000,
    "netIncomeRatio": 0.1545108005,
    "eps": 0.84,
    "epsdiluted": 0.83,
    "weightedAverageShsOut": 727000000,
    "weightedAverageShsOutDil": 729000000,
    "link": "https://www.sec.gov/Archives/edgar/data/815097/000081509717000001/0000815097-17-000001-index.htm",
    "finalLink": "https://www.sec.gov/Archives/edgar/data/815097/000081509717000001/a2016form10-kfrontpart.htm"
  },
  {
    "date": "2016-08-31",
    "symbol": "CCL",
    "reportedCurrency": "USD",
    "cik": "0000815097",
    "fillingDate": "2016-09-30",
    "acceptedDate": "2016-09-30 10:05:41",
    "calendarYear": "2016",
    "period": "Q3",
    "revenue": 5097000000,
    "costOfRevenue": 2563000000,
    "grossProfit": 2534000000,
    "grossProfitRatio": 0.4971551893,
    "researchAndDevelopmentExpenses": 0,
    "generalAndAdministrativeExpenses": 0,
    "sellingAndMarketingExpenses": 0,
    "sellingGeneralAndAdministrativeExpenses": 529000000,
    "otherExpenses": 443000000,
    "operatingExpenses": 972000000,
    "costAndExpenses": 3535000000,
    "interestIncome": 2000000,
    "interestExpense": 61000000,
    "depreciationAndAmortization": 442000000,
    "ebitda": 1969000000,
    "ebitdaratio": 0.38630567,
    "operatingIncome": 1562000000,
    "operatingIncomeRatio": 0.3064547773,
    "totalOtherIncomeExpensesNet": -97000000,
    "incomeBeforeTax": 1465000000,
    "incomeBeforeTaxRatio": 0.2874239749,
    "incomeTaxExpense": 41000000,
    "netIncome": 1424000000,
    "netIncomeRatio": 0.2793800275,
    "eps": 1.93,
    "epsdiluted": 1.93,
    "weightedAverageShsOut": 737000000,
    "weightedAverageShsOutDil": 739000000,
    "link": "https://www.sec.gov/Archives/edgar/data/815097/000081509716000045/0000815097-16-000045-index.htm",
    "finalLink": "https://www.sec.gov/Archives/edgar/data/815097/000081509716000045/q3201610-q.htm"
  },
  {
    "date": "2016-05-31",
    "symbol": "CCL",
    "reportedCurrency": "USD",
    "cik": "0000815097",
    "fillingDate": "2016-07-01",
    "acceptedDate": "2016-07-01 09:21:46",
    "calendarYear": "2016",
    "period": "Q2",
    "revenue": 3705000000,
    "costOfRevenue": 2258000000,
    "grossProfit": 1447000000,
    "grossProfitRatio": 0.3905533063,
    "researchAndDevelopmentExpenses": 0,
    "generalAndAdministrativeExpenses": 0,
    "sellingAndMarketingExpenses": 0,
    "sellingGeneralAndAdministrativeExpenses": 532000000,
    "otherExpenses": 437000000,
    "operatingExpenses": 969000000,
    "costAndExpenses": 3227000000,
    "interestIncome": 2000000,
    "interestExpense": 57000000,
    "depreciationAndAmortization": 438000000,
    "ebitda": 1102000000,
    "ebitdaratio": 0.2974358974,
    "operatingIncome": 478000000,
    "operatingIncomeRatio": 0.1290148448,
    "totalOtherIncomeExpensesNet": 129000000,
    "incomeBeforeTax": 607000000,
    "incomeBeforeTaxRatio": 0.1638326586,
    "incomeTaxExpense": 2000000,
    "netIncome": 605000000,
    "netIncomeRatio": 0.1632928475,
    "eps": 0.81,
    "epsdiluted": 0.8,
    "weightedAverageShsOut": 751000000,
    "weightedAverageShsOutDil": 753000000,
    "link": "https://www.sec.gov/Archives/edgar/data/815097/000081509716000040/0000815097-16-000040-index.htm",
    "finalLink": "https://www.sec.gov/Archives/edgar/data/815097/000081509716000040/q2201610-q.htm"
  },
  {
    "date": "2016-02-29",
    "symbol": "CCL",
    "reportedCurrency": "USD",
    "cik": "0000815097",
    "fillingDate": "2016-03-31",
    "acceptedDate": "2016-03-31 09:13:03",
    "calendarYear": "2016",
    "period": "Q1",
    "revenue": 3651000000,
    "costOfRevenue": 2243000000,
    "grossProfit": 1408000000,
    "grossProfitRatio": 0.3856477677,
    "researchAndDevelopmentExpenses": 0,
    "generalAndAdministrativeExpenses": 0,
    "sellingAndMarketingExpenses": 0,
    "sellingGeneralAndAdministrativeExpenses": 551000000,
    "otherExpenses": 423000000,
    "operatingExpenses": 974000000,
    "costAndExpenses": 3217000000,
    "interestIncome": 2000000,
    "interestExpense": 52000000,
    "depreciationAndAmortization": 423000000,
    "ebitda": 618000000,
    "ebitdaratio": 0.1692686935,
    "operatingIncome": 434000000,
    "operatingIncomeRatio": 0.118871542,
    "totalOtherIncomeExpensesNet": -291000000,
    "incomeBeforeTax": 143000000,
    "incomeBeforeTaxRatio": 0.0391673514,
    "incomeTaxExpense": 1000000,
    "netIncome": 142000000,
    "netIncomeRatio": 0.0388934538,
    "eps": 0.18,
    "epsdiluted": 0.18,
    "weightedAverageShsOut": 788889000,
    "weightedAverageShsOutDil": 769000000,
    "link": "https://www.sec.gov/Archives/edgar/data/815097/000081509716000035/0000815097-16-000035-index.htm",
    "finalLink": "https://www.sec.gov/Archives/edgar/data/815097/000081509716000035/q1201610-q.htm"
  },
  {
    "date": "2015-11-30",
    "symbol": "CCL",
    "reportedCurrency": "USD",
    "cik": "0000815097",
    "fillingDate": "2016-01-29",
    "acceptedDate": "2016-01-29 09:13:08",
    "calendarYear": "2015",
    "period": "Q4",
    "revenue": 3711000000,
    "costOfRevenue": 2218000000,
    "grossProfit": 1493000000,
    "grossProfitRatio": 0.4023174347,
    "researchAndDevelopmentExpenses": 0,
    "generalAndAdministrativeExpenses": 0,
    "sellingAndMarketingExpenses": 0,
    "sellingGeneralAndAdministrativeExpenses": 563000000,
    "otherExpenses": 420000000,
    "operatingExpenses": 983000000,
    "costAndExpenses": 3201000000,
    "interestIncome": 2000000,
    "interestExpense": 50000000,
    "depreciationAndAmortization": 420000000,
    "ebitda": 741000000,
    "ebitdaratio": 0.199676637,
    "operatingIncome": 510000000,
    "operatingIncomeRatio": 0.1374292643,
    "totalOtherIncomeExpensesNet": -239000000,
    "incomeBeforeTax": 271000000,
    "incomeBeforeTaxRatio": 0.0730261385,
    "incomeTaxExpense": 1000000,
    "netIncome": 270000000,
    "netIncomeRatio": 0.0727566694,
    "eps": 0.35,
    "epsdiluted": 0.35,
    "weightedAverageShsOut": 774000000,
    "weightedAverageShsOutDil": 777000000,
    "link": "https://www.sec.gov/Archives/edgar/data/815097/000081509716000030/0000815097-16-000030-index.htm",
    "finalLink": "https://www.sec.gov/Archives/edgar/data/815097/000081509716000030/a2015form10-kfrontpart.htm"
  },
  {
    "date": "2015-08-31",
    "symbol": "CCL",
    "reportedCurrency": "USD",
    "cik": "0000815097",
    "fillingDate": "2015-10-02",
    "acceptedDate": "2015-10-02 09:09:28",
    "calendarYear": "2015",
    "period": "Q3",
    "revenue": 4883000000,
    "costOfRevenue": 2490000000,
    "grossProfit": 2393000000,
    "grossProfitRatio": 0.4900675814,
    "researchAndDevelopmentExpenses": 0,
    "generalAndAdministrativeExpenses": 0,
    "sellingAndMarketingExpenses": 0,
    "sellingGeneralAndAdministrativeExpenses": 484000000,
    "otherExpenses": 399000000,
    "operatingExpenses": 883000000,
    "costAndExpenses": 3373000000,
    "interestIncome": 2000000,
    "interestExpense": 53000000,
    "depreciationAndAmortization": 399000000,
    "ebitda": 1702000000,
    "ebitdaratio": 0.3485562154,
    "operatingIncome": 1510000000,
    "operatingIncomeRatio": 0.3092361253,
    "totalOtherIncomeExpensesNet": -260000000,
    "incomeBeforeTax": 1250000000,
    "incomeBeforeTaxRatio": 0.25599017,
    "incomeTaxExpense": 34000000,
    "netIncome": 1216000000,
    "netIncomeRatio": 0.2490272374,
    "eps": 1.56,
    "epsdiluted": 1.56,
    "weightedAverageShsOut": 778000000,
    "weightedAverageShsOutDil": 781000000,
    "link": "https://www.sec.gov/Archives/edgar/data/815097/000081509715000025/0000815097-15-000025-index.htm",
    "finalLink": "https://www.sec.gov/Archives/edgar/data/815097/000081509715000025/a2015q310-q.htm"
  },
  {
    "date": "2015-05-31",
    "symbol": "CCL",
    "reportedCurrency": "USD",
    "cik": "0000815097",
    "fillingDate": "2015-07-01",
    "acceptedDate": "2015-07-01 09:07:06",
    "calendarYear": "2015",
    "period": "Q2",
    "revenue": 3590000000,
    "costOfRevenue": 2404000000,
    "grossProfit": 1186000000,
    "grossProfitRatio": 0.330362117,
    "researchAndDevelopmentExpenses": 0,
    "generalAndAdministrativeExpenses": 0,
    "sellingAndMarketingExpenses": 0,
    "sellingGeneralAndAdministrativeExpenses": 491000000,
    "otherExpenses": 406000000,
    "operatingExpenses": 897000000,
    "costAndExpenses": 3301000000,
    "interestIncome": 2000000,
    "interestExpense": 57000000,
    "depreciationAndAmortization": 406000000,
    "ebitda": 689000000,
    "ebitdaratio": 0.1919220056,
    "operatingIncome": 289000000,
    "operatingIncomeRatio": 0.0805013928,
    "totalOtherIncomeExpensesNet": -63000000,
    "incomeBeforeTax": 226000000,
    "incomeBeforeTaxRatio": 0.0629526462,
    "incomeTaxExpense": 4000000,
    "netIncome": 222000000,
    "netIncomeRatio": 0.0618384401,
    "eps": 0.29,
    "epsdiluted": 0.29,
    "weightedAverageShsOut": 778000000,
    "weightedAverageShsOutDil": 780000000,
    "link": "https://www.sec.gov/Archives/edgar/data/815097/000081509715000021/0000815097-15-000021-index.htm",
    "finalLink": "https://www.sec.gov/Archives/edgar/data/815097/000081509715000021/a2015q210-q.htm"
  },
  {
    "date": "2015-02-28",
    "symbol": "CCL",
    "reportedCurrency": "USD",
    "cik": "0000815097",
    "fillingDate": "2015-04-02",
    "acceptedDate": "2015-04-02 09:05:26",
    "calendarYear": "2015",
    "period": "Q1",
    "revenue": 3531000000,
    "costOfRevenue": 2335000000,
    "grossProfit": 1196000000,
    "grossProfitRatio": 0.3387142453,
    "researchAndDevelopmentExpenses": 0,
    "generalAndAdministrativeExpenses": 0,
    "sellingAndMarketingExpenses": 0,
    "sellingGeneralAndAdministrativeExpenses": 529000000,
    "otherExpenses": 401000000,
    "operatingExpenses": 930000000,
    "costAndExpenses": 3265000000,
    "interestIncome": 2000000,
    "interestExpense": 57000000,
    "depreciationAndAmortization": 401000000,
    "ebitda": 510000000,
    "ebitdaratio": 0.1444350042,
    "operatingIncome": 266000000,
    "operatingIncomeRatio": 0.0753327669,
    "totalOtherIncomeExpensesNet": -214000000,
    "incomeBeforeTax": 52000000,
    "incomeBeforeTaxRatio": 0.0147267063,
    "incomeTaxExpense": 3000000,
    "netIncome": 49000000,
    "netIncomeRatio": 0.0138770886,
    "eps": 0.06,
    "epsdiluted": 0.06,
    "weightedAverageShsOut": 816667000,
    "weightedAverageShsOutDil": 779000000,
    "link": "https://www.sec.gov/Archives/edgar/data/815097/000081509715000012/0000815097-15-000012-index.htm",
    "finalLink": "https://www.sec.gov/Archives/edgar/data/815097/000081509715000012/a2015q110-q.htm"
  },
  {
    "date": "2014-11-30",
    "symbol": "CCL",
    "reportedCurrency": "USD",
    "cik": "0000815097",
    "fillingDate": "2015-01-29",
    "acceptedDate": "2015-01-29 09:44:08",
    "calendarYear": "2014",
    "period": "Q4",
    "revenue": 3719000000,
    "costOfRevenue": 2497000000,
    "grossProfit": 1222000000,
    "grossProfitRatio": 0.3285829524,
    "researchAndDevelopmentExpenses": 0,
    "generalAndAdministrativeExpenses": 0,
    "sellingAndMarketingExpenses": 0,
    "sellingGeneralAndAdministrativeExpenses": 547000000,
    "otherExpenses": 408000000,
    "operatingExpenses": 955000000,
    "costAndExpenses": 3452000000,
    "interestIncome": 2000000,
    "interestExpense": 75000000,
    "depreciationAndAmortization": 408000000,
    "ebitda": 388000000,
    "ebitdaratio": 0.1043291207,
    "operatingIncome": 267000000,
    "operatingIncomeRatio": 0.0717934929,
    "totalOtherIncomeExpensesNet": -362000000,
    "incomeBeforeTax": -95000000,
    "incomeBeforeTaxRatio": -0.0255445012,
    "incomeTaxExpense": 7000000,
    "netIncome": -102000000,
    "netIncomeRatio": -0.0274267276,
    "eps": -0.13,
    "epsdiluted": -0.13,
    "weightedAverageShsOut": 776000000,
    "weightedAverageShsOutDil": 776000000,
    "link": "https://www.sec.gov/Archives/edgar/data/815097/000081509715000007/0000815097-15-000007-index.htm",
    "finalLink": "https://www.sec.gov/Archives/edgar/data/815097/000081509715000007/a2014form10-kfrontpart.htm"
  },
  {
    "date": "2014-08-31",
    "symbol": "CCL",
    "reportedCurrency": "USD",
    "cik": "0000815097",
    "fillingDate": "2014-10-03",
    "acceptedDate": "2014-10-03 09:08:01",
    "calendarYear": "2014",
    "period": "Q3",
    "revenue": 4947000000,
    "costOfRevenue": 2760000000,
    "grossProfit": 2187000000,
    "grossProfitRatio": 0.4420861128,
    "researchAndDevelopmentExpenses": 0,
    "generalAndAdministrativeExpenses": 0,
    "sellingAndMarketingExpenses": 0,
    "sellingGeneralAndAdministrativeExpenses": 481000000,
    "otherExpenses": 414000000,
    "operatingExpenses": 895000000,
    "costAndExpenses": 3655000000,
    "interestIncome": 2000000,
    "interestExpense": 69000000,
    "depreciationAndAmortization": 414000000,
    "ebitda": 1724000000,
    "ebitdaratio": 0.3484940368,
    "operatingIncome": 1292000000,
    "operatingIncomeRatio": 0.2611683849,
    "totalOtherIncomeExpensesNet": -51000000,
    "incomeBeforeTax": 1241000000,
    "incomeBeforeTaxRatio": 0.2508591065,
    "incomeTaxExpense": 0,
    "netIncome": 1241000000,
    "netIncomeRatio": 0.2508591065,
    "eps": 1.61,
    "epsdiluted": 1.6,
    "weightedAverageShsOut": 776000000,
    "weightedAverageShsOutDil": 778000000,
    "link": "https://www.sec.gov/Archives/edgar/data/815097/000081509714000006/0000815097-14-000006-index.htm",
    "finalLink": "https://www.sec.gov/Archives/edgar/data/815097/000081509714000006/a2014q310-q.htm"
  },
  {
    "date": "2014-05-31",
    "symbol": "CCL",
    "reportedCurrency": "USD",
    "cik": "0000815097",
    "fillingDate": "2014-07-02",
    "acceptedDate": "2014-07-02 09:10:33",
    "calendarYear": "2014",
    "period": "Q2",
    "revenue": 3633000000,
    "costOfRevenue": 2572000000,
    "grossProfit": 1061000000,
    "grossProfitRatio": 0.2920451418,
    "researchAndDevelopmentExpenses": 0,
    "generalAndAdministrativeExpenses": 0,
    "sellingAndMarketingExpenses": 0,
    "sellingGeneralAndAdministrativeExpenses": 504000000,
    "otherExpenses": 410000000,
    "operatingExpenses": 914000000,
    "costAndExpenses": 3486000000,
    "interestIncome": 2000000,
    "interestExpense": 72000000,
    "depreciationAndAmortization": 410000000,
    "ebitda": 581000000,
    "ebitdaratio": 0.1599229287,
    "operatingIncome": 147000000,
    "operatingIncomeRatio": 0.0404624277,
    "totalOtherIncomeExpensesNet": -48000000,
    "incomeBeforeTax": 99000000,
    "incomeBeforeTaxRatio": 0.0272502064,
    "incomeTaxExpense": 1000000,
    "netIncome": 98000000,
    "netIncomeRatio": 0.0269749518,
    "eps": 0.13,
    "epsdiluted": 0.13,
    "weightedAverageShsOut": 776000000,
    "weightedAverageShsOutDil": 778000000,
    "link": "https://www.sec.gov/Archives/edgar/data/815097/000119312514258411/0001193125-14-258411-index.htm",
    "finalLink": "https://www.sec.gov/Archives/edgar/data/815097/000119312514258411/d739153d10q.htm"
  },
  {
    "date": "2014-02-28",
    "symbol": "CCL",
    "reportedCurrency": "USD",
    "cik": "0000815097",
    "fillingDate": "2014-04-02",
    "acceptedDate": "2014-04-02 09:05:23",
    "calendarYear": "2014",
    "period": "Q1",
    "revenue": 3585000000,
    "costOfRevenue": 2592000000,
    "grossProfit": 993000000,
    "grossProfitRatio": 0.2769874477,
    "researchAndDevelopmentExpenses": 0,
    "generalAndAdministrativeExpenses": 0,
    "sellingAndMarketingExpenses": 0,
    "sellingGeneralAndAdministrativeExpenses": 521000000,
    "otherExpenses": 405000000,
    "operatingExpenses": 926000000,
    "costAndExpenses": 3518000000,
    "interestIncome": 2000000,
    "interestExpense": 72000000,
    "depreciationAndAmortization": 405000000,
    "ebitda": 458000000,
    "ebitdaratio": 0.1277545328,
    "operatingIncome": 67000000,
    "operatingIncomeRatio": 0.0186889819,
    "totalOtherIncomeExpensesNet": -86000000,
    "incomeBeforeTax": -19000000,
    "incomeBeforeTaxRatio": -0.0052998605,
    "incomeTaxExpense": 1000000,
    "netIncome": -20000000,
    "netIncomeRatio": -0.0055788006,
    "eps": -0.0258,
    "epsdiluted": -0.03,
    "weightedAverageShsOut": 776000000,
    "weightedAverageShsOutDil": 776000000,
    "link": "https://www.sec.gov/Archives/edgar/data/815097/000119312514127172/0001193125-14-127172-index.htm",
    "finalLink": "https://www.sec.gov/Archives/edgar/data/815097/000119312514127172/d698582d10q.htm"
  },
  {
    "date": "2013-11-30",
    "symbol": "CCL",
    "reportedCurrency": "USD",
    "cik": "0000815097",
    "fillingDate": "2014-01-29",
    "acceptedDate": "2014-01-29 09:07:42",
    "calendarYear": "2013",
    "period": "Q4",
    "revenue": 3658000000,
    "costOfRevenue": 2621000000,
    "grossProfit": 1037000000,
    "grossProfitRatio": 0.2834882449,
    "researchAndDevelopmentExpenses": 0,
    "generalAndAdministrativeExpenses": 0,
    "sellingAndMarketingExpenses": 0,
    "sellingGeneralAndAdministrativeExpenses": 532000000,
    "otherExpenses": 402000000,
    "operatingExpenses": 934000000,
    "costAndExpenses": 3555000000,
    "interestIncome": 4000000,
    "interestExpense": 82000000,
    "depreciationAndAmortization": 402000000,
    "ebitda": 541000000,
    "ebitdaratio": 0.1478950246,
    "operatingIncome": 103000000,
    "operatingIncomeRatio": 0.0281574631,
    "totalOtherIncomeExpensesNet": -46000000,
    "incomeBeforeTax": 57000000,
    "incomeBeforeTaxRatio": 0.0155822854,
    "incomeTaxExpense": -9000000,
    "netIncome": 66000000,
    "netIncomeRatio": 0.0180426463,
    "eps": 0.0852,
    "epsdiluted": 0.0852,
    "weightedAverageShsOut": 775000000,
    "weightedAverageShsOutDil": 777000000,
    "link": "https://www.sec.gov/Archives/edgar/data/815097/000119312514025514/0001193125-14-025514-index.htm",
    "finalLink": "https://www.sec.gov/Archives/edgar/data/815097/000119312514025514/d645418d10k.htm"
  },
  {
    "date": "2013-08-31",
    "symbol": "CCL",
    "reportedCurrency": "USD",
    "cik": "0000815097",
    "fillingDate": "2013-10-03",
    "acceptedDate": "2013-10-03 09:07:59",
    "calendarYear": "2013",
    "period": "Q3",
    "revenue": 4726000000,
    "costOfRevenue": 2917000000,
    "grossProfit": 1809000000,
    "grossProfitRatio": 0.382776132,
    "researchAndDevelopmentExpenses": 0,
    "generalAndAdministrativeExpenses": 0,
    "sellingAndMarketingExpenses": 0,
    "sellingGeneralAndAdministrativeExpenses": 439000000,
    "otherExpenses": 419000000,
    "operatingExpenses": 858000000,
    "costAndExpenses": 3775000000,
    "interestIncome": 2000000,
    "interestExpense": 76000000,
    "depreciationAndAmortization": 406000000,
    "ebitda": 1417000000,
    "ebitdaratio": 0.2998307237,
    "operatingIncome": 951000000,
    "operatingIncomeRatio": 0.2012272535,
    "totalOtherIncomeExpensesNet": -16000000,
    "incomeBeforeTax": 935000000,
    "incomeBeforeTaxRatio": 0.1978417266,
    "incomeTaxExpense": 1000000,
    "netIncome": 934000000,
    "netIncomeRatio": 0.1976301312,
    "eps": 1.2,
    "epsdiluted": 1.2,
    "weightedAverageShsOut": 775000000,
    "weightedAverageShsOutDil": 777000000,
    "link": "https://www.sec.gov/Archives/edgar/data/815097/000119312513389562/0001193125-13-389562-index.htm",
    "finalLink": "https://www.sec.gov/Archives/edgar/data/815097/000119312513389562/d603807d10q.htm"
  },
  {
    "date": "2013-05-31",
    "symbol": "CCL",
    "reportedCurrency": "USD",
    "cik": "0000815097",
    "fillingDate": "2013-07-02",
    "acceptedDate": "2013-07-02 11:21:00",
    "calendarYear": "2013",
    "period": "Q2",
    "revenue": 3479000000,
    "costOfRevenue": 2487000000,
    "grossProfit": 992000000,
    "grossProfitRatio": 0.2851394079,
    "researchAndDevelopmentExpenses": 0,
    "generalAndAdministrativeExpenses": 0,
    "sellingAndMarketingExpenses": 0,
    "sellingGeneralAndAdministrativeExpenses": 449000000,
    "otherExpenses": 391000000,
    "operatingExpenses": 840000000,
    "costAndExpenses": 3327000000,
    "interestIncome": 3000000,
    "interestExpense": 78000000,
    "depreciationAndAmortization": 391000000,
    "ebitda": 510000000,
    "ebitdaratio": 0.1465938488,
    "operatingIncome": 152000000,
    "operatingIncomeRatio": 0.0436907157,
    "totalOtherIncomeExpensesNet": -111000000,
    "incomeBeforeTax": 41000000,
    "incomeBeforeTaxRatio": 0.0117849957,
    "incomeTaxExpense": 0,
    "netIncome": 41000000,
    "netIncomeRatio": 0.0117849957,
    "eps": 0.0529,
    "epsdiluted": 0.0548,
    "weightedAverageShsOut": 777000000,
    "weightedAverageShsOutDil": 777000000,
    "link": "https://www.sec.gov/Archives/edgar/data/815097/000119312513280538/0001193125-13-280538-index.htm",
    "finalLink": "https://www.sec.gov/Archives/edgar/data/815097/000119312513280538/d561258d10q.htm"
  },
  {
    "date": "2013-02-28",
    "symbol": "CCL",
    "reportedCurrency": "USD",
    "cik": "0000815097",
    "fillingDate": "2013-04-03",
    "acceptedDate": "2013-04-03 09:20:45",
    "calendarYear": "2013",
    "period": "Q1",
    "revenue": 3593000000,
    "costOfRevenue": 2599000000,
    "grossProfit": 994000000,
    "grossProfitRatio": 0.2766490398,
    "researchAndDevelopmentExpenses": 0,
    "generalAndAdministrativeExpenses": 0,
    "sellingAndMarketingExpenses": 0,
    "sellingGeneralAndAdministrativeExpenses": 460000000,
    "otherExpenses": 389000000,
    "operatingExpenses": 849000000,
    "costAndExpenses": 3448000000,
    "interestIncome": 2000000,
    "interestExpense": 83000000,
    "depreciationAndAmortization": 389000000,
    "ebitda": 511000000,
    "ebitdaratio": 0.1422209852,
    "operatingIncome": 145000000,
    "operatingIncomeRatio": 0.0403562483,
    "totalOtherIncomeExpensesNet": -106000000,
    "incomeBeforeTax": 39000000,
    "incomeBeforeTaxRatio": 0.0108544392,
    "incomeTaxExpense": 2000000,
    "netIncome": 37000000,
    "netIncomeRatio": 0.0102978013,
    "eps": 0.05,
    "epsdiluted": 0.05,
    "weightedAverageShsOut": 776000000,
    "weightedAverageShsOutDil": 778000000,
    "link": "https://www.sec.gov/Archives/edgar/data/815097/000119312513139632/0001193125-13-139632-index.htm",
    "finalLink": "https://www.sec.gov/Archives/edgar/data/815097/000119312513139632/d476018d10q.htm"
  },
  {
    "date": "2012-11-30",
    "symbol": "CCL",
    "reportedCurrency": "USD",
    "cik": "0000815097",
    "fillingDate": "2013-01-29",
    "acceptedDate": "2013-01-29 09:18:27",
    "calendarYear": "2012",
    "period": "Q4",
    "revenue": 3578000000,
    "costOfRevenue": 2551000000,
    "grossProfit": 1027000000,
    "grossProfitRatio": 0.2870318614,
    "researchAndDevelopmentExpenses": 0,
    "generalAndAdministrativeExpenses": 0,
    "sellingAndMarketingExpenses": 0,
    "sellingGeneralAndAdministrativeExpenses": 459000000,
    "otherExpenses": 392000000,
    "operatingExpenses": 851000000,
    "costAndExpenses": 3402000000,
    "interestIncome": 2000000,
    "interestExpense": 77000000,
    "depreciationAndAmortization": 392000000,
    "ebitda": 562000000,
    "ebitdaratio": 0.1570709894,
    "operatingIncome": 176000000,
    "operatingIncomeRatio": 0.0491894913,
    "totalOtherIncomeExpensesNet": -83000000,
    "incomeBeforeTax": 93000000,
    "incomeBeforeTaxRatio": 0.0259921744,
    "incomeTaxExpense": 0,
    "netIncome": 93000000,
    "netIncomeRatio": 0.0259921744,
    "eps": 0.12,
    "epsdiluted": 0.12,
    "weightedAverageShsOut": 777000000,
    "weightedAverageShsOutDil": 779000000,
    "link": "https://www.sec.gov/Archives/edgar/data/815097/000119312513027239/0001193125-13-027239-index.htm",
    "finalLink": "https://www.sec.gov/Archives/edgar/data/815097/000119312513027239/d387954d10k.htm"
  },
  {
    "date": "2012-08-31",
    "symbol": "CCL",
    "reportedCurrency": "USD",
    "cik": "0000815097",
    "fillingDate": "2012-10-05",
    "acceptedDate": "2012-10-05 09:22:01",
    "calendarYear": "2012",
    "period": "Q3",
    "revenue": 4684000000,
    "costOfRevenue": 2597000000,
    "grossProfit": 2087000000,
    "grossProfitRatio": 0.445559351,
    "researchAndDevelopmentExpenses": 0,
    "generalAndAdministrativeExpenses": 0,
    "sellingAndMarketingExpenses": 0,
    "sellingGeneralAndAdministrativeExpenses": 409000000,
    "otherExpenses": 383000000,
    "operatingExpenses": 792000000,
    "costAndExpenses": 3389000000,
    "interestIncome": 2000000,
    "interestExpense": 84000000,
    "depreciationAndAmortization": 383000000,
    "ebitda": 1803000000,
    "ebitdaratio": 0.3849274125,
    "operatingIncome": 1295000000,
    "operatingIncomeRatio": 0.2764730999,
    "totalOtherIncomeExpensesNet": 41000000,
    "incomeBeforeTax": 1336000000,
    "incomeBeforeTaxRatio": 0.2852263023,
    "incomeTaxExpense": 6000000,
    "netIncome": 1330000000,
    "netIncomeRatio": 0.2839453459,
    "eps": 1.71,
    "epsdiluted": 1.71,
    "weightedAverageShsOut": 778000000,
    "weightedAverageShsOutDil": 779000000,
    "link": "https://www.sec.gov/Archives/edgar/data/815097/000119312512416139/0001193125-12-416139-index.htm",
    "finalLink": "https://www.sec.gov/Archives/edgar/data/815097/000119312512416139/d382688d10q.htm"
  },
  {
    "date": "2012-05-31",
    "symbol": "CCL",
    "reportedCurrency": "USD",
    "cik": "0000815097",
    "fillingDate": "2012-07-02",
    "acceptedDate": "2012-07-02 09:18:35",
    "calendarYear": "2012",
    "period": "Q2",
    "revenue": 3538000000,
    "costOfRevenue": 2478000000,
    "grossProfit": 1060000000,
    "grossProfitRatio": 0.2996042962,
    "researchAndDevelopmentExpenses": 0,
    "generalAndAdministrativeExpenses": 0,
    "sellingAndMarketingExpenses": 0,
    "sellingGeneralAndAdministrativeExpenses": 431000000,
    "otherExpenses": 376000000,
    "operatingExpenses": 807000000,
    "costAndExpenses": 3285000000,
    "interestIncome": 3000000,
    "interestExpense": 87000000,
    "depreciationAndAmortization": 376000000,
    "ebitda": 477000000,
    "ebitdaratio": 0.1348219333,
    "operatingIncome": 253000000,
    "operatingIncomeRatio": 0.0715093273,
    "totalOtherIncomeExpensesNet": -239000000,
    "incomeBeforeTax": 14000000,
    "incomeBeforeTaxRatio": 0.0039570379,
    "incomeTaxExpense": 0,
    "netIncome": 14000000,
    "netIncomeRatio": 0.0039570379,
    "eps": 0.02,
    "epsdiluted": 0.02,
    "weightedAverageShsOut": 779000000,
    "weightedAverageShsOutDil": 779000000,
    "link": "https://www.sec.gov/Archives/edgar/data/815097/000119312512290985/0001193125-12-290985-index.htm",
    "finalLink": "https://www.sec.gov/Archives/edgar/data/815097/000119312512290985/d334963d10q.htm"
  },
  {
    "date": "2012-02-29",
    "symbol": "CCL",
    "reportedCurrency": "USD",
    "cik": "0000815097",
    "fillingDate": "2012-03-30",
    "acceptedDate": "2012-03-30 09:14:44",
    "calendarYear": "2012",
    "period": "Q1",
    "revenue": 3582000000,
    "costOfRevenue": 2694000000,
    "grossProfit": 888000000,
    "grossProfitRatio": 0.2479061977,
    "researchAndDevelopmentExpenses": 0,
    "generalAndAdministrativeExpenses": 0,
    "sellingAndMarketingExpenses": 0,
    "sellingGeneralAndAdministrativeExpenses": 421000000,
    "otherExpenses": 549000000,
    "operatingExpenses": 970000000,
    "costAndExpenses": 3664000000,
    "interestIncome": 3000000,
    "interestExpense": 88000000,
    "depreciationAndAmortization": 376000000,
    "ebitda": 323000000,
    "ebitdaratio": 0.0901730877,
    "operatingIncome": -82000000,
    "operatingIncomeRatio": -0.022892239,
    "totalOtherIncomeExpensesNet": -59000000,
    "incomeBeforeTax": -141000000,
    "incomeBeforeTaxRatio": -0.0393634841,
    "incomeTaxExpense": -2000000,
    "netIncome": -139000000,
    "netIncomeRatio": -0.0388051368,
    "eps": -0.18,
    "epsdiluted": -0.18,
    "weightedAverageShsOut": 778000000,
    "weightedAverageShsOutDil": 778000000,
    "link": "https://www.sec.gov/Archives/edgar/data/815097/000119312512141856/0001193125-12-141856-index.htm",
    "finalLink": "https://www.sec.gov/Archives/edgar/data/815097/000119312512141856/d308899d10q.htm"
  },
  {
    "date": "2011-11-30",
    "symbol": "CCL",
    "reportedCurrency": "USD",
    "cik": "0000815097",
    "fillingDate": "2012-01-30",
    "acceptedDate": "2012-01-30 09:17:14",
    "calendarYear": "2011",
    "period": "Q4",
    "revenue": 3697000000,
    "costOfRevenue": 2569000000,
    "grossProfit": 1128000000,
    "grossProfitRatio": 0.3051122532,
    "researchAndDevelopmentExpenses": 0,
    "generalAndAdministrativeExpenses": 0,
    "sellingAndMarketingExpenses": 0,
    "sellingGeneralAndAdministrativeExpenses": 435000000,
    "otherExpenses": 385000000,
    "operatingExpenses": 820000000,
    "costAndExpenses": 3389000000,
    "interestIncome": 3000000,
    "interestExpense": 92000000,
    "depreciationAndAmortization": 385000000,
    "ebitda": 686000000,
    "ebitdaratio": 0.1855558561,
    "operatingIncome": 308000000,
    "operatingIncomeRatio": 0.0833107925,
    "totalOtherIncomeExpensesNet": -99000000,
    "incomeBeforeTax": 209000000,
    "incomeBeforeTaxRatio": 0.0565323235,
    "incomeTaxExpense": -8000000,
    "netIncome": 217000000,
    "netIncomeRatio": 0.0586962402,
    "eps": 0.28,
    "epsdiluted": 0.28,
    "weightedAverageShsOut": 778000000,
    "weightedAverageShsOutDil": 780000000,
    "link": "https://www.sec.gov/Archives/edgar/data/815097/000119312512028375/0001193125-12-028375-index.htm",
    "finalLink": "https://www.sec.gov/Archives/edgar/data/815097/000119312512028375/d254914d10k.htm"
  },
  {
    "date": "2011-08-31",
    "symbol": "CCL",
    "reportedCurrency": "USD",
    "cik": "0000815097",
    "fillingDate": "2011-09-30",
    "acceptedDate": "2011-09-30 09:34:55",
    "calendarYear": "2011",
    "period": "Q3",
    "revenue": 5058000000,
    "costOfRevenue": 2814000000,
    "grossProfit": 2244000000,
    "grossProfitRatio": 0.443653618,
    "researchAndDevelopmentExpenses": 0,
    "generalAndAdministrativeExpenses": 0,
    "sellingAndMarketingExpenses": 0,
    "sellingGeneralAndAdministrativeExpenses": 421000000,
    "otherExpenses": 390000000,
    "operatingExpenses": 811000000,
    "costAndExpenses": 3625000000,
    "interestIncome": 3000000,
    "interestExpense": 96000000,
    "depreciationAndAmortization": 390000000,
    "ebitda": 1828000000,
    "ebitdaratio": 0.361407671,
    "operatingIncome": 1433000000,
    "operatingIncomeRatio": 0.2833135627,
    "totalOtherIncomeExpensesNet": -91000000,
    "incomeBeforeTax": 1342000000,
    "incomeBeforeTaxRatio": 0.2653222618,
    "incomeTaxExpense": 5000000,
    "netIncome": 1337000000,
    "netIncomeRatio": 0.2643337287,
    "eps": 1.69,
    "epsdiluted": 1.69,
    "weightedAverageShsOut": 790000000,
    "weightedAverageShsOutDil": 792000000,
    "link": "https://www.sec.gov/Archives/edgar/data/815097/000119312511260770/0001193125-11-260770-index.htm",
    "finalLink": "https://www.sec.gov/Archives/edgar/data/815097/000119312511260770/d225963d10q.htm"
  },
  {
    "date": "2011-05-31",
    "symbol": "CCL",
    "reportedCurrency": "USD",
    "cik": "0000815097",
    "fillingDate": "2011-07-01",
    "acceptedDate": "2011-07-01 09:31:02",
    "calendarYear": "2011",
    "period": "Q2",
    "revenue": 3620000000,
    "costOfRevenue": 2521000000,
    "grossProfit": 1099000000,
    "grossProfitRatio": 0.3035911602,
    "researchAndDevelopmentExpenses": 0,
    "generalAndAdministrativeExpenses": 0,
    "sellingAndMarketingExpenses": 0,
    "sellingGeneralAndAdministrativeExpenses": 440000000,
    "otherExpenses": 380000000,
    "operatingExpenses": 820000000,
    "costAndExpenses": 3341000000,
    "interestIncome": 3000000,
    "interestExpense": 91000000,
    "depreciationAndAmortization": 380000000,
    "ebitda": 675000000,
    "ebitdaratio": 0.1864640884,
    "operatingIncome": 279000000,
    "operatingIncomeRatio": 0.0770718232,
    "totalOtherIncomeExpensesNet": -75000000,
    "incomeBeforeTax": 204000000,
    "incomeBeforeTaxRatio": 0.0563535912,
    "incomeTaxExpense": -2000000,
    "netIncome": 206000000,
    "netIncomeRatio": 0.0569060773,
    "eps": 0.26,
    "epsdiluted": 0.26,
    "weightedAverageShsOut": 791000000,
    "weightedAverageShsOutDil": 793000000,
    "link": "https://www.sec.gov/Archives/edgar/data/815097/000119312511179975/0001193125-11-179975-index.htm",
    "finalLink": "https://www.sec.gov/Archives/edgar/data/815097/000119312511179975/d10q.htm"
  },
  {
    "date": "2011-02-28",
    "symbol": "CCL",
    "reportedCurrency": "USD",
    "cik": "0000815097",
    "fillingDate": "2011-04-01",
    "acceptedDate": "2011-04-01 09:33:57",
    "calendarYear": "2011",
    "period": "Q1",
    "revenue": 3419000000,
    "costOfRevenue": 2395000000,
    "grossProfit": 1024000000,
    "grossProfitRatio": 0.2995027786,
    "researchAndDevelopmentExpenses": 0,
    "generalAndAdministrativeExpenses": 0,
    "sellingAndMarketingExpenses": 0,
    "sellingGeneralAndAdministrativeExpenses": 422000000,
    "otherExpenses": 367000000,
    "operatingExpenses": 789000000,
    "costAndExpenses": 3184000000,
    "interestIncome": 2000000,
    "interestExpense": 86000000,
    "depreciationAndAmortization": 367000000,
    "ebitda": 610000000,
    "ebitdaratio": 0.1784147412,
    "operatingIncome": 235000000,
    "operatingIncomeRatio": 0.0687335478,
    "totalOtherIncomeExpensesNet": -78000000,
    "incomeBeforeTax": 157000000,
    "incomeBeforeTaxRatio": 0.0459198596,
    "incomeTaxExpense": 5000000,
    "netIncome": 152000000,
    "netIncomeRatio": 0.0444574437,
    "eps": 0.19,
    "epsdiluted": 0.19,
    "weightedAverageShsOut": 790000000,
    "weightedAverageShsOutDil": 794000000,
    "link": "https://www.sec.gov/Archives/edgar/data/815097/000119312511085959/0001193125-11-085959-index.htm",
    "finalLink": "https://www.sec.gov/Archives/edgar/data/815097/000119312511085959/d10q.htm"
  },
  {
    "date": "2010-11-30",
    "symbol": "CCL",
    "reportedCurrency": "USD",
    "cik": "0000815097",
    "fillingDate": "2011-01-31",
    "acceptedDate": "2011-01-31 09:35:28",
    "calendarYear": "2010",
    "period": "Q4",
    "revenue": 3753000000,
    "costOfRevenue": 7113000000,
    "grossProfit": -3360000000,
    "grossProfitRatio": -0.895283773,
    "researchAndDevelopmentExpenses": 0,
    "generalAndAdministrativeExpenses": 0,
    "sellingAndMarketingExpenses": 0,
    "sellingGeneralAndAdministrativeExpenses": 433000000,
    "otherExpenses": -4134000000,
    "operatingExpenses": -3701000000,
    "costAndExpenses": 3412000000,
    "interestIncome": 2000000,
    "interestExpense": 93000000,
    "depreciationAndAmortization": 367000000,
    "ebitda": 715000000,
    "ebitdaratio": 0.1905142553,
    "operatingIncome": 341000000,
    "operatingIncomeRatio": 0.0908606448,
    "totalOtherIncomeExpensesNet": -86000000,
    "incomeBeforeTax": 255000000,
    "incomeBeforeTaxRatio": 0.0679456435,
    "incomeTaxExpense": 7000000,
    "netIncome": 248000000,
    "netIncomeRatio": 0.066080469,
    "eps": 0.31,
    "epsdiluted": 0.31,
    "weightedAverageShsOut": 788000000,
    "weightedAverageShsOutDil": 805000000,
    "link": "https://www.sec.gov/Archives/edgar/data/815097/000119312511018320/0001193125-11-018320-index.htm",
    "finalLink": "https://www.sec.gov/Archives/edgar/data/815097/000119312511018320/d10k.htm"
  },
  {
    "date": "2010-08-31",
    "symbol": "CCL",
    "reportedCurrency": "USD",
    "cik": "0000815097",
    "fillingDate": "2010-10-01",
    "acceptedDate": "2010-10-01 09:34:44",
    "calendarYear": "2010",
    "period": "Q3",
    "revenue": 4527000000,
    "costOfRevenue": 2389000000,
    "grossProfit": 2138000000,
    "grossProfitRatio": 0.4722774464,
    "researchAndDevelopmentExpenses": 0,
    "generalAndAdministrativeExpenses": 0,
    "sellingAndMarketingExpenses": 0,
    "sellingGeneralAndAdministrativeExpenses": 381000000,
    "otherExpenses": 355000000,
    "operatingExpenses": 736000000,
    "costAndExpenses": 3125000000,
    "interestIncome": 3000000,
    "interestExpense": 90000000,
    "depreciationAndAmortization": 355000000,
    "ebitda": 1758000000,
    "ebitdaratio": 0.3883366468,
    "operatingIncome": 1402000000,
    "operatingIncomeRatio": 0.3096973713,
    "totalOtherIncomeExpensesNet": -89000000,
    "incomeBeforeTax": 1313000000,
    "incomeBeforeTaxRatio": 0.2900375525,
    "incomeTaxExpense": 10000000,
    "netIncome": 1303000000,
    "netIncomeRatio": 0.2878285841,
    "eps": 1.65,
    "epsdiluted": 1.62,
    "weightedAverageShsOut": 789000000,
    "weightedAverageShsOutDil": 806000000,
    "link": "https://www.sec.gov/Archives/edgar/data/815097/000119312510221654/0001193125-10-221654-index.htm",
    "finalLink": "https://www.sec.gov/Archives/edgar/data/815097/000119312510221654/d10q.htm"
  },
  {
    "date": "2010-05-31",
    "symbol": "CCL",
    "reportedCurrency": "USD",
    "cik": "0000815097",
    "fillingDate": "2010-07-01",
    "acceptedDate": "2010-07-01 12:06:42",
    "calendarYear": "2010",
    "period": "Q2",
    "revenue": 3267000000,
    "costOfRevenue": 2165000000,
    "grossProfit": 1102000000,
    "grossProfitRatio": 0.3373125191,
    "researchAndDevelopmentExpenses": 0,
    "generalAndAdministrativeExpenses": 0,
    "sellingAndMarketingExpenses": 0,
    "sellingGeneralAndAdministrativeExpenses": 404000000,
    "otherExpenses": 349000000,
    "operatingExpenses": 753000000,
    "costAndExpenses": 2918000000,
    "interestIncome": 3000000,
    "interestExpense": 99000000,
    "depreciationAndAmortization": 349000000,
    "ebitda": 699000000,
    "ebitdaratio": 0.2139577594,
    "operatingIncome": 349000000,
    "operatingIncomeRatio": 0.1068258341,
    "totalOtherIncomeExpensesNet": -98000000,
    "incomeBeforeTax": 251000000,
    "incomeBeforeTaxRatio": 0.076828895,
    "incomeTaxExpense": -1000000,
    "netIncome": 252000000,
    "netIncomeRatio": 0.0771349862,
    "eps": 0.32,
    "epsdiluted": 0.32,
    "weightedAverageShsOut": 788000000,
    "weightedAverageShsOutDil": 806000000,
    "link": "https://www.sec.gov/Archives/edgar/data/815097/000119312510152337/0001193125-10-152337-index.htm",
    "finalLink": "https://www.sec.gov/Archives/edgar/data/815097/000119312510152337/d10q.htm"
  },
  {
    "date": "2010-02-28",
    "symbol": "CCL",
    "reportedCurrency": "USD",
    "cik": "0000815097",
    "fillingDate": "2010-04-01",
    "acceptedDate": "2010-04-01 12:02:00",
    "calendarYear": "2010",
    "period": "Q1",
    "revenue": 3178000000,
    "costOfRevenue": 2182000000,
    "grossProfit": 996000000,
    "grossProfitRatio": 0.313404657,
    "researchAndDevelopmentExpenses": 0,
    "generalAndAdministrativeExpenses": 0,
    "sellingAndMarketingExpenses": 0,
    "sellingGeneralAndAdministrativeExpenses": 396000000,
    "otherExpenses": 345000000,
    "operatingExpenses": 741000000,
    "costAndExpenses": 2923000000,
    "interestIncome": 4000000,
    "interestExpense": 96000000,
    "depreciationAndAmortization": 345000000,
    "ebitda": 601000000,
    "ebitdaratio": 0.1891126495,
    "operatingIncome": 255000000,
    "operatingIncomeRatio": 0.0802391441,
    "totalOtherIncomeExpensesNet": -95000000,
    "incomeBeforeTax": 160000000,
    "incomeBeforeTaxRatio": 0.0503461296,
    "incomeTaxExpense": -15000000,
    "netIncome": 175000000,
    "netIncomeRatio": 0.0550660793,
    "eps": 0.22,
    "epsdiluted": 0.22,
    "weightedAverageShsOut": 787000000,
    "weightedAverageShsOutDil": 805000000,
    "link": "https://www.sec.gov/Archives/edgar/data/815097/000119312510074655/0001193125-10-074655-index.htm",
    "finalLink": "https://www.sec.gov/Archives/edgar/data/815097/000119312510074655/d10q.htm"
  },
  {
    "date": "2009-11-30",
    "symbol": "CCL",
    "reportedCurrency": "USD",
    "cik": "0000815097",
    "fillingDate": "2010-01-29",
    "acceptedDate": "2010-01-29 09:02:19",
    "calendarYear": "2009",
    "period": "Q4",
    "revenue": 3206000000,
    "costOfRevenue": 2143000000,
    "grossProfit": 1063000000,
    "grossProfitRatio": 0.3315658141,
    "researchAndDevelopmentExpenses": 0,
    "generalAndAdministrativeExpenses": 0,
    "sellingAndMarketingExpenses": 0,
    "sellingGeneralAndAdministrativeExpenses": 424000000,
    "otherExpenses": 345000000,
    "operatingExpenses": 769000000,
    "costAndExpenses": 2912000000,
    "interestIncome": 4000000,
    "interestExpense": 99000000,
    "depreciationAndAmortization": 345000000,
    "ebitda": 645000000,
    "ebitdaratio": 0.2011852776,
    "operatingIncome": 294000000,
    "operatingIncomeRatio": 0.0917030568,
    "totalOtherIncomeExpensesNet": -93000000,
    "incomeBeforeTax": 201000000,
    "incomeBeforeTaxRatio": 0.062694947,
    "incomeTaxExpense": 8000000,
    "netIncome": 193000000,
    "netIncomeRatio": 0.0601996257,
    "eps": 0.25,
    "epsdiluted": 0.24,
    "weightedAverageShsOut": 787000000,
    "weightedAverageShsOutDil": 804000000,
    "link": "https://www.sec.gov/Archives/edgar/data/815097/000119312510016470/0001193125-10-016470-index.htm",
    "finalLink": "https://www.sec.gov/Archives/edgar/data/815097/000119312510016470/d10k.htm"
  },
  {
    "date": "2009-08-31",
    "symbol": "CCL",
    "reportedCurrency": "USD",
    "cik": "0000815097",
    "fillingDate": "2009-10-01",
    "acceptedDate": "2009-10-01 09:01:02",
    "calendarYear": "2009",
    "period": "Q3",
    "revenue": 4139000000,
    "costOfRevenue": 791000000,
    "grossProfit": 3348000000,
    "grossProfitRatio": 0.8088910365,
    "researchAndDevelopmentExpenses": 0,
    "generalAndAdministrativeExpenses": 0,
    "sellingAndMarketingExpenses": 0,
    "sellingGeneralAndAdministrativeExpenses": 381000000,
    "otherExpenses": 1771000000,
    "operatingExpenses": 2152000000,
    "costAndExpenses": 2943000000,
    "interestIncome": 4000000,
    "interestExpense": 95000000,
    "depreciationAndAmortization": 336000000,
    "ebitda": 1528000000,
    "ebitdaratio": 0.3691712974,
    "operatingIncome": 1196000000,
    "operatingIncomeRatio": 0.2889586857,
    "totalOtherIncomeExpensesNet": -99000000,
    "incomeBeforeTax": 1097000000,
    "incomeBeforeTaxRatio": 0.2650398647,
    "incomeTaxExpense": 24000000,
    "netIncome": 1073000000,
    "netIncomeRatio": 0.2592413626,
    "eps": 1.36,
    "epsdiluted": 1.33,
    "weightedAverageShsOut": 787000000,
    "weightedAverageShsOutDil": 809000000,
    "link": "https://www.sec.gov/Archives/edgar/data/815097/000119312509201646/0001193125-09-201646-index.htm",
    "finalLink": "https://www.sec.gov/Archives/edgar/data/815097/000119312509201646/d10q.htm"
  },
  {
    "date": "2009-05-31",
    "symbol": "CCL",
    "reportedCurrency": "USD",
    "cik": "0000815097",
    "fillingDate": "2009-06-30",
    "acceptedDate": "2009-06-30 09:00:55",
    "calendarYear": "2009",
    "period": "Q2",
    "revenue": 2948000000,
    "costOfRevenue": 1885000000,
    "grossProfit": 1063000000,
    "grossProfitRatio": 0.3605834464,
    "researchAndDevelopmentExpenses": 0,
    "generalAndAdministrativeExpenses": 0,
    "sellingAndMarketingExpenses": 0,
    "sellingGeneralAndAdministrativeExpenses": 393000000,
    "otherExpenses": 317000000,
    "operatingExpenses": 710000000,
    "costAndExpenses": 2595000000,
    "interestIncome": 2000000,
    "interestExpense": 90000000,
    "depreciationAndAmortization": 317000000,
    "ebitda": 677000000,
    "ebitdaratio": 0.2296472185,
    "operatingIncome": 353000000,
    "operatingIncomeRatio": 0.1197421981,
    "totalOtherIncomeExpensesNet": -83000000,
    "incomeBeforeTax": 270000000,
    "incomeBeforeTaxRatio": 0.091587517,
    "incomeTaxExpense": 6000000,
    "netIncome": 264000000,
    "netIncomeRatio": 0.0895522388,
    "eps": 0.34,
    "epsdiluted": 0.33,
    "weightedAverageShsOut": 787000000,
    "weightedAverageShsOutDil": 800000000,
    "link": "https://www.sec.gov/Archives/edgar/data/815097/000119312509141248/0001193125-09-141248-index.htm",
    "finalLink": "https://www.sec.gov/Archives/edgar/data/815097/000119312509141248/d10q.htm"
  },
  {
    "date": "2009-02-28",
    "symbol": "CCL",
    "reportedCurrency": "USD",
    "cik": "0000815097",
    "fillingDate": "2009-04-02",
    "acceptedDate": "2009-04-02 09:11:20",
    "calendarYear": "2009",
    "period": "Q1",
    "revenue": 2864000000,
    "costOfRevenue": 1850000000,
    "grossProfit": 1014000000,
    "grossProfitRatio": 0.3540502793,
    "researchAndDevelopmentExpenses": 0,
    "generalAndAdministrativeExpenses": 0,
    "sellingAndMarketingExpenses": 0,
    "sellingGeneralAndAdministrativeExpenses": 392000000,
    "otherExpenses": 311000000,
    "operatingExpenses": 703000000,
    "costAndExpenses": 2553000000,
    "interestIncome": 4000000,
    "interestExpense": 96000000,
    "depreciationAndAmortization": 311000000,
    "ebitda": 645000000,
    "ebitdaratio": 0.2252094972,
    "operatingIncome": 311000000,
    "operatingIncomeRatio": 0.1085893855,
    "totalOtherIncomeExpensesNet": -73000000,
    "incomeBeforeTax": 238000000,
    "incomeBeforeTaxRatio": 0.0831005587,
    "incomeTaxExpense": -22000000,
    "netIncome": 260000000,
    "netIncomeRatio": 0.0907821229,
    "eps": 0.33,
    "epsdiluted": 0.33,
    "weightedAverageShsOut": 787000000,
    "weightedAverageShsOutDil": 803000000,
    "link": "https://www.sec.gov/Archives/edgar/data/815097/000119312509071231/0001193125-09-071231-index.htm",
    "finalLink": "https://www.sec.gov/Archives/edgar/data/815097/000119312509071231/d10q.htm"
  },
  {
    "date": "2008-11-30",
    "symbol": "CCL",
    "reportedCurrency": "USD",
    "cik": "0000815097",
    "fillingDate": "2009-01-29",
    "acceptedDate": "2009-01-29 10:10:27",
    "calendarYear": "2008",
    "period": "Q4",
    "revenue": 3302000000,
    "costOfRevenue": 2132000000,
    "grossProfit": 1170000000,
    "grossProfitRatio": 0.3543307087,
    "researchAndDevelopmentExpenses": 0,
    "generalAndAdministrativeExpenses": 0,
    "sellingAndMarketingExpenses": 0,
    "sellingGeneralAndAdministrativeExpenses": 407000000,
    "otherExpenses": 313000000,
    "operatingExpenses": 720000000,
    "costAndExpenses": 2852000000,
    "interestIncome": 5000000,
    "interestExpense": 106000000,
    "depreciationAndAmortization": 2185000000,
    "ebitda": 2661000000,
    "ebitdaratio": 0.8058752271,
    "operatingIncome": 450000000,
    "operatingIncomeRatio": 0.1362810418,
    "totalOtherIncomeExpensesNet": -80000000,
    "incomeBeforeTax": 370000000,
    "incomeBeforeTaxRatio": 0.112053301,
    "incomeTaxExpense": -1000000,
    "netIncome": 371000000,
    "netIncomeRatio": 0.1123561478,
    "eps": 0.47,
    "epsdiluted": 0.45,
    "weightedAverageShsOut": 786000000,
    "weightedAverageShsOutDil": 816000000,
    "link": "https://www.sec.gov/Archives/edgar/data/815097/000119312509013746/0001193125-09-013746-index.htm",
    "finalLink": "https://www.sec.gov/Archives/edgar/data/815097/000119312509013746/d10k.htm"
  },
  {
    "date": "2008-08-31",
    "symbol": "CCL",
    "reportedCurrency": "USD",
    "cik": "0000815097",
    "fillingDate": "2008-09-26",
    "acceptedDate": "2008-09-26 09:05:18",
    "calendarYear": "2008",
    "period": "Q3",
    "revenue": 4814000000,
    "costOfRevenue": 2634000000,
    "grossProfit": 2180000000,
    "grossProfitRatio": 0.4528458662,
    "researchAndDevelopmentExpenses": 0,
    "generalAndAdministrativeExpenses": 0,
    "sellingAndMarketingExpenses": 0,
    "sellingGeneralAndAdministrativeExpenses": 372000000,
    "otherExpenses": 323000000,
    "operatingExpenses": 695000000,
    "costAndExpenses": 3329000000,
    "interestIncome": 8000000,
    "interestExpense": 108000000,
    "depreciationAndAmortization": 323000000,
    "ebitda": 1816000000,
    "ebitdaratio": 0.3772330702,
    "operatingIncome": 1485000000,
    "operatingIncomeRatio": 0.3084752804,
    "totalOtherIncomeExpensesNet": -100000000,
    "incomeBeforeTax": 1385000000,
    "incomeBeforeTaxRatio": 0.2877025343,
    "incomeTaxExpense": 52000000,
    "netIncome": 1333000000,
    "netIncomeRatio": 0.2769007063,
    "eps": 1.7,
    "epsdiluted": 1.65,
    "weightedAverageShsOut": 786000000,
    "weightedAverageShsOutDil": 814000000,
    "link": "https://www.sec.gov/Archives/edgar/data/815097/000119312508201731/0001193125-08-201731-index.htm",
    "finalLink": "https://www.sec.gov/Archives/edgar/data/815097/000119312508201731/d10q.htm"
  },
  {
    "date": "2008-05-31",
    "symbol": "CCL",
    "reportedCurrency": "USD",
    "cik": "0000815097",
    "fillingDate": "2008-06-27",
    "acceptedDate": "2008-06-27 09:01:21",
    "calendarYear": "2008",
    "period": "Q2",
    "revenue": 3378000000,
    "costOfRevenue": 2159000000,
    "grossProfit": 1219000000,
    "grossProfitRatio": 0.3608644168,
    "researchAndDevelopmentExpenses": 0,
    "generalAndAdministrativeExpenses": 0,
    "sellingAndMarketingExpenses": 0,
    "sellingGeneralAndAdministrativeExpenses": 425000000,
    "otherExpenses": 312000000,
    "operatingExpenses": 737000000,
    "costAndExpenses": 2896000000,
    "interestIncome": 12000000,
    "interestExpense": 102000000,
    "depreciationAndAmortization": 312000000,
    "ebitda": 810000000,
    "ebitdaratio": 0.2397868561,
    "operatingIncome": 482000000,
    "operatingIncomeRatio": 0.1426879811,
    "totalOtherIncomeExpensesNet": -86000000,
    "incomeBeforeTax": 396000000,
    "incomeBeforeTaxRatio": 0.1172291297,
    "incomeTaxExpense": 6000000,
    "netIncome": 390000000,
    "netIncomeRatio": 0.1154529307,
    "eps": 0.5,
    "epsdiluted": 0.49,
    "weightedAverageShsOut": 786000000,
    "weightedAverageShsOutDil": 819000000,
    "link": "https://www.sec.gov/Archives/edgar/data/815097/000116923208002427/0001169232-08-002427-index.htm",
    "finalLink": "https://www.sec.gov/Archives/edgar/data/815097/000116923208002427/d74455_10-q.htm"
  },
  {
    "date": "2008-02-29",
    "symbol": "CCL",
    "reportedCurrency": "USD",
    "cik": "0000815097",
    "fillingDate": "2008-03-28",
    "acceptedDate": "2008-03-28 09:01:16",
    "calendarYear": "2008",
    "period": "Q1",
    "revenue": 3152000000,
    "costOfRevenue": 2114000000,
    "grossProfit": 1038000000,
    "grossProfitRatio": 0.3293147208,
    "researchAndDevelopmentExpenses": 0,
    "generalAndAdministrativeExpenses": 0,
    "sellingAndMarketingExpenses": 0,
    "sellingGeneralAndAdministrativeExpenses": 425000000,
    "otherExpenses": 301000000,
    "operatingExpenses": 726000000,
    "costAndExpenses": 2840000000,
    "interestIncome": 10000000,
    "interestExpense": 98000000,
    "depreciationAndAmortization": 301000000,
    "ebitda": 625000000,
    "ebitdaratio": 0.198286802,
    "operatingIncome": 312000000,
    "operatingIncomeRatio": 0.0989847716,
    "totalOtherIncomeExpensesNet": -86000000,
    "incomeBeforeTax": 226000000,
    "incomeBeforeTaxRatio": 0.0717005076,
    "incomeTaxExpense": -10000000,
    "netIncome": 236000000,
    "netIncomeRatio": 0.0748730964,
    "eps": 0.3,
    "epsdiluted": 0.3,
    "weightedAverageShsOut": 786000000,
    "weightedAverageShsOutDil": 814000000,
    "link": "https://www.sec.gov/Archives/edgar/data/815097/000116923208001477/0001169232-08-001477-index.htm",
    "finalLink": "https://www.sec.gov/Archives/edgar/data/815097/000116923208001477/d73437_10-q.htm"
  },
  {
    "date": "2007-11-30",
    "symbol": "CCL",
    "reportedCurrency": "USD",
    "cik": "0000815097",
    "fillingDate": "2008-01-29",
    "acceptedDate": "2008-01-29 09:11:11",
    "calendarYear": "2007",
    "period": "Q4",
    "revenue": 3124000000,
    "costOfRevenue": 1985000000,
    "grossProfit": 1139000000,
    "grossProfitRatio": 0.3645966709,
    "researchAndDevelopmentExpenses": 0,
    "generalAndAdministrativeExpenses": 0,
    "sellingAndMarketingExpenses": 0,
    "sellingGeneralAndAdministrativeExpenses": 426000000,
    "otherExpenses": 290000000,
    "operatingExpenses": 716000000,
    "costAndExpenses": 2701000000,
    "interestIncome": 0,
    "interestExpense": 0,
    "depreciationAndAmortization": 290000000,
    "ebitda": 713000000,
    "ebitdaratio": 0.2282330346,
    "operatingIncome": 423000000,
    "operatingIncomeRatio": 0.1354033291,
    "totalOtherIncomeExpensesNet": -75000000,
    "incomeBeforeTax": 348000000,
    "incomeBeforeTaxRatio": 0.1113956466,
    "incomeTaxExpense": -10000000,
    "netIncome": 358000000,
    "netIncomeRatio": 0.1145966709,
    "eps": 0.45,
    "epsdiluted": 0.43,
    "weightedAverageShsOut": 793000000,
    "weightedAverageShsOutDil": 828000000,
    "link": "https://www.sec.gov/Archives/edgar/data/815097/000116923208000308/0001169232-08-000308-index.htm",
    "finalLink": "https://www.sec.gov/Archives/edgar/data/815097/000116923208000308/d73197_10-k.htm"
  },
  {
    "date": "2007-08-31",
    "symbol": "CCL",
    "reportedCurrency": "USD",
    "cik": "0000815097",
    "fillingDate": "2007-09-28",
    "acceptedDate": "2007-09-28 09:16:25",
    "calendarYear": "2007",
    "period": "Q3",
    "revenue": 4321000000,
    "costOfRevenue": 2189000000,
    "grossProfit": 2132000000,
    "grossProfitRatio": 0.4934043046,
    "researchAndDevelopmentExpenses": 0,
    "generalAndAdministrativeExpenses": 0,
    "sellingAndMarketingExpenses": 0,
    "sellingGeneralAndAdministrativeExpenses": 363000000,
    "otherExpenses": 279000000,
    "operatingExpenses": 642000000,
    "costAndExpenses": 2831000000,
    "interestIncome": 20000000,
    "interestExpense": 95000000,
    "depreciationAndAmortization": 279000000,
    "ebitda": 1790000000,
    "ebitdaratio": 0.4142559593,
    "operatingIncome": 1490000000,
    "operatingIncomeRatio": 0.3448275862,
    "totalOtherIncomeExpensesNet": -74000000,
    "incomeBeforeTax": 1416000000,
    "incomeBeforeTaxRatio": 0.3277019209,
    "incomeTaxExpense": 39000000,
    "netIncome": 1377000000,
    "netIncomeRatio": 0.3186762324,
    "eps": 1.73,
    "epsdiluted": 1.67,
    "weightedAverageShsOut": 794000000,
    "weightedAverageShsOutDil": 829000000,
    "link": "https://www.sec.gov/Archives/edgar/data/815097/000116923207003769/0001169232-07-003769-index.htm",
    "finalLink": "https://www.sec.gov/Archives/edgar/data/815097/000116923207003769/d72363_10-q.htm"
  },
  {
    "date": "2007-05-31",
    "symbol": "CCL",
    "reportedCurrency": "USD",
    "cik": "0000815097",
    "fillingDate": "2007-06-29",
    "acceptedDate": "2007-06-29 09:17:42",
    "calendarYear": "2007",
    "period": "Q2",
    "revenue": 2900000000,
    "costOfRevenue": 1763000000,
    "grossProfit": 1137000000,
    "grossProfitRatio": 0.3920689655,
    "researchAndDevelopmentExpenses": 0,
    "generalAndAdministrativeExpenses": 0,
    "sellingAndMarketingExpenses": 0,
    "sellingGeneralAndAdministrativeExpenses": 406000000,
    "otherExpenses": 272000000,
    "operatingExpenses": 678000000,
    "costAndExpenses": 2441000000,
    "interestIncome": 17000000,
    "interestExpense": 94000000,
    "depreciationAndAmortization": 272000000,
    "ebitda": 747000000,
    "ebitdaratio": 0.2575862069,
    "operatingIncome": 459000000,
    "operatingIncomeRatio": 0.1582758621,
    "totalOtherIncomeExpensesNet": -78000000,
    "incomeBeforeTax": 381000000,
    "incomeBeforeTaxRatio": 0.1313793103,
    "incomeTaxExpense": -9000000,
    "netIncome": 390000000,
    "netIncomeRatio": 0.1344827586,
    "eps": 0.49,
    "epsdiluted": 0.48,
    "weightedAverageShsOut": 795918000,
    "weightedAverageShsOutDil": 812500000,
    "link": "https://www.sec.gov/Archives/edgar/data/815097/000116923207002816/0001169232-07-002816-index.htm",
    "finalLink": "https://www.sec.gov/Archives/edgar/data/815097/000116923207002816/d72275_10-q.txt"
  },
  {
    "date": "2007-02-28",
    "symbol": "CCL",
    "reportedCurrency": "USD",
    "cik": "0000815097",
    "fillingDate": "2007-03-30",
    "acceptedDate": "2007-03-30 09:26:09",
    "calendarYear": "2007",
    "period": "Q1",
    "revenue": 2688000000,
    "costOfRevenue": 1691000000,
    "grossProfit": 997000000,
    "grossProfitRatio": 0.3709077381,
    "researchAndDevelopmentExpenses": 0,
    "generalAndAdministrativeExpenses": 0,
    "sellingAndMarketingExpenses": 0,
    "sellingGeneralAndAdministrativeExpenses": 384000000,
    "otherExpenses": 260000000,
    "operatingExpenses": 644000000,
    "costAndExpenses": 2335000000,
    "interestIncome": 0,
    "interestExpense": 0,
    "depreciationAndAmortization": 260000000,
    "ebitda": 613000000,
    "ebitdaratio": 0.2280505952,
    "operatingIncome": 353000000,
    "operatingIncomeRatio": 0.1313244048,
    "totalOtherIncomeExpensesNet": -74000000,
    "incomeBeforeTax": 279000000,
    "incomeBeforeTaxRatio": 0.1037946429,
    "incomeTaxExpense": -4000000,
    "netIncome": 283000000,
    "netIncomeRatio": 0.1052827381,
    "eps": 0.36,
    "epsdiluted": 0.35,
    "weightedAverageShsOut": 786111000,
    "weightedAverageShsOutDil": 808571000,
    "link": "https://www.sec.gov/Archives/edgar/data/815097/000116923207001633/0001169232-07-001633-index.htm",
    "finalLink": "https://www.sec.gov/Archives/edgar/data/815097/000116923207001633/d71243_10q.txt"
  },
  {
    "date": "2006-11-30",
    "symbol": "CCL",
    "reportedCurrency": "USD",
    "cik": "0000815097",
    "fillingDate": "2007-02-12",
    "acceptedDate": "2007-02-12 09:02:18",
    "calendarYear": "2006",
    "period": "Q4",
    "revenue": 2810000000,
    "costOfRevenue": 1680000000,
    "grossProfit": 1130000000,
    "grossProfitRatio": 0.4021352313,
    "researchAndDevelopmentExpenses": 0,
    "generalAndAdministrativeExpenses": 0,
    "sellingAndMarketingExpenses": 0,
    "sellingGeneralAndAdministrativeExpenses": 393000000,
    "otherExpenses": 261000000,
    "operatingExpenses": 654000000,
    "costAndExpenses": 2334000000,
    "interestIncome": 0,
    "interestExpense": 0,
    "depreciationAndAmortization": 261000000,
    "ebitda": 737000000,
    "ebitdaratio": 0.2622775801,
    "operatingIncome": 476000000,
    "operatingIncomeRatio": 0.1693950178,
    "totalOtherIncomeExpensesNet": -63000000,
    "incomeBeforeTax": 413000000,
    "incomeBeforeTaxRatio": 0.146975089,
    "incomeTaxExpense": -3000000,
    "netIncome": 416000000,
    "netIncomeRatio": 0.1480427046,
    "eps": 0.52,
    "epsdiluted": 0.51,
    "weightedAverageShsOut": 799649000,
    "weightedAverageShsOutDil": 822744000,
    "link": "https://www.sec.gov/Archives/edgar/data/815097/000116923207000579/0001169232-07-000579-index.htm",
    "finalLink": "https://www.sec.gov/Archives/edgar/data/815097/000116923207000579/d0770672_10-k.txt"
  },
  {
    "date": "2006-08-31",
    "symbol": "CCL",
    "reportedCurrency": "USD",
    "cik": "0000815097",
    "fillingDate": "2006-09-29",
    "acceptedDate": "2006-09-29 09:00:52",
    "calendarYear": "2006",
    "period": "Q3",
    "revenue": 3905000000,
    "costOfRevenue": 1975000000,
    "grossProfit": 1930000000,
    "grossProfitRatio": 0.4942381562,
    "researchAndDevelopmentExpenses": 0,
    "generalAndAdministrativeExpenses": 0,
    "sellingAndMarketingExpenses": 0,
    "sellingGeneralAndAdministrativeExpenses": 335000000,
    "otherExpenses": 255000000,
    "operatingExpenses": 590000000,
    "costAndExpenses": 2565000000,
    "interestIncome": 0,
    "interestExpense": 0,
    "depreciationAndAmortization": 255000000,
    "ebitda": 1595000000,
    "ebitdaratio": 0.4084507042,
    "operatingIncome": 1340000000,
    "operatingIncomeRatio": 0.3431498079,
    "totalOtherIncomeExpensesNet": -77000000,
    "incomeBeforeTax": 1263000000,
    "incomeBeforeTaxRatio": 0.3234314981,
    "incomeTaxExpense": 31000000,
    "netIncome": 1232000000,
    "netIncomeRatio": 0.3154929577,
    "eps": 1.55,
    "epsdiluted": 1.49,
    "weightedAverageShsOut": 794839000,
    "weightedAverageShsOutDil": 826846000,
    "link": "https://www.sec.gov/Archives/edgar/data/815097/000116923206003925/0001169232-06-003925-index.htm",
    "finalLink": "https://www.sec.gov/Archives/edgar/data/815097/000116923206003925/d69481_10-q.txt"
  },
  {
    "date": "2006-05-31",
    "symbol": "CCL",
    "reportedCurrency": "USD",
    "cik": "0000815097",
    "fillingDate": "2006-06-30",
    "acceptedDate": "2006-06-30 10:46:29",
    "calendarYear": "2006",
    "period": "Q2",
    "revenue": 2662000000,
    "costOfRevenue": 1620000000,
    "grossProfit": 1042000000,
    "grossProfitRatio": 0.3914350113,
    "researchAndDevelopmentExpenses": 0,
    "generalAndAdministrativeExpenses": 0,
    "sellingAndMarketingExpenses": 0,
    "sellingGeneralAndAdministrativeExpenses": 354000000,
    "otherExpenses": 240000000,
    "operatingExpenses": 594000000,
    "costAndExpenses": 2214000000,
    "interestIncome": 0,
    "interestExpense": 0,
    "depreciationAndAmortization": 240000000,
    "ebitda": 688000000,
    "ebitdaratio": 0.2584522915,
    "operatingIncome": 448000000,
    "operatingIncomeRatio": 0.1682945154,
    "totalOtherIncomeExpensesNet": -71000000,
    "incomeBeforeTax": 377000000,
    "incomeBeforeTaxRatio": 0.14162284,
    "incomeTaxExpense": -3000000,
    "netIncome": 380000000,
    "netIncomeRatio": 0.1427498122,
    "eps": 0.47,
    "epsdiluted": 0.46,
    "weightedAverageShsOut": 808511000,
    "weightedAverageShsOutDil": 826087000,
    "link": "https://www.sec.gov/Archives/edgar/data/815097/000116923206002919/0001169232-06-002919-index.htm",
    "finalLink": "https://www.sec.gov/Archives/edgar/data/815097/000116923206002919/d68571_10-q.txt"
  },
  {
    "date": "2006-02-28",
    "symbol": "CCL",
    "reportedCurrency": "USD",
    "cik": "0000815097",
    "fillingDate": "2006-03-28",
    "acceptedDate": "2006-03-28 09:16:36",
    "calendarYear": "2006",
    "period": "Q1",
    "revenue": 2463000000,
    "costOfRevenue": 1516000000,
    "grossProfit": 947000000,
    "grossProfitRatio": 0.3844904588,
    "researchAndDevelopmentExpenses": 0,
    "generalAndAdministrativeExpenses": 0,
    "sellingAndMarketingExpenses": 0,
    "sellingGeneralAndAdministrativeExpenses": 366000000,
    "otherExpenses": 232000000,
    "operatingExpenses": 598000000,
    "costAndExpenses": 2114000000,
    "interestIncome": 0,
    "interestExpense": 0,
    "depreciationAndAmortization": 232000000,
    "ebitda": 581000000,
    "ebitdaratio": 0.2358911896,
    "operatingIncome": 349000000,
    "operatingIncomeRatio": 0.1416971173,
    "totalOtherIncomeExpensesNet": -84000000,
    "incomeBeforeTax": 265000000,
    "incomeBeforeTaxRatio": 0.107592367,
    "incomeTaxExpense": 14000000,
    "netIncome": 251000000,
    "netIncomeRatio": 0.101908242,
    "eps": 0.31,
    "epsdiluted": 0.31,
    "weightedAverageShsOut": 809677000,
    "weightedAverageShsOutDil": 809677000,
    "link": "https://www.sec.gov/Archives/edgar/data/815097/000116923206001703/0001169232-06-001703-index.htm",
    "finalLink": "https://www.sec.gov/Archives/edgar/data/815097/000116923206001703/d67520_10q.txt"
  },
  {
    "date": "2005-11-30",
    "symbol": "CCL",
    "reportedCurrency": "USD",
    "cik": "0000815097",
    "fillingDate": "2006-02-09",
    "acceptedDate": "2006-02-09 11:43:49",
    "calendarYear": "2005",
    "period": "Q4",
    "revenue": 2567000000,
    "costOfRevenue": 1533000000,
    "grossProfit": 1034000000,
    "grossProfitRatio": 0.4028048305,
    "researchAndDevelopmentExpenses": 0,
    "generalAndAdministrativeExpenses": 0,
    "sellingAndMarketingExpenses": 0,
    "sellingGeneralAndAdministrativeExpenses": 356000000,
    "otherExpenses": 230000000,
    "operatingExpenses": 586000000,
    "costAndExpenses": 2119000000,
    "interestIncome": 0,
    "interestExpense": 0,
    "depreciationAndAmortization": 230000000,
    "ebitda": 678000000,
    "ebitdaratio": 0.2641215427,
    "operatingIncome": 448000000,
    "operatingIncomeRatio": 0.1745227892,
    "totalOtherIncomeExpensesNet": -65000000,
    "incomeBeforeTax": 383000000,
    "incomeBeforeTaxRatio": 0.1492014024,
    "incomeTaxExpense": 30000000,
    "netIncome": 353000000,
    "netIncomeRatio": 0.1375146085,
    "eps": 0.44,
    "epsdiluted": 0.42,
    "weightedAverageShsOut": 804643000,
    "weightedAverageShsOutDil": 834444000,
    "link": "https://www.sec.gov/Archives/edgar/data/815097/000116923206000521/0001169232-06-000521-index.htm",
    "finalLink": "https://www.sec.gov/Archives/edgar/data/815097/000116923206000521/d66078_10k.txt"
  },
  {
    "date": "2005-08-31",
    "symbol": "CCL",
    "reportedCurrency": "USD",
    "cik": "0000815097",
    "fillingDate": "2005-10-07",
    "acceptedDate": "2005-10-07 09:02:20",
    "calendarYear": "2005",
    "period": "Q3",
    "revenue": 3607000000,
    "costOfRevenue": 1760000000,
    "grossProfit": 1847000000,
    "grossProfitRatio": 0.5120598836,
    "researchAndDevelopmentExpenses": 0,
    "generalAndAdministrativeExpenses": 0,
    "sellingAndMarketingExpenses": 0,
    "sellingGeneralAndAdministrativeExpenses": 300000000,
    "otherExpenses": 226000000,
    "operatingExpenses": 526000000,
    "costAndExpenses": 2286000000,
    "interestIncome": 0,
    "interestExpense": 0,
    "depreciationAndAmortization": 226000000,
    "ebitda": 1547000000,
    "ebitdaratio": 0.4288882728,
    "operatingIncome": 1321000000,
    "operatingIncomeRatio": 0.366232326,
    "totalOtherIncomeExpensesNet": -95000000,
    "incomeBeforeTax": 1226000000,
    "incomeBeforeTaxRatio": 0.3398946493,
    "incomeTaxExpense": 45000000,
    "netIncome": 1181000000,
    "netIncomeRatio": 0.3274189077,
    "eps": 1.46,
    "epsdiluted": 1.4,
    "weightedAverageShsOut": 808904000,
    "weightedAverageShsOutDil": 843571000,
    "link": "https://www.sec.gov/Archives/edgar/data/815097/000116923205004831/0001169232-05-004831-index.htm",
    "finalLink": "https://www.sec.gov/Archives/edgar/data/815097/000116923205004831/d65276_10q.txt"
  },
  {
    "date": "2005-05-31",
    "symbol": "CCL",
    "reportedCurrency": "USD",
    "cik": "0000815097",
    "fillingDate": "2005-07-07",
    "acceptedDate": "2005-07-07 09:02:39",
    "calendarYear": "2005",
    "period": "Q2",
    "revenue": 2516000000,
    "costOfRevenue": 1488000000,
    "grossProfit": 1028000000,
    "grossProfitRatio": 0.4085850556,
    "researchAndDevelopmentExpenses": 0,
    "generalAndAdministrativeExpenses": 0,
    "sellingAndMarketingExpenses": 0,
    "sellingGeneralAndAdministrativeExpenses": 342000000,
    "otherExpenses": 224000000,
    "operatingExpenses": 566000000,
    "costAndExpenses": 2054000000,
    "interestIncome": 0,
    "interestExpense": 0,
    "depreciationAndAmortization": 225000000,
    "ebitda": 687000000,
    "ebitdaratio": 0.2730524642,
    "operatingIncome": 462000000,
    "operatingIncomeRatio": 0.1836248013,
    "totalOtherIncomeExpensesNet": -74000000,
    "incomeBeforeTax": 388000000,
    "incomeBeforeTaxRatio": 0.1542130366,
    "incomeTaxExpense": 0,
    "netIncome": 388000000,
    "netIncomeRatio": 0.1542130366,
    "eps": 0.48,
    "epsdiluted": 0.47,
    "weightedAverageShsOut": 808333000,
    "weightedAverageShsOutDil": 825532000,
    "link": "https://www.sec.gov/Archives/edgar/data/815097/000116923205003467/0001169232-05-003467-index.htm",
    "finalLink": "https://www.sec.gov/Archives/edgar/data/815097/000116923205003467/d64314_10-q.txt"
  },
  {
    "date": "2005-02-28",
    "symbol": "CCL",
    "reportedCurrency": "USD",
    "cik": "0000815097",
    "fillingDate": "2005-04-07",
    "acceptedDate": "2005-04-07 09:01:41",
    "calendarYear": "2005",
    "period": "Q1",
    "revenue": 2396000000,
    "costOfRevenue": 1423000000,
    "grossProfit": 973000000,
    "grossProfitRatio": 0.4060934891,
    "researchAndDevelopmentExpenses": 0,
    "generalAndAdministrativeExpenses": 0,
    "sellingAndMarketingExpenses": 0,
    "sellingGeneralAndAdministrativeExpenses": 334000000,
    "otherExpenses": 221000000,
    "operatingExpenses": 555000000,
    "costAndExpenses": 1978000000,
    "interestIncome": 0,
    "interestExpense": 0,
    "depreciationAndAmortization": 221000000,
    "ebitda": 639000000,
    "ebitdaratio": 0.2666944908,
    "operatingIncome": 418000000,
    "operatingIncomeRatio": 0.174457429,
    "totalOtherIncomeExpensesNet": -76000000,
    "incomeBeforeTax": 342000000,
    "incomeBeforeTaxRatio": 0.1427378965,
    "incomeTaxExpense": -3000000,
    "netIncome": 345000000,
    "netIncomeRatio": 0.1439899833,
    "eps": 0.43,
    "epsdiluted": 0.42,
    "weightedAverageShsOut": 802326000,
    "weightedAverageShsOutDil": 821429000,
    "link": "https://www.sec.gov/Archives/edgar/data/815097/000116923205002020/0001169232-05-002020-index.htm",
    "finalLink": "https://www.sec.gov/Archives/edgar/data/815097/000116923205002020/d63267_10-q.txt"
  },
  {
    "date": "2004-11-30",
    "symbol": "CCL",
    "reportedCurrency": "USD",
    "cik": "0000815097",
    "fillingDate": "2005-02-14",
    "acceptedDate": "2005-02-14 15:52:43",
    "calendarYear": "2004",
    "period": "Q4",
    "revenue": 2242000000,
    "costOfRevenue": 1341000000,
    "grossProfit": 901000000,
    "grossProfitRatio": 0.4018733274,
    "researchAndDevelopmentExpenses": 0,
    "generalAndAdministrativeExpenses": 0,
    "sellingAndMarketingExpenses": 0,
    "sellingGeneralAndAdministrativeExpenses": 341000000,
    "otherExpenses": 213000000,
    "operatingExpenses": 554000000,
    "costAndExpenses": 1895000000,
    "interestIncome": 0,
    "interestExpense": 0,
    "depreciationAndAmortization": 213000000,
    "ebitda": 560000000,
    "ebitdaratio": 0.2497769848,
    "operatingIncome": 347000000,
    "operatingIncomeRatio": 0.1547725245,
    "totalOtherIncomeExpensesNet": -63000000,
    "incomeBeforeTax": 284000000,
    "incomeBeforeTaxRatio": 0.1266726137,
    "incomeTaxExpense": -9000000,
    "netIncome": 293000000,
    "netIncomeRatio": 0.1306868867,
    "eps": 0.37,
    "epsdiluted": 0.35,
    "weightedAverageShsOut": 802597000,
    "weightedAverageShsOutDil": 827679000,
    "link": "https://www.sec.gov/Archives/edgar/data/815097/000116923205000926/0001169232-05-000926-index.htm",
    "finalLink": "https://www.sec.gov/Archives/edgar/data/815097/000116923205000926/d61873_10k.txt"
  },
  {
    "date": "2004-08-31",
    "symbol": "CCL",
    "reportedCurrency": "USD",
    "cik": "0000815097",
    "fillingDate": "2004-10-07",
    "acceptedDate": "2004-10-07 09:02:14",
    "calendarYear": "2004",
    "period": "Q3",
    "revenue": 3250000000,
    "costOfRevenue": 1574000000,
    "grossProfit": 1676000000,
    "grossProfitRatio": 0.5156923077,
    "researchAndDevelopmentExpenses": 0,
    "generalAndAdministrativeExpenses": 0,
    "sellingAndMarketingExpenses": 0,
    "sellingGeneralAndAdministrativeExpenses": 306000000,
    "otherExpenses": 210000000,
    "operatingExpenses": 516000000,
    "costAndExpenses": 2090000000,
    "interestIncome": 0,
    "interestExpense": 0,
    "depreciationAndAmortization": 211000000,
    "ebitda": 1371000000,
    "ebitdaratio": 0.4218461538,
    "operatingIncome": 1160000000,
    "operatingIncomeRatio": 0.3569230769,
    "totalOtherIncomeExpensesNet": -75000000,
    "incomeBeforeTax": 1085000000,
    "incomeBeforeTaxRatio": 0.3338461538,
    "incomeTaxExpense": 60000000,
    "netIncome": 1025000000,
    "netIncomeRatio": 0.3153846154,
    "eps": 1.28,
    "epsdiluted": 1.22,
    "weightedAverageShsOut": 800781000,
    "weightedAverageShsOutDil": 840164000,
    "link": "https://www.sec.gov/Archives/edgar/data/815097/000116923204005103/0001169232-04-005103-index.htm",
    "finalLink": "https://www.sec.gov/Archives/edgar/data/815097/000116923204005103/d60874_10q.txt"
  },
  {
    "date": "2004-05-31",
    "symbol": "CCL",
    "reportedCurrency": "USD",
    "cik": "0000815097",
    "fillingDate": "2004-07-14",
    "acceptedDate": "2004-07-14 09:01:12",
    "calendarYear": "2004",
    "period": "Q2",
    "revenue": 2253000000,
    "costOfRevenue": 1326000000,
    "grossProfit": 927000000,
    "grossProfitRatio": 0.4114513981,
    "researchAndDevelopmentExpenses": 0,
    "generalAndAdministrativeExpenses": 0,
    "sellingAndMarketingExpenses": 0,
    "sellingGeneralAndAdministrativeExpenses": 322000000,
    "otherExpenses": 200000000,
    "operatingExpenses": 522000000,
    "costAndExpenses": 1848000000,
    "interestIncome": 0,
    "interestExpense": 0,
    "depreciationAndAmortization": 200000000,
    "ebitda": 605000000,
    "ebitdaratio": 0.2685308478,
    "operatingIncome": 405000000,
    "operatingIncomeRatio": 0.1797603196,
    "totalOtherIncomeExpensesNet": -73000000,
    "incomeBeforeTax": 332000000,
    "incomeBeforeTaxRatio": 0.1473590768,
    "incomeTaxExpense": 0,
    "netIncome": 332000000,
    "netIncomeRatio": 0.1473590768,
    "eps": 0.41,
    "epsdiluted": 0.4,
    "weightedAverageShsOut": 809756000,
    "weightedAverageShsOutDil": 830000000,
    "link": "https://www.sec.gov/Archives/edgar/data/815097/000116923204003639/0001169232-04-003639-index.htm",
    "finalLink": "https://www.sec.gov/Archives/edgar/data/815097/000116923204003639/d60096_10q.txt"
  },
  {
    "date": "2004-02-29",
    "symbol": "CCL",
    "reportedCurrency": "USD",
    "cik": "0000815097",
    "fillingDate": "2004-04-08",
    "acceptedDate": "2004-04-08 08:30:58",
    "calendarYear": "2004",
    "period": "Q1",
    "revenue": 1981000000,
    "costOfRevenue": 1217000000,
    "grossProfit": 764000000,
    "grossProfitRatio": 0.3856638062,
    "researchAndDevelopmentExpenses": 0,
    "generalAndAdministrativeExpenses": 0,
    "sellingAndMarketingExpenses": 0,
    "sellingGeneralAndAdministrativeExpenses": 316000000,
    "otherExpenses": 188000000,
    "operatingExpenses": 504000000,
    "costAndExpenses": 1721000000,
    "interestIncome": 0,
    "interestExpense": 0,
    "depreciationAndAmortization": 188000000,
    "ebitda": 448000000,
    "ebitdaratio": 0.2261484099,
    "operatingIncome": 260000000,
    "operatingIncomeRatio": 0.131246845,
    "totalOtherIncomeExpensesNet": -61000000,
    "incomeBeforeTax": 199000000,
    "incomeBeforeTaxRatio": 0.100454316,
    "incomeTaxExpense": -4000000,
    "netIncome": 203000000,
    "netIncomeRatio": 0.1024734982,
    "eps": 0.25,
    "epsdiluted": 0.25,
    "weightedAverageShsOut": 812000000,
    "weightedAverageShsOutDil": 812000000,
    "link": "https://www.sec.gov/Archives/edgar/data/815097/000116923204002126/0001169232-04-002126-index.htm",
    "finalLink": "https://www.sec.gov/Archives/edgar/data/815097/000116923204002126/d59187_10-q.txt"
  },
  {
    "date": "2003-11-30",
    "symbol": "CCL",
    "reportedCurrency": "USD",
    "cik": "0000815097",
    "fillingDate": "2004-02-25",
    "acceptedDate": "2004-02-25 08:37:28",
    "calendarYear": "2003",
    "period": "Q4",
    "revenue": 1816749000,
    "costOfRevenue": 1090934000,
    "grossProfit": 725815000,
    "grossProfitRatio": 0.3995130863,
    "researchAndDevelopmentExpenses": 0,
    "generalAndAdministrativeExpenses": 0,
    "sellingAndMarketingExpenses": 0,
    "sellingGeneralAndAdministrativeExpenses": 283688000,
    "otherExpenses": 168010000,
    "operatingExpenses": 451698000,
    "costAndExpenses": 1542632000,
    "interestIncome": 0,
    "interestExpense": 0,
    "depreciationAndAmortization": 168010000,
    "ebitda": 442127000,
    "ebitdaratio": 0.2433616311,
    "operatingIncome": 274117000,
    "operatingIncomeRatio": 0.1508832535,
    "totalOtherIncomeExpensesNet": -59888000,
    "incomeBeforeTax": 214229000,
    "incomeBeforeTaxRatio": 0.117918876,
    "incomeTaxExpense": 9164000,
    "netIncome": 205065000,
    "netIncomeRatio": 0.1128747009,
    "eps": 0.29,
    "epsdiluted": 0.28,
    "weightedAverageShsOut": 719394000,
    "weightedAverageShsOutDil": 732716000,
    "link": "https://www.sec.gov/Archives/edgar/data/815097/000116923204001307/0001169232-04-001307-index.htm",
    "finalLink": "https://www.sec.gov/Archives/edgar/data/815097/000116923204001307/d58480_10-k.txt"
  },
  {
    "date": "2003-08-31",
    "symbol": "CCL",
    "reportedCurrency": "USD",
    "cik": "0000815097",
    "fillingDate": "2003-10-15",
    "acceptedDate": "2003-10-15 08:31:58",
    "calendarYear": "2003",
    "period": "Q3",
    "revenue": 2524000000,
    "costOfRevenue": 1278000000,
    "grossProfit": 1246000000,
    "grossProfitRatio": 0.4936608558,
    "researchAndDevelopmentExpenses": 0,
    "generalAndAdministrativeExpenses": 0,
    "sellingAndMarketingExpenses": 0,
    "sellingGeneralAndAdministrativeExpenses": 261000000,
    "otherExpenses": 176000000,
    "operatingExpenses": 437000000,
    "costAndExpenses": 1715000000,
    "interestIncome": 0,
    "interestExpense": 0,
    "depreciationAndAmortization": 176000000,
    "ebitda": 985000000,
    "ebitdaratio": 0.3902535658,
    "operatingIncome": 809000000,
    "operatingIncomeRatio": 0.3205229794,
    "totalOtherIncomeExpensesNet": -46000000,
    "incomeBeforeTax": 763000000,
    "incomeBeforeTaxRatio": 0.3022979398,
    "incomeTaxExpense": 29000000,
    "netIncome": 734000000,
    "netIncomeRatio": 0.2908082409,
    "eps": 0.92,
    "epsdiluted": 0.9,
    "weightedAverageShsOut": 797826000,
    "weightedAverageShsOutDil": 815556000,
    "link": "https://www.sec.gov/Archives/edgar/data/815097/000095014203001818/0000950142-03-001818-index.htm",
    "finalLink": "https://www.sec.gov/Archives/edgar/data/815097/000095014203001818/form10q_083103.txt"
  },
  {
    "date": "2003-05-31",
    "symbol": "CCL",
    "reportedCurrency": "USD",
    "cik": "0000815097",
    "fillingDate": "2003-07-15",
    "acceptedDate": "2003-07-15 08:37:16",
    "calendarYear": "2003",
    "period": "Q2",
    "revenue": 1342000000,
    "costOfRevenue": 827000000,
    "grossProfit": 515000000,
    "grossProfitRatio": 0.3837555887,
    "researchAndDevelopmentExpenses": 0,
    "generalAndAdministrativeExpenses": 0,
    "sellingAndMarketingExpenses": 0,
    "sellingGeneralAndAdministrativeExpenses": 212000000,
    "otherExpenses": 135000000,
    "operatingExpenses": 347000000,
    "costAndExpenses": 1174000000,
    "interestIncome": 0,
    "interestExpense": 0,
    "depreciationAndAmortization": 135000000,
    "ebitda": 303000000,
    "ebitdaratio": 0.2257824143,
    "operatingIncome": 168000000,
    "operatingIncomeRatio": 0.1251862891,
    "totalOtherIncomeExpensesNet": -44000000,
    "incomeBeforeTax": 124000000,
    "incomeBeforeTaxRatio": 0.0923994039,
    "incomeTaxExpense": -4000000,
    "netIncome": 128000000,
    "netIncomeRatio": 0.0953800298,
    "eps": 0.19,
    "epsdiluted": 0.19,
    "weightedAverageShsOut": 673684000,
    "weightedAverageShsOutDil": 673684000,
    "link": "https://www.sec.gov/Archives/edgar/data/815097/000081509703000028/0000815097-03-000028-index.htm",
    "finalLink": "https://www.sec.gov/Archives/edgar/data/815097/000081509703000028/form10q_may03.txt"
  },
  {
    "date": "2003-02-28",
    "symbol": "CCL",
    "reportedCurrency": "USD",
    "cik": "0000815097",
    "fillingDate": "2003-04-14",
    "acceptedDate": "2003-04-14 16:52:55",
    "calendarYear": "2003",
    "period": "Q1",
    "revenue": 1035000000,
    "costOfRevenue": 620000000,
    "grossProfit": 415000000,
    "grossProfitRatio": 0.4009661836,
    "researchAndDevelopmentExpenses": 0,
    "generalAndAdministrativeExpenses": 0,
    "sellingAndMarketingExpenses": 0,
    "sellingGeneralAndAdministrativeExpenses": 177000000,
    "otherExpenses": 106000000,
    "operatingExpenses": 283000000,
    "costAndExpenses": 903000000,
    "interestIncome": 0,
    "interestExpense": 0,
    "depreciationAndAmortization": 106000000,
    "ebitda": 238000000,
    "ebitdaratio": 0.2299516908,
    "operatingIncome": 132000000,
    "operatingIncomeRatio": 0.1275362319,
    "totalOtherIncomeExpensesNet": -10000000,
    "incomeBeforeTax": 122000000,
    "incomeBeforeTaxRatio": 0.1178743961,
    "incomeTaxExpense": -5000000,
    "netIncome": 127000000,
    "netIncomeRatio": 0.122705314,
    "eps": 0.22,
    "epsdiluted": 0.22,
    "weightedAverageShsOut": 577273000,
    "weightedAverageShsOutDil": 577273000,
    "link": "https://www.sec.gov/Archives/edgar/data/815097/000081509703000011/0000815097-03-000011-index.htm",
    "finalLink": "https://www.sec.gov/Archives/edgar/data/815097/000081509703000011/feb-10q_1q03.txt"
  },
  {
    "date": "2002-11-30",
    "symbol": "CCL",
    "reportedCurrency": "USD",
    "cik": "0000815097",
    "fillingDate": "2003-02-18",
    "acceptedDate": "2003-02-18 08:28:08",
    "calendarYear": "2002",
    "period": "Q4",
    "revenue": 1035681000,
    "costOfRevenue": 578056000,
    "grossProfit": 457625000,
    "grossProfitRatio": 0.441859028,
    "researchAndDevelopmentExpenses": 0,
    "generalAndAdministrativeExpenses": 0,
    "sellingAndMarketingExpenses": 0,
    "sellingGeneralAndAdministrativeExpenses": 169301000,
    "otherExpenses": 100912000,
    "operatingExpenses": 270213000,
    "costAndExpenses": 848269000,
    "interestIncome": 0,
    "interestExpense": 0,
    "depreciationAndAmortization": 100912000,
    "ebitda": 288324000,
    "ebitdaratio": 0.27839074,
    "operatingIncome": 187412000,
    "operatingIncomeRatio": 0.1809553328,
    "totalOtherIncomeExpensesNet": -16166000,
    "incomeBeforeTax": 171246000,
    "incomeBeforeTaxRatio": 0.1653462794,
    "incomeTaxExpense": -20090000,
    "netIncome": 191336000,
    "netIncomeRatio": 0.1847441442,
    "eps": 0.32,
    "epsdiluted": 0.32,
    "weightedAverageShsOut": 590698000,
    "weightedAverageShsOutDil": 604762000,
    "link": "https://www.sec.gov/Archives/edgar/data/815097/000081509703000005/0000815097-03-000005-index.htm",
    "finalLink": "https://www.sec.gov/Archives/edgar/data/815097/000081509703000005/nov02_10k.txt"
  },
  {
    "date": "2002-08-31",
    "symbol": "CCL",
    "reportedCurrency": "USD",
    "cik": "0000815097",
    "fillingDate": "2002-10-15",
    "acceptedDate": "2002-10-15 13:22:17",
    "calendarYear": "2002",
    "period": "Q3",
    "revenue": 1440587000,
    "costOfRevenue": 685668000,
    "grossProfit": 754919000,
    "grossProfitRatio": 0.5240356882,
    "researchAndDevelopmentExpenses": 0,
    "generalAndAdministrativeExpenses": 0,
    "sellingAndMarketingExpenses": 0,
    "sellingGeneralAndAdministrativeExpenses": 147407000,
    "otherExpenses": 119088000,
    "operatingExpenses": 266495000,
    "costAndExpenses": 952163000,
    "interestIncome": 0,
    "interestExpense": 0,
    "depreciationAndAmortization": -463774000,
    "ebitda": -78156000,
    "ebitdaratio": -0.0542528844,
    "operatingIncome": 488424000,
    "operatingIncomeRatio": 0.3390451254,
    "totalOtherIncomeExpensesNet": -16333000,
    "incomeBeforeTax": 472091000,
    "incomeBeforeTaxRatio": 0.3277073859,
    "incomeTaxExpense": -28673000,
    "netIncome": 500764000,
    "netIncomeRatio": 0.347611078,
    "eps": 0.85,
    "epsdiluted": 0.85,
    "weightedAverageShsOut": 586672000,
    "weightedAverageShsOutDil": 587917000,
    "link": "https://www.sec.gov/Archives/edgar/data/815097/000081509702000037/0000815097-02-000037-index.htm",
    "finalLink": "https://www.sec.gov/Archives/edgar/data/815097/000081509702000037/aug-10q_3q02.txt"
  },
  {
    "date": "2002-05-31",
    "symbol": "CCL",
    "reportedCurrency": "USD",
    "cik": "0000815097",
    "fillingDate": "2002-07-12",
    "acceptedDate": "2002-07-11 17:39:27",
    "calendarYear": "2002",
    "period": "Q2",
    "revenue": 989157000,
    "costOfRevenue": 533455000,
    "grossProfit": 455702000,
    "grossProfitRatio": 0.4606973413,
    "researchAndDevelopmentExpenses": 0,
    "generalAndAdministrativeExpenses": 0,
    "sellingAndMarketingExpenses": 0,
    "sellingGeneralAndAdministrativeExpenses": 142702000,
    "otherExpenses": 92589000,
    "operatingExpenses": 235291000,
    "costAndExpenses": 768746000,
    "interestIncome": 0,
    "interestExpense": 0,
    "depreciationAndAmortization": 272097000,
    "ebitda": 492508000,
    "ebitdaratio": 0.4979068035,
    "operatingIncome": 220411000,
    "operatingIncomeRatio": 0.2228271144,
    "totalOtherIncomeExpensesNet": -32346000,
    "incomeBeforeTax": 188065000,
    "incomeBeforeTaxRatio": 0.1901265421,
    "incomeTaxExpense": -6136000,
    "netIncome": 194201000,
    "netIncomeRatio": 0.1963298041,
    "eps": 0.33,
    "epsdiluted": 0.33,
    "weightedAverageShsOut": 588488000,
    "weightedAverageShsOutDil": 588488000,
    "link": "https://www.sec.gov/Archives/edgar/data/815097/000081509702000028/0000815097-02-000028-index.htm",
    "finalLink": "https://www.sec.gov/Archives/edgar/data/815097/000081509702000028/may-10q_2q02.txt"
  },
  {
    "date": "2002-02-28",
    "symbol": "CCL",
    "reportedCurrency": "USD",
    "cik": "0000815097",
    "fillingDate": "2002-04-11",
    "acceptedDate": "2002-04-11 00:00:00",
    "calendarYear": "2002",
    "period": "Q1",
    "revenue": 906531000,
    "costOfRevenue": 519562000,
    "grossProfit": 386969000,
    "grossProfitRatio": 0.4268679174,
    "researchAndDevelopmentExpenses": 0,
    "generalAndAdministrativeExpenses": 0,
    "sellingAndMarketingExpenses": 0,
    "sellingGeneralAndAdministrativeExpenses": 151403000,
    "otherExpenses": 89754000,
    "operatingExpenses": 241157000,
    "costAndExpenses": 760719000,
    "interestIncome": 0,
    "interestExpense": 0,
    "depreciationAndAmortization": -89754000,
    "ebitda": -283996000,
    "ebitdaratio": -0.3132777588,
    "operatingIncome": 145812000,
    "operatingIncomeRatio": 0.1608461266,
    "totalOtherIncomeExpensesNet": -17833000,
    "incomeBeforeTax": 127979000,
    "incomeBeforeTaxRatio": 0.1411744331,
    "incomeTaxExpense": -1661000,
    "netIncome": 129640000,
    "netIncomeRatio": 0.1430066925,
    "eps": 0.22,
    "epsdiluted": 0.22,
    "weightedAverageShsOut": 586398000,
    "weightedAverageShsOutDil": 586398000,
    "link": "https://www.sec.gov/Archives/edgar/data/815097/000081509702000018/0000815097-02-000018-index.htm",
    "finalLink": "https://www.sec.gov/Archives/edgar/data/815097/000081509702000018/feb-10q_1q02.txt"
  },
  {
    "date": "2001-11-30",
    "symbol": "CCL",
    "reportedCurrency": "USD",
    "cik": "0000815097",
    "fillingDate": "2002-02-28",
    "acceptedDate": "2002-02-28 00:00:00",
    "calendarYear": "2001",
    "period": "Q4",
    "revenue": 959102000,
    "costOfRevenue": 2424706000,
    "grossProfit": -1465604000,
    "grossProfitRatio": -1.5281002438,
    "researchAndDevelopmentExpenses": 0,
    "generalAndAdministrativeExpenses": 0,
    "sellingAndMarketingExpenses": 0,
    "sellingGeneralAndAdministrativeExpenses": 161412000,
    "otherExpenses": -1746553000,
    "operatingExpenses": -1585141000,
    "costAndExpenses": 839565000,
    "interestIncome": 0,
    "interestExpense": 0,
    "depreciationAndAmortization": 91266000,
    "ebitda": 293816000,
    "ebitdaratio": 0.3063448935,
    "operatingIncome": 119537000,
    "operatingIncomeRatio": 0.1246342933,
    "totalOtherIncomeExpensesNet": -17177000,
    "incomeBeforeTax": 102360000,
    "incomeBeforeTaxRatio": 0.1067248322,
    "incomeTaxExpense": -13952000,
    "netIncome": 116312000,
    "netIncomeRatio": 0.121271773,
    "eps": 0.2,
    "epsdiluted": 0.2,
    "weightedAverageShsOut": 586076000,
    "weightedAverageShsOutDil": 589809000,
    "link": "https://www.sec.gov/Archives/edgar/data/815097/000081509702000012/0000815097-02-000012-index.htm",
    "finalLink": "https://www.sec.gov/Archives/edgar/data/815097/000081509702000012/nov-10k_fy2001.txt"
  },
  {
    "date": "2001-08-31",
    "symbol": "CCL",
    "reportedCurrency": "USD",
    "cik": "0000815097",
    "fillingDate": "2001-09-28",
    "acceptedDate": "2001-09-28 00:00:00",
    "calendarYear": "2001",
    "period": "Q3",
    "revenue": 1489918000,
    "costOfRevenue": 820767000,
    "grossProfit": 669151000,
    "grossProfitRatio": 0.4491193475,
    "researchAndDevelopmentExpenses": 0,
    "generalAndAdministrativeExpenses": 0,
    "sellingAndMarketingExpenses": 0,
    "sellingGeneralAndAdministrativeExpenses": 146797000,
    "otherExpenses": 97008000,
    "operatingExpenses": 243805000,
    "costAndExpenses": 1064572000,
    "interestIncome": 0,
    "interestExpense": 0,
    "depreciationAndAmortization": 464908000,
    "ebitda": 991643000,
    "ebitdaratio": 0.6655688434,
    "operatingIncome": 425346000,
    "operatingIncomeRatio": 0.2854828252,
    "totalOtherIncomeExpensesNet": 76005000,
    "incomeBeforeTax": 501351000,
    "incomeBeforeTaxRatio": 0.3364956998,
    "incomeTaxExpense": 6376000,
    "netIncome": 494975000,
    "netIncomeRatio": 0.3322162696,
    "eps": 0.84,
    "epsdiluted": 0.84,
    "weightedAverageShsOut": 589256000,
    "weightedAverageShsOutDil": 589256000,
    "link": "https://www.sec.gov/Archives/edgar/data/815097/000081509701500010/0000815097-01-500010-index.htm",
    "finalLink": "https://www.sec.gov/Archives/edgar/data/815097/000081509701500010/aug-10q_3q01.txt"
  },
  {
    "date": "2001-05-31",
    "symbol": "CCL",
    "reportedCurrency": "USD",
    "cik": "0000815097",
    "fillingDate": "2001-07-13",
    "acceptedDate": "2001-07-13 00:00:00",
    "calendarYear": "2001",
    "period": "Q2",
    "revenue": 1079125000,
    "costOfRevenue": 601334000,
    "grossProfit": 477791000,
    "grossProfitRatio": 0.4427577899,
    "researchAndDevelopmentExpenses": 0,
    "generalAndAdministrativeExpenses": 0,
    "sellingAndMarketingExpenses": 0,
    "sellingGeneralAndAdministrativeExpenses": 154564000,
    "otherExpenses": 115320000,
    "operatingExpenses": 269884000,
    "costAndExpenses": 871218000,
    "interestIncome": 0,
    "interestExpense": 0,
    "depreciationAndAmortization": -92359000,
    "ebitda": -278107000,
    "ebitdaratio": -0.2577152786,
    "operatingIncome": 207907000,
    "operatingIncomeRatio": 0.1926625738,
    "totalOtherIncomeExpensesNet": -23858000,
    "incomeBeforeTax": 184049000,
    "incomeBeforeTaxRatio": 0.170553921,
    "incomeTaxExpense": -2914000,
    "netIncome": 186963000,
    "netIncomeRatio": 0.1732542569,
    "eps": 0.32,
    "epsdiluted": 0.32,
    "weightedAverageShsOut": 584150000,
    "weightedAverageShsOutDil": 586388000,
    "link": "https://www.sec.gov/Archives/edgar/data/815097/000081509701500005/0000815097-01-500005-index.htm",
    "finalLink": "https://www.sec.gov/Archives/edgar/data/815097/000081509701500005/may-10q_2q01.txt"
  },
  {
    "date": "2001-02-28",
    "symbol": "CCL",
    "reportedCurrency": "USD",
    "cik": "0000815097",
    "fillingDate": "2001-04-16",
    "acceptedDate": "2001-04-16 00:00:00",
    "calendarYear": "2001",
    "period": "Q1",
    "revenue": 1007606000,
    "costOfRevenue": 600120000,
    "grossProfit": 407486000,
    "grossProfitRatio": 0.4044100571,
    "researchAndDevelopmentExpenses": 0,
    "generalAndAdministrativeExpenses": 0,
    "sellingAndMarketingExpenses": 0,
    "sellingGeneralAndAdministrativeExpenses": 155891000,
    "otherExpenses": 112654000,
    "operatingExpenses": 268545000,
    "costAndExpenses": 868665000,
    "interestIncome": 0,
    "interestExpense": 0,
    "depreciationAndAmortization": -91591000,
    "ebitda": -348525000,
    "ebitdaratio": -0.3458941293,
    "operatingIncome": 138941000,
    "operatingIncomeRatio": 0.137892192,
    "totalOtherIncomeExpensesNet": -16148000,
    "incomeBeforeTax": 122793000,
    "incomeBeforeTaxRatio": 0.1218660865,
    "incomeTaxExpense": -5157000,
    "netIncome": 127950000,
    "netIncomeRatio": 0.1269841585,
    "eps": 0.22,
    "epsdiluted": 0.22,
    "weightedAverageShsOut": 584608000,
    "weightedAverageShsOutDil": 587133000,
    "link": "https://www.sec.gov/Archives/edgar/data/815097/000081509701000004/0000815097-01-000004-index.htm",
    "finalLink": "https://www.sec.gov/Archives/edgar/data/815097/000081509701000004/0000815097-01-000004-0001.txt"
  },
  {
    "date": "2000-11-30",
    "symbol": "CCL",
    "reportedCurrency": "USD",
    "cik": "0000815097",
    "fillingDate": "2001-02-28",
    "acceptedDate": "2001-02-28 00:00:00",
    "calendarYear": "2000",
    "period": "Q4",
    "revenue": 850326000,
    "costOfRevenue": 2053981000,
    "grossProfit": -1203655000,
    "grossProfitRatio": -1.4155218116,
    "researchAndDevelopmentExpenses": 0,
    "generalAndAdministrativeExpenses": 0,
    "sellingAndMarketingExpenses": 0,
    "sellingGeneralAndAdministrativeExpenses": 126368000,
    "otherExpenses": -1538586000,
    "operatingExpenses": -1412218000,
    "costAndExpenses": 641763000,
    "interestIncome": 0,
    "interestExpense": 0,
    "depreciationAndAmortization": 76527000,
    "ebitda": 247262000,
    "ebitdaratio": 0.290784946,
    "operatingIncome": 208563000,
    "operatingIncomeRatio": 0.2452741654,
    "totalOtherIncomeExpensesNet": -17500000,
    "incomeBeforeTax": 191063000,
    "incomeBeforeTaxRatio": 0.2246938233,
    "incomeTaxExpense": -2732000,
    "netIncome": 193795000,
    "netIncomeRatio": 0.2279067087,
    "eps": 0.32,
    "epsdiluted": 0.32,
    "weightedAverageShsOut": 599379000,
    "weightedAverageShsOutDil": 603125000,
    "link": "https://www.sec.gov/Archives/edgar/data/815097/000081509701000003/0000815097-01-000003-index.htm",
    "finalLink": "https://www.sec.gov/Archives/edgar/data/815097/000081509701000003/0000815097-01-000003-0001.txt"
  },
  {
    "date": "2000-08-31",
    "symbol": "CCL",
    "reportedCurrency": "USD",
    "cik": "0000815097",
    "fillingDate": "2000-10-13",
    "acceptedDate": "2000-10-13 00:00:00",
    "calendarYear": "2000",
    "period": "Q3",
    "revenue": 1228211000,
    "costOfRevenue": 614724000,
    "grossProfit": 613487000,
    "grossProfitRatio": 0.499496422,
    "researchAndDevelopmentExpenses": 0,
    "generalAndAdministrativeExpenses": 0,
    "sellingAndMarketingExpenses": 0,
    "sellingGeneralAndAdministrativeExpenses": 119329000,
    "otherExpenses": 73700000,
    "operatingExpenses": 193029000,
    "costAndExpenses": 807753000,
    "interestIncome": 0,
    "interestExpense": 0,
    "depreciationAndAmortization": -347032000,
    "ebitda": -120566000,
    "ebitdaratio": -0.0981639148,
    "operatingIncome": 420458000,
    "operatingIncomeRatio": 0.342333687,
    "totalOtherIncomeExpensesNet": -13151000,
    "incomeBeforeTax": 407307000,
    "incomeBeforeTaxRatio": 0.3316262434,
    "incomeTaxExpense": 11117000,
    "netIncome": 396190000,
    "netIncomeRatio": 0.322574867,
    "eps": 0.67,
    "epsdiluted": 0.67,
    "weightedAverageShsOut": 591032000,
    "weightedAverageShsOutDil": 592553000,
    "link": "https://www.sec.gov/Archives/edgar/data/815097/000081509700000004/0000815097-00-000004-index.htm",
    "finalLink": "https://www.sec.gov/Archives/edgar/data/815097/000081509700000004/0000815097-00-000004-0001.txt"
  },
  {
    "date": "2000-05-31",
    "symbol": "CCL",
    "reportedCurrency": "USD",
    "cik": "0000815097",
    "fillingDate": "2000-07-17",
    "acceptedDate": "2000-07-17 00:00:00",
    "calendarYear": "2000",
    "period": "Q2",
    "revenue": 875127000,
    "costOfRevenue": 497121000,
    "grossProfit": 378006000,
    "grossProfitRatio": 0.4319441635,
    "researchAndDevelopmentExpenses": 0,
    "generalAndAdministrativeExpenses": 0,
    "sellingAndMarketingExpenses": 0,
    "sellingGeneralAndAdministrativeExpenses": 120827000,
    "otherExpenses": 62760000,
    "operatingExpenses": 183587000,
    "costAndExpenses": 680708000,
    "interestIncome": 0,
    "interestExpense": 0,
    "depreciationAndAmortization": 68288000,
    "ebitda": -239942000,
    "ebitdaratio": -0.2741796334,
    "operatingIncome": 194419000,
    "operatingIncomeRatio": 0.2221608978,
    "totalOtherIncomeExpensesNet": 12076000,
    "incomeBeforeTax": 206495000,
    "incomeBeforeTaxRatio": 0.2359600378,
    "incomeTaxExpense": 2539000,
    "netIncome": 203956000,
    "netIncomeRatio": 0.2330587446,
    "eps": 0.34,
    "epsdiluted": 0.34,
    "weightedAverageShsOut": 599871000,
    "weightedAverageShsOutDil": 599871000,
    "link": "https://www.sec.gov/Archives/edgar/data/815097/000081509700000003/0000815097-00-000003-index.htm",
    "finalLink": "https://www.sec.gov/Archives/edgar/data/815097/000081509700000003/0000815097-00-000003-0001.txt"
  },
  {
    "date": "2000-02-29",
    "symbol": "CCL",
    "reportedCurrency": "USD",
    "cik": "0000815097",
    "fillingDate": "2000-04-14",
    "acceptedDate": "2000-04-14 00:00:00",
    "calendarYear": "2000",
    "period": "Q1",
    "revenue": 824878000,
    "costOfRevenue": 11437000,
    "grossProfit": 813441000,
    "grossProfitRatio": 0.9861349193,
    "researchAndDevelopmentExpenses": 0,
    "generalAndAdministrativeExpenses": 0,
    "sellingAndMarketingExpenses": 0,
    "sellingGeneralAndAdministrativeExpenses": 120879000,
    "otherExpenses": 533044000,
    "operatingExpenses": 653923000,
    "costAndExpenses": 665360000,
    "interestIncome": 0,
    "interestExpense": 0,
    "depreciationAndAmortization": 67604000,
    "ebitda": 227122000,
    "ebitdaratio": 0.2753401109,
    "operatingIncome": 159518000,
    "operatingIncomeRatio": 0.1933837489,
    "totalOtherIncomeExpensesNet": 16751000,
    "incomeBeforeTax": 176269000,
    "incomeBeforeTaxRatio": 0.2136909943,
    "incomeTaxExpense": 4752000,
    "netIncome": 171517000,
    "netIncomeRatio": 0.2079301424,
    "eps": 0.28,
    "epsdiluted": 0.28,
    "weightedAverageShsOut": 612561000,
    "weightedAverageShsOutDil": 612561000,
    "link": "https://www.sec.gov/Archives/edgar/data/815097/000081509700000002/0000815097-00-000002-index.html",
    "finalLink": "https://www.sec.gov/Archives/edgar/data/815097/000081509700000002/"
  },
  {
    "date": "1999-11-30",
    "symbol": "CCL",
    "reportedCurrency": "USD",
    "cik": "0000815097",
    "fillingDate": "2000-02-28",
    "acceptedDate": "2000-02-28 00:00:00",
    "calendarYear": "1999",
    "period": "Q4",
    "revenue": 783870000,
    "costOfRevenue": 434336000,
    "grossProfit": 349534000,
    "grossProfitRatio": 0.4459081225,
    "researchAndDevelopmentExpenses": 0,
    "generalAndAdministrativeExpenses": 0,
    "sellingAndMarketingExpenses": 0,
    "sellingGeneralAndAdministrativeExpenses": 121035000,
    "otherExpenses": 228499000,
    "operatingExpenses": 349534000,
    "costAndExpenses": 783870000,
    "interestIncome": 0,
    "interestExpense": 0,
    "depreciationAndAmortization": 423558000,
    "ebitda": 2016599000,
    "ebitdaratio": 2.5726191843,
    "operatingIncome": 1593041000,
    "operatingIncomeRatio": 2.0322770357,
    "totalOtherIncomeExpensesNet": -1344823000,
    "incomeBeforeTax": 248218000,
    "incomeBeforeTaxRatio": 0.3166570988,
    "incomeTaxExpense": -2822000,
    "netIncome": 251040000,
    "netIncomeRatio": 0.3202571855,
    "eps": 0.41,
    "epsdiluted": 0.41,
    "weightedAverageShsOut": 611310000,
    "weightedAverageShsOutDil": 618675000,
    "link": "https://www.sec.gov/Archives/edgar/data/815097/000081509700000001/0000815097-00-000001-index.html",
    "finalLink": "https://www.sec.gov/Archives/edgar/data/815097/000081509700000001/"
  },
  {
    "date": "1999-08-31",
    "symbol": "CCL",
    "reportedCurrency": "USD",
    "cik": "0000815097",
    "fillingDate": "1999-10-14",
    "acceptedDate": "1999-10-14 00:00:00",
    "calendarYear": "1999",
    "period": "Q3",
    "revenue": 1169100000,
    "costOfRevenue": 579700000,
    "grossProfit": 589400000,
    "grossProfitRatio": 0.5041484903,
    "researchAndDevelopmentExpenses": 0,
    "generalAndAdministrativeExpenses": 0,
    "sellingAndMarketingExpenses": 0,
    "sellingGeneralAndAdministrativeExpenses": 109900000,
    "otherExpenses": 479500000,
    "operatingExpenses": 589400000,
    "costAndExpenses": 1169100000,
    "interestIncome": 0,
    "interestExpense": 0,
    "depreciationAndAmortization": -63100000,
    "ebitda": -100200000,
    "ebitdaratio": -0.0857069541,
    "operatingIncome": -163300000,
    "operatingIncomeRatio": -0.1396800958,
    "totalOtherIncomeExpensesNet": 591700000,
    "incomeBeforeTax": 428400000,
    "incomeBeforeTaxRatio": 0.3664357198,
    "incomeTaxExpense": 13300000,
    "netIncome": 415100000,
    "netIncomeRatio": 0.3550594474,
    "eps": 0.68,
    "epsdiluted": 0.67,
    "weightedAverageShsOut": 610441000,
    "weightedAverageShsOutDil": 619552000,
    "link": "https://www.sec.gov/Archives/edgar/data/815097/000081509799000007/0000815097-99-000007-index.html",
    "finalLink": "https://www.sec.gov/Archives/edgar/data/815097/000081509799000007/"
  },
  {
    "date": "1999-05-31",
    "symbol": "CCL",
    "reportedCurrency": "USD",
    "cik": "0000815097",
    "fillingDate": "1999-07-14",
    "acceptedDate": "1999-07-14 00:00:00",
    "calendarYear": "1999",
    "period": "Q2",
    "revenue": 796100000,
    "costOfRevenue": 432400000,
    "grossProfit": 363700000,
    "grossProfitRatio": 0.4568521543,
    "researchAndDevelopmentExpenses": 0,
    "generalAndAdministrativeExpenses": 0,
    "sellingAndMarketingExpenses": 0,
    "sellingGeneralAndAdministrativeExpenses": 105500000,
    "otherExpenses": 258200000,
    "operatingExpenses": 363700000,
    "costAndExpenses": 796100000,
    "interestIncome": 0,
    "interestExpense": 0,
    "depreciationAndAmortization": -58900000,
    "ebitda": -174200000,
    "ebitdaratio": -0.2188167316,
    "operatingIncome": -233100000,
    "operatingIncomeRatio": -0.2928024118,
    "totalOtherIncomeExpensesNet": 433600000,
    "incomeBeforeTax": 200500000,
    "incomeBeforeTaxRatio": 0.2518527823,
    "incomeTaxExpense": -2800000,
    "netIncome": 203300000,
    "netIncomeRatio": 0.2553699284,
    "eps": 0.33,
    "epsdiluted": 0.33,
    "weightedAverageShsOut": 616061000,
    "weightedAverageShsOutDil": 616061000,
    "link": "https://www.sec.gov/Archives/edgar/data/815097/000081509799000006/0000815097-99-000006-index.html",
    "finalLink": "https://www.sec.gov/Archives/edgar/data/815097/000081509799000006/"
  },
  {
    "date": "1999-02-28",
    "symbol": "CCL",
    "reportedCurrency": "USD",
    "cik": "0000815097",
    "fillingDate": "1999-04-13",
    "acceptedDate": "1999-04-13 00:00:00",
    "calendarYear": "1999",
    "period": "Q1",
    "revenue": 748300000,
    "costOfRevenue": 416100000,
    "grossProfit": 332200000,
    "grossProfitRatio": 0.4439395964,
    "researchAndDevelopmentExpenses": 0,
    "generalAndAdministrativeExpenses": 0,
    "sellingAndMarketingExpenses": 0,
    "sellingGeneralAndAdministrativeExpenses": 110800000,
    "otherExpenses": 221400000,
    "operatingExpenses": 332200000,
    "costAndExpenses": 748300000,
    "interestIncome": 0,
    "interestExpense": 0,
    "depreciationAndAmortization": -57900000,
    "ebitda": -194700000,
    "ebitdaratio": -0.2601897635,
    "operatingIncome": -252600000,
    "operatingIncomeRatio": -0.3375651477,
    "totalOtherIncomeExpensesNet": 405600000,
    "incomeBeforeTax": 153000000,
    "incomeBeforeTaxRatio": 0.2044634505,
    "incomeTaxExpense": -4800000,
    "netIncome": 157800000,
    "netIncomeRatio": 0.2108779901,
    "eps": 0.26,
    "epsdiluted": 0.26,
    "weightedAverageShsOut": 606923000,
    "weightedAverageShsOutDil": 606923000,
    "link": "https://www.sec.gov/Archives/edgar/data/815097/000081509799000005/0000815097-99-000005-index.html",
    "finalLink": "https://www.sec.gov/Archives/edgar/data/815097/"
  },
  {
    "date": "1998-11-30",
    "symbol": "CCL",
    "reportedCurrency": "USD",
    "cik": "0000815097",
    "fillingDate": "1999-02-25",
    "acceptedDate": "1999-02-25 00:00:00",
    "calendarYear": "1998",
    "period": "Q4",
    "revenue": 728606000,
    "costOfRevenue": 409077000,
    "grossProfit": 319529000,
    "grossProfitRatio": 0.4385484061,
    "researchAndDevelopmentExpenses": 0,
    "generalAndAdministrativeExpenses": 0,
    "sellingAndMarketingExpenses": 0,
    "sellingGeneralAndAdministrativeExpenses": 106869000,
    "otherExpenses": 212660000,
    "operatingExpenses": 319529000,
    "costAndExpenses": 728606000,
    "interestIncome": 0,
    "interestExpense": 0,
    "depreciationAndAmortization": 347368000,
    "ebitda": 1716360000,
    "ebitdaratio": 2.3556764561,
    "operatingIncome": 1368992000,
    "operatingIncomeRatio": 1.8789194709,
    "totalOtherIncomeExpensesNet": -1150492000,
    "incomeBeforeTax": 218500000,
    "incomeBeforeTaxRatio": 0.2998877308,
    "incomeTaxExpense": -2085000,
    "netIncome": 220585000,
    "netIncomeRatio": 0.3027493597,
    "eps": 0.37,
    "epsdiluted": 0.37,
    "weightedAverageShsOut": 596107000,
    "weightedAverageShsOutDil": 597061000,
    "link": "https://www.sec.gov/Archives/edgar/data/815097/000081509799000003/0000815097-99-000003-index.html",
    "finalLink": "https://www.sec.gov/Archives/edgar/data/815097/"
  },
  {
    "date": "1998-08-31",
    "symbol": "CCL",
    "reportedCurrency": "USD",
    "cik": "0000815097",
    "fillingDate": "1998-10-15",
    "acceptedDate": "1998-10-15 00:00:00",
    "calendarYear": "1998",
    "period": "Q3",
    "revenue": 1061500000,
    "costOfRevenue": 540300000,
    "grossProfit": 521200000,
    "grossProfitRatio": 0.4910032972,
    "researchAndDevelopmentExpenses": 0,
    "generalAndAdministrativeExpenses": 0,
    "sellingAndMarketingExpenses": 0,
    "sellingGeneralAndAdministrativeExpenses": 98800000,
    "otherExpenses": 422400000,
    "operatingExpenses": 521200000,
    "costAndExpenses": 1061500000,
    "interestIncome": 0,
    "interestExpense": 0,
    "depreciationAndAmortization": -57400000,
    "ebitda": -117900000,
    "ebitdaratio": -0.1110692416,
    "operatingIncome": -175300000,
    "operatingIncomeRatio": -0.1651436646,
    "totalOtherIncomeExpensesNet": 532800000,
    "incomeBeforeTax": 357500000,
    "incomeBeforeTaxRatio": 0.3367875648,
    "incomeTaxExpense": 12700000,
    "netIncome": 344800000,
    "netIncomeRatio": 0.3248233632,
    "eps": 0.58,
    "epsdiluted": 0.58,
    "weightedAverageShsOut": 594483000,
    "weightedAverageShsOutDil": 594483000,
    "link": "https://www.sec.gov/Archives/edgar/data/815097/000081509798000009/0000815097-98-000009-index.html",
    "finalLink": "https://www.sec.gov/Archives/edgar/data/815097/"
  },
  {
    "date": "1998-05-31",
    "symbol": "CCL",
    "reportedCurrency": "USD",
    "cik": "0000815097",
    "fillingDate": "1998-07-15",
    "acceptedDate": "1998-07-15 00:00:00",
    "calendarYear": "1998",
    "period": "Q2",
    "revenue": 661400000,
    "costOfRevenue": 362400000,
    "grossProfit": 299000000,
    "grossProfitRatio": 0.4520713638,
    "researchAndDevelopmentExpenses": 0,
    "generalAndAdministrativeExpenses": 0,
    "sellingAndMarketingExpenses": 0,
    "sellingGeneralAndAdministrativeExpenses": 85000000,
    "otherExpenses": 214000000,
    "operatingExpenses": 299000000,
    "costAndExpenses": 661400000,
    "interestIncome": 0,
    "interestExpense": 0,
    "depreciationAndAmortization": -46300000,
    "ebitda": 214000000,
    "ebitdaratio": 0.3235560931,
    "operatingIncome": 167700000,
    "operatingIncomeRatio": 0.2535530692,
    "totalOtherIncomeExpensesNet": -9700000,
    "incomeBeforeTax": 158000000,
    "incomeBeforeTaxRatio": 0.238887209,
    "incomeTaxExpense": -2600000,
    "netIncome": 160600000,
    "netIncomeRatio": 0.2428182643,
    "eps": 0.14,
    "epsdiluted": 0.14,
    "weightedAverageShsOut": 594778000,
    "weightedAverageShsOutDil": 594778000,
    "link": "https://www.sec.gov/Archives/edgar/data/815097/000081509798000007/0000815097-98-000007-index.html",
    "finalLink": "https://www.sec.gov/Archives/edgar/data/815097/"
  },
  {
    "date": "1998-02-28",
    "symbol": "CCL",
    "reportedCurrency": "USD",
    "cik": "0000815097",
    "fillingDate": "1998-04-14",
    "acceptedDate": "1998-04-14 00:00:00",
    "calendarYear": "1998",
    "period": "Q1",
    "revenue": 557800000,
    "costOfRevenue": 307600000,
    "grossProfit": 250200000,
    "grossProfitRatio": 0.4485478666,
    "researchAndDevelopmentExpenses": 0,
    "generalAndAdministrativeExpenses": 0,
    "sellingAndMarketingExpenses": 0,
    "sellingGeneralAndAdministrativeExpenses": 78800000,
    "otherExpenses": 171400000,
    "operatingExpenses": 250200000,
    "costAndExpenses": 557800000,
    "interestIncome": 0,
    "interestExpense": 0,
    "depreciationAndAmortization": -43000000,
    "ebitda": -136200000,
    "ebitdaratio": -0.2441735389,
    "operatingIncome": -179200000,
    "operatingIncomeRatio": -0.3212621011,
    "totalOtherIncomeExpensesNet": 284800000,
    "incomeBeforeTax": 105600000,
    "incomeBeforeTaxRatio": 0.1893151667,
    "incomeTaxExpense": -4300000,
    "netIncome": 109900000,
    "netIncomeRatio": 0.1970240229,
    "eps": 0.09,
    "epsdiluted": 0.09,
    "weightedAverageShsOut": 594778000,
    "weightedAverageShsOutDil": 594778000,
    "link": "https://www.sec.gov/Archives/edgar/data/815097/000081509798000006/0000815097-98-000006-index.html",
    "finalLink": "https://www.sec.gov/Archives/edgar/data/815097/"
  },
  {
    "date": "1997-11-30",
    "symbol": "CCL",
    "reportedCurrency": "USD",
    "cik": "0000815097",
    "fillingDate": "1998-02-27",
    "acceptedDate": "1998-02-27 00:00:00",
    "calendarYear": "1997",
    "period": "Q4",
    "revenue": 524368000,
    "costOfRevenue": 299969000,
    "grossProfit": 224399000,
    "grossProfitRatio": 0.4279418271,
    "researchAndDevelopmentExpenses": 0,
    "generalAndAdministrativeExpenses": 0,
    "sellingAndMarketingExpenses": 0,
    "sellingGeneralAndAdministrativeExpenses": 74833000,
    "otherExpenses": 149566000,
    "operatingExpenses": 224399000,
    "costAndExpenses": 524368000,
    "interestIncome": 0,
    "interestExpense": 0,
    "depreciationAndAmortization": 293187000,
    "ebitda": 1424066000,
    "ebitdaratio": 2.7157759436,
    "operatingIncome": 1130879000,
    "operatingIncomeRatio": 2.1566514356,
    "totalOtherIncomeExpensesNet": -977896000,
    "incomeBeforeTax": 152983000,
    "incomeBeforeTaxRatio": 0.2917473988,
    "incomeTaxExpense": -2367000,
    "netIncome": 155350000,
    "netIncomeRatio": 0.2962614042,
    "eps": 0.26,
    "epsdiluted": 0.13,
    "weightedAverageShsOut": 597354000,
    "weightedAverageShsOutDil": 580003500,
    "link": "https://www.sec.gov/Archives/edgar/data/815097/000081509798000005/0000815097-98-000005-index.html",
    "finalLink": "https://www.sec.gov/Archives/edgar/data/815097/"
  },
  {
    "date": "1997-08-31",
    "symbol": "CCL",
    "reportedCurrency": "USD",
    "cik": "0000815097",
    "fillingDate": "1997-10-15",
    "acceptedDate": "1997-10-15 00:00:00",
    "calendarYear": "1997",
    "period": "Q3",
    "revenue": 805400000,
    "costOfRevenue": 388100000,
    "grossProfit": 417300000,
    "grossProfitRatio": 0.5181276384,
    "researchAndDevelopmentExpenses": 0,
    "generalAndAdministrativeExpenses": 0,
    "sellingAndMarketingExpenses": 0,
    "sellingGeneralAndAdministrativeExpenses": 65500000,
    "otherExpenses": 351800000,
    "operatingExpenses": 417300000,
    "costAndExpenses": 805400000,
    "interestIncome": 0,
    "interestExpense": 0,
    "depreciationAndAmortization": -43200000,
    "ebitda": 351800000,
    "ebitdaratio": 0.4368015893,
    "operatingIncome": 308600000,
    "operatingIncomeRatio": 0.3831636454,
    "totalOtherIncomeExpensesNet": 4200000,
    "incomeBeforeTax": 312800000,
    "incomeBeforeTaxRatio": 0.3883784455,
    "incomeTaxExpense": 14900000,
    "netIncome": 297900000,
    "netIncomeRatio": 0.3698783213,
    "eps": 0.25,
    "epsdiluted": 0.51,
    "weightedAverageShsOut": 1191600000,
    "weightedAverageShsOutDil": 580003500,
    "link": "https://www.sec.gov/Archives/edgar/data/815097/000081509797000010/0000815097-97-000010-index.html",
    "finalLink": "https://www.sec.gov/Archives/edgar/data/815097/"
  },
  {
    "date": "1997-05-31",
    "symbol": "CCL",
    "reportedCurrency": "USD",
    "cik": "0000815097",
    "fillingDate": "1997-07-15",
    "acceptedDate": "1997-07-15 00:00:00",
    "calendarYear": "1997",
    "period": "Q2",
    "revenue": 596600000,
    "costOfRevenue": 337700000,
    "grossProfit": 258900000,
    "grossProfitRatio": 0.4339591016,
    "researchAndDevelopmentExpenses": 0,
    "generalAndAdministrativeExpenses": 0,
    "sellingAndMarketingExpenses": 0,
    "sellingGeneralAndAdministrativeExpenses": 76700000,
    "otherExpenses": 182200000,
    "operatingExpenses": 258900000,
    "costAndExpenses": 596600000,
    "interestIncome": 0,
    "interestExpense": 0,
    "depreciationAndAmortization": -42000000,
    "ebitda": -155500000,
    "ebitdaratio": -0.2606436473,
    "operatingIncome": -197500000,
    "operatingIncomeRatio": -0.3310425746,
    "totalOtherIncomeExpensesNet": 322600000,
    "incomeBeforeTax": 125100000,
    "incomeBeforeTaxRatio": 0.2096882333,
    "incomeTaxExpense": -2300000,
    "netIncome": 127400000,
    "netIncomeRatio": 0.2135434127,
    "eps": 0.11,
    "epsdiluted": 0.22,
    "weightedAverageShsOut": 1213333000,
    "weightedAverageShsOutDil": 580003500,
    "link": "https://www.sec.gov/Archives/edgar/data/815097/000081509797000008/0000815097-97-000008-index.html",
    "finalLink": "https://www.sec.gov/Archives/edgar/data/815097/"
  },
  {
    "date": "1997-02-28",
    "symbol": "CCL",
    "reportedCurrency": "USD",
    "cik": "0000815097",
    "fillingDate": "1997-04-14",
    "acceptedDate": "1997-04-14 00:00:00",
    "calendarYear": "1997",
    "period": "Q1",
    "revenue": 521100000,
    "costOfRevenue": 296900000,
    "grossProfit": 224200000,
    "grossProfitRatio": 0.4302437152,
    "researchAndDevelopmentExpenses": 0,
    "generalAndAdministrativeExpenses": 0,
    "sellingAndMarketingExpenses": 0,
    "sellingGeneralAndAdministrativeExpenses": 79500000,
    "otherExpenses": 144700000,
    "operatingExpenses": 224200000,
    "costAndExpenses": 521100000,
    "interestIncome": 0,
    "interestExpense": 0,
    "depreciationAndAmortization": -40700000,
    "ebitda": -152200000,
    "ebitdaratio": -0.2920744579,
    "operatingIncome": -192900000,
    "operatingIncomeRatio": -0.3701784686,
    "totalOtherIncomeExpensesNet": 274300000,
    "incomeBeforeTax": 81400000,
    "incomeBeforeTaxRatio": 0.1562080215,
    "incomeTaxExpense": -4000000,
    "netIncome": 85400000,
    "netIncomeRatio": 0.1638840913,
    "eps": 0.0718,
    "epsdiluted": 0.07,
    "weightedAverageShsOut": 1189492500,
    "weightedAverageShsOutDil": 580003500,
    "link": "https://www.sec.gov/Archives/edgar/data/815097/000081509797000004/0000815097-97-000004-index.html",
    "finalLink": "https://www.sec.gov/Archives/edgar/data/815097/"
  },
  {
    "date": "1996-11-30",
    "symbol": "CCL",
    "reportedCurrency": "USD",
    "cik": "0000815097",
    "fillingDate": "1997-02-28",
    "acceptedDate": "1997-02-28 00:00:00",
    "calendarYear": "1996",
    "period": "Q4",
    "revenue": 474972000,
    "costOfRevenue": 278869000,
    "grossProfit": 196103000,
    "grossProfitRatio": 0.4128727588,
    "researchAndDevelopmentExpenses": 0,
    "generalAndAdministrativeExpenses": 0,
    "sellingAndMarketingExpenses": 0,
    "sellingGeneralAndAdministrativeExpenses": 65655000,
    "otherExpenses": 130448000,
    "operatingExpenses": 196103000,
    "costAndExpenses": 474972000,
    "interestIncome": 0,
    "interestExpense": 0,
    "depreciationAndAmortization": 252587000,
    "ebitda": 1308048000,
    "ebitdaratio": 2.7539476011,
    "operatingIncome": 1055461000,
    "operatingIncomeRatio": 2.222154148,
    "totalOtherIncomeExpensesNet": -942614000,
    "incomeBeforeTax": 112847000,
    "incomeBeforeTaxRatio": 0.2375866367,
    "incomeTaxExpense": -1955000,
    "netIncome": 114802000,
    "netIncomeRatio": 0.2417026688,
    "eps": 0.0965,
    "epsdiluted": 0.1,
    "weightedAverageShsOut": 1189492500,
    "weightedAverageShsOutDil": 580003500,
    "link": "https://www.sec.gov/Archives/edgar/data/815097/000081509797000001/0000815097-97-000001-index.html",
    "finalLink": "https://www.sec.gov/Archives/edgar/data/815097/"
  },
  {
    "date": "1996-08-31",
    "symbol": "CCL",
    "reportedCurrency": "USD",
    "cik": "0000815097",
    "fillingDate": "1996-10-11",
    "acceptedDate": "1996-10-11 00:00:00",
    "calendarYear": "1996",
    "period": "Q3",
    "revenue": 772000000,
    "costOfRevenue": 396200000,
    "grossProfit": 375800000,
    "grossProfitRatio": 0.4867875648,
    "researchAndDevelopmentExpenses": 0,
    "generalAndAdministrativeExpenses": 0,
    "sellingAndMarketingExpenses": 0,
    "sellingGeneralAndAdministrativeExpenses": 69000000,
    "otherExpenses": 306800000,
    "operatingExpenses": 375800000,
    "costAndExpenses": 772000000,
    "interestIncome": 0,
    "interestExpense": 0,
    "depreciationAndAmortization": -39700000,
    "ebitda": -89400000,
    "ebitdaratio": -0.1158031088,
    "operatingIncome": -129100000,
    "operatingIncomeRatio": -0.1672279793,
    "totalOtherIncomeExpensesNet": 413200000,
    "incomeBeforeTax": 284100000,
    "incomeBeforeTaxRatio": 0.3680051813,
    "incomeTaxExpense": 16000000,
    "netIncome": 268100000,
    "netIncomeRatio": 0.3472797927,
    "eps": 0.23,
    "epsdiluted": 0.46,
    "weightedAverageShsOut": 1165652000,
    "weightedAverageShsOutDil": 580003500,
    "link": "https://www.sec.gov/Archives/edgar/data/815097/000081509796000007/0000815097-96-000007-index.html",
    "finalLink": "https://www.sec.gov/Archives/edgar/data/815097/"
  },
  {
    "date": "1996-05-31",
    "symbol": "CCL",
    "reportedCurrency": "USD",
    "cik": "0000815097",
    "fillingDate": "1996-07-02",
    "acceptedDate": "1996-07-02 00:00:00",
    "calendarYear": "1996",
    "period": "Q2",
    "revenue": 516800000,
    "costOfRevenue": 302500000,
    "grossProfit": 214300000,
    "grossProfitRatio": 0.4146671827,
    "researchAndDevelopmentExpenses": 0,
    "generalAndAdministrativeExpenses": 0,
    "sellingAndMarketingExpenses": 0,
    "sellingGeneralAndAdministrativeExpenses": 69000000,
    "otherExpenses": 145300000,
    "operatingExpenses": 214300000,
    "costAndExpenses": 516800000,
    "interestIncome": 0,
    "interestExpense": 0,
    "depreciationAndAmortization": -35100000,
    "ebitda": 145300000,
    "ebitdaratio": 0.2811532508,
    "operatingIncome": 110200000,
    "operatingIncomeRatio": 0.2132352941,
    "totalOtherIncomeExpensesNet": -5400000,
    "incomeBeforeTax": 104800000,
    "incomeBeforeTaxRatio": 0.2027863777,
    "incomeTaxExpense": -1500000,
    "netIncome": 106300000,
    "netIncomeRatio": 0.2056888545,
    "eps": 0.095,
    "epsdiluted": 0.18,
    "weightedAverageShsOut": 1118947000,
    "weightedAverageShsOutDil": 580003500,
    "link": "https://www.sec.gov/Archives/edgar/data/815097/000081509796000005/0000815097-96-000005-index.html",
    "finalLink": "https://www.sec.gov/Archives/edgar/data/815097/"
  },
  {
    "date": "1996-02-29",
    "symbol": "CCL",
    "reportedCurrency": "USD",
    "cik": "0000815097",
    "fillingDate": "1996-04-12",
    "acceptedDate": "1996-04-12 00:00:00",
    "calendarYear": "1996",
    "period": "Q1",
    "revenue": 448800000,
    "costOfRevenue": 263700000,
    "grossProfit": 185100000,
    "grossProfitRatio": 0.4124331551,
    "researchAndDevelopmentExpenses": 0,
    "generalAndAdministrativeExpenses": 0,
    "sellingAndMarketingExpenses": 0,
    "sellingGeneralAndAdministrativeExpenses": 71300000,
    "otherExpenses": 113800000,
    "operatingExpenses": 185100000,
    "costAndExpenses": 448800000,
    "interestIncome": 0,
    "interestExpense": 0,
    "depreciationAndAmortization": -32800000,
    "ebitda": -149900000,
    "ebitdaratio": -0.3340017825,
    "operatingIncome": -182700000,
    "operatingIncomeRatio": -0.4070855615,
    "totalOtherIncomeExpensesNet": 256300000,
    "incomeBeforeTax": 73600000,
    "incomeBeforeTaxRatio": 0.1639928699,
    "incomeTaxExpense": -3500000,
    "netIncome": 77100000,
    "netIncomeRatio": 0.1717914439,
    "eps": 0.0685,
    "epsdiluted": 0.07,
    "weightedAverageShsOut": 1125689500,
    "weightedAverageShsOutDil": 580003500,
    "link": "https://www.sec.gov/Archives/edgar/data/815097/000081509796000003/0000815097-96-000003-index.html",
    "finalLink": "https://www.sec.gov/Archives/edgar/data/815097/"
  },
  {
    "date": "1995-11-30",
    "symbol": "CCL",
    "reportedCurrency": "USD",
    "cik": "0000815097",
    "fillingDate": "1996-01-26",
    "acceptedDate": "1996-01-26 00:00:00",
    "calendarYear": "1995",
    "period": "Q4",
    "revenue": 452950000,
    "costOfRevenue": 265813000,
    "grossProfit": 187137000,
    "grossProfitRatio": 0.413151562,
    "researchAndDevelopmentExpenses": 0,
    "generalAndAdministrativeExpenses": 0,
    "sellingAndMarketingExpenses": 0,
    "sellingGeneralAndAdministrativeExpenses": 60666000,
    "otherExpenses": 126471000,
    "operatingExpenses": 187137000,
    "costAndExpenses": 452950000,
    "interestIncome": 0,
    "interestExpense": 0,
    "depreciationAndAmortization": 223233000,
    "ebitda": 1181371000,
    "ebitdaratio": 2.6081708798,
    "operatingIncome": 958138000,
    "operatingIncomeRatio": 2.1153284027,
    "totalOtherIncomeExpensesNet": -875673000,
    "incomeBeforeTax": 82465000,
    "incomeBeforeTaxRatio": 0.1820620378,
    "incomeTaxExpense": -1726000,
    "netIncome": 84191000,
    "netIncomeRatio": 0.1858726129,
    "eps": 0.0748,
    "epsdiluted": 0.0746,
    "weightedAverageShsOut": 1125689500,
    "weightedAverageShsOutDil": 580003500,
    "link": "https://www.sec.gov/Archives/edgar/data/815097/000081509796000001/0000815097-96-000001-index.html",
    "finalLink": "https://www.sec.gov/Archives/edgar/data/815097/"
  }
]