[
  {
    "date": "2024-11-30",
    "symbol": "CCL",
    "reportedCurrency": "USD",
    "cik": "0000815097",
    "fillingDate": "2025-01-27",
    "acceptedDate": "2025-01-27 06:11:17",
    "calendarYear": "2024",
    "period": "FY",
    "revenue": 25021000000,
    "costOfRevenue": 15638000000,
    "grossProfit": 9383000000,
    "grossProfitRatio": 0.3750049958,
    "researchAndDevelopmentExpenses": 0,
    "generalAndAdministrativeExpenses": 0,
    "sellingAndMarketingExpenses": 0,
    "sellingGeneralAndAdministrativeExpenses": 3252000000,
    "otherExpenses": 2557000000,
    "operatingExpenses": 5809000000,
    "costAndExpenses": 21447000000,
    "interestIncome": 93000000,
    "interestExpense": 1755000000,
    "depreciationAndAmortization": 2557000000,
    "ebitda": 6227000000,
    "ebitdaratio": 0.2488709484,
    "operatingIncome": 3574000000,
    "operatingIncomeRatio": 0.1428400144,
    "totalOtherIncomeExpensesNet": -1659000000,
    "incomeBeforeTax": 1915000000,
    "incomeBeforeTaxRatio": 0.07653571,
    "incomeTaxExpense": -1000000,
    "netIncome": 1916000000,
    "netIncomeRatio": 0.0765756764,
    "eps": 1.5,
    "epsdiluted": 1.44,
    "weightedAverageShsOut": 1274000000,
    "weightedAverageShsOutDil": 1398000000,
    "link": "https://www.sec.gov/Archives/edgar/data/815097/000081509725000007/0000815097-25-000007-index.htm",
    "finalLink": "https://www.sec.gov/Archives/edgar/data/815097/000081509725000007/ccl-20241130.htm"
  },
  {
    "date": "2023-11-30",
    "symbol": "CCL",
    "reportedCurrency": "USD",
    "cik": "0000815097",
    "fillingDate": "2024-01-26",
    "acceptedDate": "2024-01-26 10:09:35",
    "calendarYear": "2023",
    "period": "FY",
    "revenue": 21593000000,
    "costOfRevenue": 14317000000,
    "grossProfit": 7276000000,
    "grossProfitRatio": 0.3369610522,
    "researchAndDevelopmentExpenses": 0,
    "generalAndAdministrativeExpenses": 0,
    "sellingAndMarketingExpenses": 0,
    "sellingGeneralAndAdministrativeExpenses": 2950000000,
    "otherExpenses": 2370000000,
    "operatingExpenses": 5320000000,
    "costAndExpenses": 19637000000,
    "interestIncome": 233000000,
    "interestExpense": 2066000000,
    "depreciationAndAmortization": 2370000000,
    "ebitda": 4374000000,
    "ebitdaratio": 0.2025656463,
    "operatingIncome": 1956000000,
    "operatingIncomeRatio": 0.0905849118,
    "totalOtherIncomeExpensesNet": -2018000000,
    "incomeBeforeTax": -62000000,
    "incomeBeforeTaxRatio": -0.0028713009,
    "incomeTaxExpense": 13000000,
    "netIncome": -74000000,
    "netIncomeRatio": -0.0034270365,
    "eps": -0.06,
    "epsdiluted": -0.06,
    "weightedAverageShsOut": 1262000000,
    "weightedAverageShsOutDil": 1262000000,
    "link": "https://www.sec.gov/Archives/edgar/data/815097/000081509724000011/0000815097-24-000011-index.htm",
    "finalLink": "https://www.sec.gov/Archives/edgar/data/815097/000081509724000011/ccl-20231130.htm"
  },
  {
    "date": "2022-11-30",
    "symbol": "CCL",
    "reportedCurrency": "USD",
    "cik": "0000815097",
    "fillingDate": "2023-01-27",
    "acceptedDate": "2023-01-27 11:36:20",
    "calendarYear": "2022",
    "period": "FY",
    "revenue": 12169000000,
    "costOfRevenue": 11757000000,
    "grossProfit": 412000000,
    "grossProfitRatio": 0.0338565207,
    "researchAndDevelopmentExpenses": 0,
    "generalAndAdministrativeExpenses": 0,
    "sellingAndMarketingExpenses": 0,
    "sellingGeneralAndAdministrativeExpenses": 2515000000,
    "otherExpenses": 2276000000,
    "operatingExpenses": 4791000000,
    "costAndExpenses": 16548000000,
    "interestIncome": 74000000,
    "interestExpense": 1609000000,
    "depreciationAndAmortization": 2275000000,
    "ebitda": -2196000000,
    "ebitdaratio": -0.1804585422,
    "operatingIncome": -4379000000,
    "operatingIncomeRatio": -0.3598487961,
    "totalOtherIncomeExpensesNet": -1701000000,
    "incomeBeforeTax": -6080000000,
    "incomeBeforeTaxRatio": -0.4996302079,
    "incomeTaxExpense": 14000000,
    "netIncome": -6093000000,
    "netIncomeRatio": -0.5006984962,
    "eps": -5.16,
    "epsdiluted": -5.16,
    "weightedAverageShsOut": 1180000000,
    "weightedAverageShsOutDil": 1180000000,
    "link": "https://www.sec.gov/Archives/edgar/data/815097/000081509723000012/0000815097-23-000012-index.htm",
    "finalLink": "https://www.sec.gov/Archives/edgar/data/815097/000081509723000012/ccl-20221130.htm"
  },
  {
    "date": "2021-11-30",
    "symbol": "CCL",
    "reportedCurrency": "USD",
    "cik": "0000815097",
    "fillingDate": "2022-01-27",
    "acceptedDate": "2022-01-27 12:40:15",
    "calendarYear": "2021",
    "period": "FY",
    "revenue": 1908000000,
    "costOfRevenue": 4655000000,
    "grossProfit": -2747000000,
    "grossProfitRatio": -1.4397274633,
    "researchAndDevelopmentExpenses": 0,
    "generalAndAdministrativeExpenses": 0,
    "sellingAndMarketingExpenses": 0,
    "sellingGeneralAndAdministrativeExpenses": 1885000000,
    "otherExpenses": 2457000000,
    "operatingExpenses": 4342000000,
    "costAndExpenses": 8997000000,
    "interestIncome": 12000000,
    "interestExpense": 1601000000,
    "depreciationAndAmortization": 2233000000,
    "ebitda": -5688000000,
    "ebitdaratio": -2.9811320755,
    "operatingIncome": -7089000000,
    "operatingIncomeRatio": -3.715408805,
    "totalOtherIncomeExpensesNet": -2433000000,
    "incomeBeforeTax": -9522000000,
    "incomeBeforeTaxRatio": -4.9905660377,
    "incomeTaxExpense": -21000000,
    "netIncome": -9501000000,
    "netIncomeRatio": -4.9795597484,
    "eps": -8.46,
    "epsdiluted": -8.46,
    "weightedAverageShsOut": 1123000000,
    "weightedAverageShsOutDil": 1123000000,
    "link": "https://www.sec.gov/Archives/edgar/data/815097/000081509722000009/0000815097-22-000009-index.htm",
    "finalLink": "https://www.sec.gov/Archives/edgar/data/815097/000081509722000009/ccl-20211130.htm"
  },
  {
    "date": "2020-11-30",
    "symbol": "CCL",
    "reportedCurrency": "USD",
    "cik": "0000815097",
    "fillingDate": "2021-01-26",
    "acceptedDate": "2021-01-26 10:40:20",
    "calendarYear": "2020",
    "period": "FY",
    "revenue": 5594000000,
    "costOfRevenue": 8245000000,
    "grossProfit": -2651000000,
    "grossProfitRatio": -0.4739006078,
    "researchAndDevelopmentExpenses": 0,
    "generalAndAdministrativeExpenses": 0,
    "sellingAndMarketingExpenses": 0,
    "sellingGeneralAndAdministrativeExpenses": 1878000000,
    "otherExpenses": 4336000000,
    "operatingExpenses": 6214000000,
    "costAndExpenses": 14459000000,
    "interestIncome": 18000000,
    "interestExpense": 895000000,
    "depreciationAndAmortization": 2241000000,
    "ebitda": -7117000000,
    "ebitdaratio": -1.2722559886,
    "operatingIncome": -8865000000,
    "operatingIncomeRatio": -1.5847336432,
    "totalOtherIncomeExpensesNet": -1388000000,
    "incomeBeforeTax": -10253000000,
    "incomeBeforeTaxRatio": -1.8328566321,
    "incomeTaxExpense": -17000000,
    "netIncome": -10236000000,
    "netIncomeRatio": -1.8298176618,
    "eps": -13.2,
    "epsdiluted": -13.2,
    "weightedAverageShsOut": 775000000,
    "weightedAverageShsOutDil": 775000000,
    "link": "https://www.sec.gov/Archives/edgar/data/815097/000081509721000027/0000815097-21-000027-index.htm",
    "finalLink": "https://www.sec.gov/Archives/edgar/data/815097/000081509721000027/ccl-20201130.htm"
  },
  {
    "date": "2019-11-30",
    "symbol": "CCL",
    "reportedCurrency": "USD",
    "cik": "0000815097",
    "fillingDate": "2020-01-28",
    "acceptedDate": "2020-01-28 11:19:47",
    "calendarYear": "2019",
    "period": "FY",
    "revenue": 20825000000,
    "costOfRevenue": 12909000000,
    "grossProfit": 7916000000,
    "grossProfitRatio": 0.380120048,
    "researchAndDevelopmentExpenses": 0,
    "generalAndAdministrativeExpenses": 0,
    "sellingAndMarketingExpenses": 0,
    "sellingGeneralAndAdministrativeExpenses": 2480000000,
    "otherExpenses": 2160000000,
    "operatingExpenses": 4640000000,
    "costAndExpenses": 17549000000,
    "interestIncome": 23000000,
    "interestExpense": 206000000,
    "depreciationAndAmortization": 2160000000,
    "ebitda": 5426000000,
    "ebitdaratio": 0.2605522209,
    "operatingIncome": 3276000000,
    "operatingIncomeRatio": 0.1573109244,
    "totalOtherIncomeExpensesNet": -216000000,
    "incomeBeforeTax": 3060000000,
    "incomeBeforeTaxRatio": 0.1469387755,
    "incomeTaxExpense": 71000000,
    "netIncome": 2990000000,
    "netIncomeRatio": 0.143577431,
    "eps": 4.34,
    "epsdiluted": 4.32,
    "weightedAverageShsOut": 690000000,
    "weightedAverageShsOutDil": 692000000,
    "link": "https://www.sec.gov/Archives/edgar/data/815097/000081509720000003/0000815097-20-000003-index.htm",
    "finalLink": "https://www.sec.gov/Archives/edgar/data/815097/000081509720000003/a2019form10-kfrontpart.htm"
  },
  {
    "date": "2018-11-30",
    "symbol": "CCL",
    "reportedCurrency": "USD",
    "cik": "0000815097",
    "fillingDate": "2019-01-28",
    "acceptedDate": "2019-01-28 10:54:24",
    "calendarYear": "2018",
    "period": "FY",
    "revenue": 18880000000,
    "costOfRevenue": 11089000000,
    "grossProfit": 7791000000,
    "grossProfitRatio": 0.4126588983,
    "researchAndDevelopmentExpenses": 0,
    "generalAndAdministrativeExpenses": 0,
    "sellingAndMarketingExpenses": 0,
    "sellingGeneralAndAdministrativeExpenses": 2450000000,
    "otherExpenses": 2016000000,
    "operatingExpenses": 4466000000,
    "costAndExpenses": 15555000000,
    "interestIncome": 14000000,
    "interestExpense": 194000000,
    "depreciationAndAmortization": 2017000000,
    "ebitda": 5418000000,
    "ebitdaratio": 0.286970339,
    "operatingIncome": 3325000000,
    "operatingIncomeRatio": 0.1761122881,
    "totalOtherIncomeExpensesNet": -118000000,
    "incomeBeforeTax": 3207000000,
    "incomeBeforeTaxRatio": 0.1698622881,
    "incomeTaxExpense": 54000000,
    "netIncome": 3152000000,
    "netIncomeRatio": 0.1669491525,
    "eps": 4.45,
    "epsdiluted": 4.44,
    "weightedAverageShsOut": 709000000,
    "weightedAverageShsOutDil": 710000000,
    "link": "https://www.sec.gov/Archives/edgar/data/815097/000081509719000004/0000815097-19-000004-index.htm",
    "finalLink": "https://www.sec.gov/Archives/edgar/data/815097/000081509719000004/a2018form10-kfrontpart.htm"
  },
  {
    "date": "2017-11-30",
    "symbol": "CCL",
    "reportedCurrency": "USD",
    "cik": "0000815097",
    "fillingDate": "2018-01-29",
    "acceptedDate": "2018-01-29 09:27:30",
    "calendarYear": "2017",
    "period": "FY",
    "revenue": 17510000000,
    "costOfRevenue": 10501000000,
    "grossProfit": 7009000000,
    "grossProfitRatio": 0.4002855511,
    "researchAndDevelopmentExpenses": 0,
    "generalAndAdministrativeExpenses": 0,
    "sellingAndMarketingExpenses": 0,
    "sellingGeneralAndAdministrativeExpenses": 2265000000,
    "otherExpenses": 1935000000,
    "operatingExpenses": 4200000000,
    "costAndExpenses": 14701000000,
    "interestIncome": 9000000,
    "interestExpense": 198000000,
    "depreciationAndAmortization": 1846000000,
    "ebitda": 4710000000,
    "ebitdaratio": 0.2689891491,
    "operatingIncome": 2809000000,
    "operatingIncomeRatio": 0.1604226156,
    "totalOtherIncomeExpensesNet": -143000000,
    "incomeBeforeTax": 2666000000,
    "incomeBeforeTaxRatio": 0.1522558538,
    "incomeTaxExpense": 60000000,
    "netIncome": 2606000000,
    "netIncomeRatio": 0.1488292404,
    "eps": 3.61,
    "epsdiluted": 3.59,
    "weightedAverageShsOut": 723000000,
    "weightedAverageShsOutDil": 725000000,
    "link": "https://www.sec.gov/Archives/edgar/data/815097/000081509718000005/0000815097-18-000005-index.htm",
    "finalLink": "https://www.sec.gov/Archives/edgar/data/815097/000081509718000005/a2017form10-kfrontpart.htm"
  },
  {
    "date": "2016-11-30",
    "symbol": "CCL",
    "reportedCurrency": "USD",
    "cik": "0000815097",
    "fillingDate": "2017-01-30",
    "acceptedDate": "2017-01-30 09:27:06",
    "calendarYear": "2016",
    "period": "FY",
    "revenue": 16389000000,
    "costOfRevenue": 9383000000,
    "grossProfit": 7006000000,
    "grossProfitRatio": 0.4274818476,
    "researchAndDevelopmentExpenses": 0,
    "generalAndAdministrativeExpenses": 0,
    "sellingAndMarketingExpenses": 0,
    "sellingGeneralAndAdministrativeExpenses": 2197000000,
    "otherExpenses": 1738000000,
    "operatingExpenses": 3935000000,
    "costAndExpenses": 13318000000,
    "interestIncome": 6000000,
    "interestExpense": 223000000,
    "depreciationAndAmortization": 1738000000,
    "ebitda": 4789000000,
    "ebitdaratio": 0.2922081884,
    "operatingIncome": 3071000000,
    "operatingIncomeRatio": 0.1873817805,
    "totalOtherIncomeExpensesNet": -243000000,
    "incomeBeforeTax": 2828000000,
    "incomeBeforeTaxRatio": 0.1725547623,
    "incomeTaxExpense": 49000000,
    "netIncome": 2779000000,
    "netIncomeRatio": 0.1695649521,
    "eps": 3.73,
    "epsdiluted": 3.72,
    "weightedAverageShsOut": 745000000,
    "weightedAverageShsOutDil": 747000000,
    "link": "https://www.sec.gov/Archives/edgar/data/815097/000081509717000001/0000815097-17-000001-index.htm",
    "finalLink": "https://www.sec.gov/Archives/edgar/data/815097/000081509717000001/a2016form10-kfrontpart.htm"
  },
  {
    "date": "2015-11-30",
    "symbol": "CCL",
    "reportedCurrency": "USD",
    "cik": "0000815097",
    "fillingDate": "2016-01-29",
    "acceptedDate": "2016-01-29 09:13:08",
    "calendarYear": "2015",
    "period": "FY",
    "revenue": 15714000000,
    "costOfRevenue": 9447000000,
    "grossProfit": 6267000000,
    "grossProfitRatio": 0.3988163421,
    "researchAndDevelopmentExpenses": 0,
    "generalAndAdministrativeExpenses": 0,
    "sellingAndMarketingExpenses": 0,
    "sellingGeneralAndAdministrativeExpenses": 2067000000,
    "otherExpenses": 1626000000,
    "operatingExpenses": 3693000000,
    "costAndExpenses": 13140000000,
    "interestIncome": 8000000,
    "interestExpense": 217000000,
    "depreciationAndAmortization": 1626000000,
    "ebitda": 3642000000,
    "ebitdaratio": 0.2317678503,
    "operatingIncome": 2574000000,
    "operatingIncomeRatio": 0.1638029782,
    "totalOtherIncomeExpensesNet": -775000000,
    "incomeBeforeTax": 1799000000,
    "incomeBeforeTaxRatio": 0.1144838997,
    "incomeTaxExpense": 42000000,
    "netIncome": 1757000000,
    "netIncomeRatio": 0.1118111238,
    "eps": 2.26,
    "epsdiluted": 2.26,
    "weightedAverageShsOut": 777000000,
    "weightedAverageShsOutDil": 779000000,
    "link": "https://www.sec.gov/Archives/edgar/data/815097/000081509716000030/0000815097-16-000030-index.htm",
    "finalLink": "https://www.sec.gov/Archives/edgar/data/815097/000081509716000030/a2015form10-kfrontpart.htm"
  },
  {
    "date": "2014-11-30",
    "symbol": "CCL",
    "reportedCurrency": "USD",
    "cik": "0000815097",
    "fillingDate": "2015-01-29",
    "acceptedDate": "2015-01-29 09:44:08",
    "calendarYear": "2014",
    "period": "FY",
    "revenue": 15884000000,
    "costOfRevenue": 10421000000,
    "grossProfit": 5463000000,
    "grossProfitRatio": 0.3439309997,
    "researchAndDevelopmentExpenses": 0,
    "generalAndAdministrativeExpenses": 0,
    "sellingAndMarketingExpenses": 0,
    "sellingGeneralAndAdministrativeExpenses": 2054000000,
    "otherExpenses": 1637000000,
    "operatingExpenses": 3691000000,
    "costAndExpenses": 14112000000,
    "interestIncome": 8000000,
    "interestExpense": 288000000,
    "depreciationAndAmortization": 1637000000,
    "ebitda": 3150000000,
    "ebitdaratio": 0.1983127676,
    "operatingIncome": 1772000000,
    "operatingIncomeRatio": 0.1115588013,
    "totalOtherIncomeExpensesNet": -547000000,
    "incomeBeforeTax": 1225000000,
    "incomeBeforeTaxRatio": 0.0771216318,
    "incomeTaxExpense": 9000000,
    "netIncome": 1216000000,
    "netIncomeRatio": 0.0765550239,
    "eps": 1.59,
    "epsdiluted": 1.59,
    "weightedAverageShsOut": 776000000,
    "weightedAverageShsOutDil": 778000000,
    "link": "https://www.sec.gov/Archives/edgar/data/815097/000081509715000007/0000815097-15-000007-index.htm",
    "finalLink": "https://www.sec.gov/Archives/edgar/data/815097/000081509715000007/a2014form10-kfrontpart.htm"
  },
  {
    "date": "2013-11-30",
    "symbol": "CCL",
    "reportedCurrency": "USD",
    "cik": "0000815097",
    "fillingDate": "2014-01-29",
    "acceptedDate": "2014-01-29 09:07:42",
    "calendarYear": "2013",
    "period": "FY",
    "revenue": 15456000000,
    "costOfRevenue": 10645000000,
    "grossProfit": 4811000000,
    "grossProfitRatio": 0.3112707039,
    "researchAndDevelopmentExpenses": 0,
    "generalAndAdministrativeExpenses": 0,
    "sellingAndMarketingExpenses": 0,
    "sellingGeneralAndAdministrativeExpenses": 1879000000,
    "otherExpenses": 1603000000,
    "operatingExpenses": 3482000000,
    "costAndExpenses": 14127000000,
    "interestIncome": 11000000,
    "interestExpense": 319000000,
    "depreciationAndAmortization": 1590000000,
    "ebitda": 2958000000,
    "ebitdaratio": 0.1913819876,
    "operatingIncome": 1329000000,
    "operatingIncomeRatio": 0.0859860248,
    "totalOtherIncomeExpensesNet": -280000000,
    "incomeBeforeTax": 1049000000,
    "incomeBeforeTaxRatio": 0.0678700828,
    "incomeTaxExpense": -6000000,
    "netIncome": 1055000000,
    "netIncomeRatio": 0.0682582816,
    "eps": 1.39,
    "epsdiluted": 1.39,
    "weightedAverageShsOut": 775000000,
    "weightedAverageShsOutDil": 777000000,
    "link": "https://www.sec.gov/Archives/edgar/data/815097/000119312514025514/0001193125-14-025514-index.htm",
    "finalLink": "https://www.sec.gov/Archives/edgar/data/815097/000119312514025514/d645418d10k.htm"
  },
  {
    "date": "2012-11-30",
    "symbol": "CCL",
    "reportedCurrency": "USD",
    "cik": "0000815097",
    "fillingDate": "2013-01-29",
    "acceptedDate": "2013-01-29 09:18:27",
    "calendarYear": "2012",
    "period": "FY",
    "revenue": 15382000000,
    "costOfRevenue": 10320000000,
    "grossProfit": 5062000000,
    "grossProfitRatio": 0.3290859446,
    "researchAndDevelopmentExpenses": 0,
    "generalAndAdministrativeExpenses": 0,
    "sellingAndMarketingExpenses": 0,
    "sellingGeneralAndAdministrativeExpenses": 1720000000,
    "otherExpenses": 1700000000,
    "operatingExpenses": 3420000000,
    "costAndExpenses": 13740000000,
    "interestIncome": 10000000,
    "interestExpense": 336000000,
    "depreciationAndAmortization": 1527000000,
    "ebitda": 3165000000,
    "ebitdaratio": 0.2057599792,
    "operatingIncome": 1642000000,
    "operatingIncomeRatio": 0.1067481472,
    "totalOtherIncomeExpensesNet": -340000000,
    "incomeBeforeTax": 1302000000,
    "incomeBeforeTaxRatio": 0.0846443895,
    "incomeTaxExpense": 4000000,
    "netIncome": 1298000000,
    "netIncomeRatio": 0.0843843453,
    "eps": 1.67,
    "epsdiluted": 1.67,
    "weightedAverageShsOut": 778000000,
    "weightedAverageShsOutDil": 779000000,
    "link": "https://www.sec.gov/Archives/edgar/data/815097/000119312513027239/0001193125-13-027239-index.htm",
    "finalLink": "https://www.sec.gov/Archives/edgar/data/815097/000119312513027239/d387954d10k.htm"
  },
  {
    "date": "2011-11-30",
    "symbol": "CCL",
    "reportedCurrency": "USD",
    "cik": "0000815097",
    "fillingDate": "2012-01-30",
    "acceptedDate": "2012-01-30 09:17:14",
    "calendarYear": "2011",
    "period": "FY",
    "revenue": 15793000000,
    "costOfRevenue": 10299000000,
    "grossProfit": 5494000000,
    "grossProfitRatio": 0.3478756411,
    "researchAndDevelopmentExpenses": 0,
    "generalAndAdministrativeExpenses": 0,
    "sellingAndMarketingExpenses": 0,
    "sellingGeneralAndAdministrativeExpenses": 1717000000,
    "otherExpenses": 1522000000,
    "operatingExpenses": 3239000000,
    "costAndExpenses": 13538000000,
    "interestIncome": 11000000,
    "interestExpense": 365000000,
    "depreciationAndAmortization": 1522000000,
    "ebitda": 3799000000,
    "ebitdaratio": 0.2405496106,
    "operatingIncome": 2255000000,
    "operatingIncomeRatio": 0.1427847781,
    "totalOtherIncomeExpensesNet": -343000000,
    "incomeBeforeTax": 1912000000,
    "incomeBeforeTaxRatio": 0.1210662952,
    "incomeTaxExpense": 0,
    "netIncome": 1912000000,
    "netIncomeRatio": 0.1210662952,
    "eps": 2.43,
    "epsdiluted": 2.42,
    "weightedAverageShsOut": 787000000,
    "weightedAverageShsOutDil": 789000000,
    "link": "https://www.sec.gov/Archives/edgar/data/815097/000119312512028375/0001193125-12-028375-index.htm",
    "finalLink": "https://www.sec.gov/Archives/edgar/data/815097/000119312512028375/d254914d10k.htm"
  },
  {
    "date": "2010-11-30",
    "symbol": "CCL",
    "reportedCurrency": "USD",
    "cik": "0000815097",
    "fillingDate": "2011-01-31",
    "acceptedDate": "2011-01-31 09:35:28",
    "calendarYear": "2010",
    "period": "FY",
    "revenue": 14469000000,
    "costOfRevenue": 9092000000,
    "grossProfit": 5377000000,
    "grossProfitRatio": 0.3716220886,
    "researchAndDevelopmentExpenses": 0,
    "generalAndAdministrativeExpenses": 0,
    "sellingAndMarketingExpenses": 0,
    "sellingGeneralAndAdministrativeExpenses": 1614000000,
    "otherExpenses": 1416000000,
    "operatingExpenses": 3030000000,
    "costAndExpenses": 12122000000,
    "interestIncome": 12000000,
    "interestExpense": 378000000,
    "depreciationAndAmortization": 1416000000,
    "ebitda": 3773000000,
    "ebitdaratio": 0.2607643928,
    "operatingIncome": 2347000000,
    "operatingIncomeRatio": 0.1622088603,
    "totalOtherIncomeExpensesNet": -368000000,
    "incomeBeforeTax": 1979000000,
    "incomeBeforeTaxRatio": 0.1367751745,
    "incomeTaxExpense": 1000000,
    "netIncome": 1978000000,
    "netIncomeRatio": 0.1367060612,
    "eps": 2.51,
    "epsdiluted": 2.47,
    "weightedAverageShsOut": 788000000,
    "weightedAverageShsOutDil": 805000000,
    "link": "https://www.sec.gov/Archives/edgar/data/815097/000119312511018320/0001193125-11-018320-index.htm",
    "finalLink": "https://www.sec.gov/Archives/edgar/data/815097/000119312511018320/d10k.htm"
  },
  {
    "date": "2009-11-30",
    "symbol": "CCL",
    "reportedCurrency": "USD",
    "cik": "0000815097",
    "fillingDate": "2010-01-29",
    "acceptedDate": "2010-01-29 09:02:19",
    "calendarYear": "2009",
    "period": "FY",
    "revenue": 13460000000,
    "costOfRevenue": 8407000000,
    "grossProfit": 5053000000,
    "grossProfitRatio": 0.3754086181,
    "researchAndDevelopmentExpenses": 0,
    "generalAndAdministrativeExpenses": 0,
    "sellingAndMarketingExpenses": 0,
    "sellingGeneralAndAdministrativeExpenses": 1590000000,
    "otherExpenses": 1309000000,
    "operatingExpenses": 2899000000,
    "costAndExpenses": 11306000000,
    "interestIncome": 14000000,
    "interestExpense": 380000000,
    "depreciationAndAmortization": 1309000000,
    "ebitda": 3495000000,
    "ebitdaratio": 0.2596582467,
    "operatingIncome": 2154000000,
    "operatingIncomeRatio": 0.1600297177,
    "totalOtherIncomeExpensesNet": -348000000,
    "incomeBeforeTax": 1806000000,
    "incomeBeforeTaxRatio": 0.1341753343,
    "incomeTaxExpense": 16000000,
    "netIncome": 1790000000,
    "netIncomeRatio": 0.132986627,
    "eps": 2.27,
    "epsdiluted": 2.24,
    "weightedAverageShsOut": 787000000,
    "weightedAverageShsOutDil": 804000000,
    "link": "https://www.sec.gov/Archives/edgar/data/815097/000119312510016470/0001193125-10-016470-index.htm",
    "finalLink": "https://www.sec.gov/Archives/edgar/data/815097/000119312510016470/d10k.htm"
  },
  {
    "date": "2008-11-30",
    "symbol": "CCL",
    "reportedCurrency": "USD",
    "cik": "0000815097",
    "fillingDate": "2009-01-29",
    "acceptedDate": "2009-01-29 10:10:27",
    "calendarYear": "2008",
    "period": "FY",
    "revenue": 14947000000,
    "costOfRevenue": 9340000000,
    "grossProfit": 5607000000,
    "grossProfitRatio": 0.3751254432,
    "researchAndDevelopmentExpenses": 0,
    "generalAndAdministrativeExpenses": 0,
    "sellingAndMarketingExpenses": 0,
    "sellingGeneralAndAdministrativeExpenses": 1629000000,
    "otherExpenses": 1249000000,
    "operatingExpenses": 2878000000,
    "costAndExpenses": 12218000000,
    "interestIncome": 35000000,
    "interestExpense": 420000000,
    "depreciationAndAmortization": 1249000000,
    "ebitda": 4040000000,
    "ebitdaratio": 0.2702883522,
    "operatingIncome": 2729000000,
    "operatingIncomeRatio": 0.1825784438,
    "totalOtherIncomeExpensesNet": -358000000,
    "incomeBeforeTax": 2371000000,
    "incomeBeforeTaxRatio": 0.1586271493,
    "incomeTaxExpense": 47000000,
    "netIncome": 2324000000,
    "netIncomeRatio": 0.1554827056,
    "eps": 2.96,
    "epsdiluted": 2.9,
    "weightedAverageShsOut": 786000000,
    "weightedAverageShsOutDil": 816000000,
    "link": "https://www.sec.gov/Archives/edgar/data/815097/000119312509013746/0001193125-09-013746-index.htm",
    "finalLink": "https://www.sec.gov/Archives/edgar/data/815097/000119312509013746/d10k.htm"
  },
  {
    "date": "2007-11-30",
    "symbol": "CCL",
    "reportedCurrency": "USD",
    "cik": "0000815097",
    "fillingDate": "2008-01-29",
    "acceptedDate": "2008-01-29 09:11:11",
    "calendarYear": "2007",
    "period": "FY",
    "revenue": 13033000000,
    "costOfRevenue": 7628000000,
    "grossProfit": 5405000000,
    "grossProfitRatio": 0.4147164889,
    "researchAndDevelopmentExpenses": 0,
    "generalAndAdministrativeExpenses": 0,
    "sellingAndMarketingExpenses": 0,
    "sellingGeneralAndAdministrativeExpenses": 1579000000,
    "otherExpenses": 1101000000,
    "operatingExpenses": 2680000000,
    "costAndExpenses": 10308000000,
    "interestIncome": 67000000,
    "interestExpense": 367000000,
    "depreciationAndAmortization": 1101000000,
    "ebitda": 3892000000,
    "ebitdaratio": 0.2986265633,
    "operatingIncome": 2725000000,
    "operatingIncomeRatio": 0.2090846313,
    "totalOtherIncomeExpensesNet": -301000000,
    "incomeBeforeTax": 2424000000,
    "incomeBeforeTaxRatio": 0.1859894115,
    "incomeTaxExpense": 16000000,
    "netIncome": 2408000000,
    "netIncomeRatio": 0.1847617586,
    "eps": 3.04,
    "epsdiluted": 2.95,
    "weightedAverageShsOut": 793000000,
    "weightedAverageShsOutDil": 828000000,
    "link": "https://www.sec.gov/Archives/edgar/data/815097/000116923208000308/0001169232-08-000308-index.htm",
    "finalLink": "https://www.sec.gov/Archives/edgar/data/815097/000116923208000308/d73197_10-k.htm"
  },
  {
    "date": "2006-11-30",
    "symbol": "CCL",
    "reportedCurrency": "USD",
    "cik": "0000815097",
    "fillingDate": "2007-02-12",
    "acceptedDate": "2007-02-12 09:02:18",
    "calendarYear": "2006",
    "period": "FY",
    "revenue": 11839000000,
    "costOfRevenue": 6791000000,
    "grossProfit": 5048000000,
    "grossProfitRatio": 0.4263873638,
    "researchAndDevelopmentExpenses": 0,
    "generalAndAdministrativeExpenses": 0,
    "sellingAndMarketingExpenses": 0,
    "sellingGeneralAndAdministrativeExpenses": 1447000000,
    "otherExpenses": 988000000,
    "operatingExpenses": 2435000000,
    "costAndExpenses": 9226000000,
    "interestIncome": 0,
    "interestExpense": 0,
    "depreciationAndAmortization": 988000000,
    "ebitda": 3601000000,
    "ebitdaratio": 0.3041642031,
    "operatingIncome": 2613000000,
    "operatingIncomeRatio": 0.2207112087,
    "totalOtherIncomeExpensesNet": -295000000,
    "incomeBeforeTax": 2318000000,
    "incomeBeforeTaxRatio": 0.1957935636,
    "incomeTaxExpense": 39000000,
    "netIncome": 2279000000,
    "netIncomeRatio": 0.1924993665,
    "eps": 2.85,
    "epsdiluted": 2.77,
    "weightedAverageShsOut": 799649000,
    "weightedAverageShsOutDil": 822744000,
    "link": "https://www.sec.gov/Archives/edgar/data/815097/000116923207000579/0001169232-07-000579-index.htm",
    "finalLink": "https://www.sec.gov/Archives/edgar/data/815097/000116923207000579/d0770672_10-k.txt"
  },
  {
    "date": "2005-11-30",
    "symbol": "CCL",
    "reportedCurrency": "USD",
    "cik": "0000815097",
    "fillingDate": "2006-02-09",
    "acceptedDate": "2006-02-09 11:43:49",
    "calendarYear": "2005",
    "period": "FY",
    "revenue": 11094000000,
    "costOfRevenue": 6218000000,
    "grossProfit": 4876000000,
    "grossProfitRatio": 0.439516856,
    "researchAndDevelopmentExpenses": 0,
    "generalAndAdministrativeExpenses": 0,
    "sellingAndMarketingExpenses": 0,
    "sellingGeneralAndAdministrativeExpenses": 1335000000,
    "otherExpenses": 902000000,
    "operatingExpenses": 2237000000,
    "costAndExpenses": 8455000000,
    "interestIncome": 0,
    "interestExpense": 0,
    "depreciationAndAmortization": 902000000,
    "ebitda": 3541000000,
    "ebitdaratio": 0.3191815396,
    "operatingIncome": 2639000000,
    "operatingIncomeRatio": 0.2378763295,
    "totalOtherIncomeExpensesNet": -314000000,
    "incomeBeforeTax": 2325000000,
    "incomeBeforeTaxRatio": 0.209572742,
    "incomeTaxExpense": 72000000,
    "netIncome": 2253000000,
    "netIncomeRatio": 0.2030827474,
    "eps": 2.8,
    "epsdiluted": 2.7,
    "weightedAverageShsOut": 804643000,
    "weightedAverageShsOutDil": 834444000,
    "link": "https://www.sec.gov/Archives/edgar/data/815097/000116923206000521/0001169232-06-000521-index.htm",
    "finalLink": "https://www.sec.gov/Archives/edgar/data/815097/000116923206000521/d66078_10k.txt"
  },
  {
    "date": "2004-11-30",
    "symbol": "CCL",
    "reportedCurrency": "USD",
    "cik": "0000815097",
    "fillingDate": "2005-02-14",
    "acceptedDate": "2005-02-14 15:52:43",
    "calendarYear": "2004",
    "period": "FY",
    "revenue": 9727000000,
    "costOfRevenue": 5457000000,
    "grossProfit": 4270000000,
    "grossProfitRatio": 0.4389842706,
    "researchAndDevelopmentExpenses": 0,
    "generalAndAdministrativeExpenses": 0,
    "sellingAndMarketingExpenses": 0,
    "sellingGeneralAndAdministrativeExpenses": 1285000000,
    "otherExpenses": 812000000,
    "operatingExpenses": 2097000000,
    "costAndExpenses": 7554000000,
    "interestIncome": 0,
    "interestExpense": 0,
    "depreciationAndAmortization": 812000000,
    "ebitda": 2985000000,
    "ebitdaratio": 0.3068777629,
    "operatingIncome": 2173000000,
    "operatingIncomeRatio": 0.2233987869,
    "totalOtherIncomeExpensesNet": -272000000,
    "incomeBeforeTax": 1901000000,
    "incomeBeforeTaxRatio": 0.195435386,
    "incomeTaxExpense": 47000000,
    "netIncome": 1854000000,
    "netIncomeRatio": 0.1906034749,
    "eps": 2.31,
    "epsdiluted": 2.24,
    "weightedAverageShsOut": 802597000,
    "weightedAverageShsOutDil": 827679000,
    "link": "https://www.sec.gov/Archives/edgar/data/815097/000116923205000926/0001169232-05-000926-index.htm",
    "finalLink": "https://www.sec.gov/Archives/edgar/data/815097/000116923205000926/d61873_10k.txt"
  },
  {
    "date": "2003-11-30",
    "symbol": "CCL",
    "reportedCurrency": "USD",
    "cik": "0000815097",
    "fillingDate": "2004-02-25",
    "acceptedDate": "2004-02-25 08:37:28",
    "calendarYear": "2003",
    "period": "FY",
    "revenue": 6718000000,
    "costOfRevenue": 3818000000,
    "grossProfit": 2900000000,
    "grossProfitRatio": 0.4316760941,
    "researchAndDevelopmentExpenses": 0,
    "generalAndAdministrativeExpenses": 0,
    "sellingAndMarketingExpenses": 0,
    "sellingGeneralAndAdministrativeExpenses": 932000000,
    "otherExpenses": 592000000,
    "operatingExpenses": 1524000000,
    "costAndExpenses": 5342000000,
    "interestIncome": 0,
    "interestExpense": 0,
    "depreciationAndAmortization": 585000000,
    "ebitda": 6718000000,
    "ebitdaratio": 1,
    "operatingIncome": 1376000000,
    "operatingIncomeRatio": 0.2048228639,
    "totalOtherIncomeExpensesNet": -153000000,
    "incomeBeforeTax": 1223000000,
    "incomeBeforeTaxRatio": 0.1820482286,
    "incomeTaxExpense": 29000000,
    "netIncome": 1187000000,
    "netIncomeRatio": 0.1766894909,
    "eps": 1.65,
    "epsdiluted": 1.62,
    "weightedAverageShsOut": 719394000,
    "weightedAverageShsOutDil": 732716000,
    "link": "https://www.sec.gov/Archives/edgar/data/815097/000116923204001307/0001169232-04-001307-index.htm",
    "finalLink": "https://www.sec.gov/Archives/edgar/data/815097/000116923204001307/d58480_10-k.txt"
  },
  {
    "date": "2002-11-30",
    "symbol": "CCL",
    "reportedCurrency": "USD",
    "cik": "0000815097",
    "fillingDate": "2003-02-18",
    "acceptedDate": "2003-02-18 08:28:08",
    "calendarYear": "2002",
    "period": "FY",
    "revenue": 4383000000,
    "costOfRevenue": 2330000000,
    "grossProfit": 2053000000,
    "grossProfitRatio": 0.4684006388,
    "researchAndDevelopmentExpenses": 0,
    "generalAndAdministrativeExpenses": 0,
    "sellingAndMarketingExpenses": 0,
    "sellingGeneralAndAdministrativeExpenses": 609000000,
    "otherExpenses": 407000000,
    "operatingExpenses": 1016000000,
    "costAndExpenses": 3346000000,
    "interestIncome": 0,
    "interestExpense": 0,
    "depreciationAndAmortization": -382000000,
    "ebitda": -886000000,
    "ebitdaratio": -0.2021446498,
    "operatingIncome": 1037000000,
    "operatingIncomeRatio": 0.2365959389,
    "totalOtherIncomeExpensesNet": -78000000,
    "incomeBeforeTax": 959000000,
    "incomeBeforeTaxRatio": 0.2187999087,
    "incomeTaxExpense": -57000000,
    "netIncome": 1016000000,
    "netIncomeRatio": 0.2318047,
    "eps": 1.72,
    "epsdiluted": 1.68,
    "weightedAverageShsOut": 590698000,
    "weightedAverageShsOutDil": 604762000,
    "link": "https://www.sec.gov/Archives/edgar/data/815097/000081509703000005/0000815097-03-000005-index.htm",
    "finalLink": "https://www.sec.gov/Archives/edgar/data/815097/000081509703000005/nov02_10k.txt"
  },
  {
    "date": "2001-11-30",
    "symbol": "CCL",
    "reportedCurrency": "USD",
    "cik": "0000815097",
    "fillingDate": "2002-02-28",
    "acceptedDate": "2002-02-28 00:00:00",
    "calendarYear": "2001",
    "period": "FY",
    "revenue": 4549000000,
    "costOfRevenue": 2482000000,
    "grossProfit": 2067000000,
    "grossProfitRatio": 0.4543855792,
    "researchAndDevelopmentExpenses": 0,
    "generalAndAdministrativeExpenses": 0,
    "sellingAndMarketingExpenses": 0,
    "sellingGeneralAndAdministrativeExpenses": 619000000,
    "otherExpenses": 556000000,
    "operatingExpenses": 1175000000,
    "costAndExpenses": 3657000000,
    "interestIncome": 0,
    "interestExpense": 0,
    "depreciationAndAmortization": -372000000,
    "ebitda": -1078000000,
    "ebitdaratio": -0.2369751594,
    "operatingIncome": 892000000,
    "operatingIncomeRatio": 0.1960870521,
    "totalOtherIncomeExpensesNet": 22000000,
    "incomeBeforeTax": 914000000,
    "incomeBeforeTaxRatio": 0.2009232798,
    "incomeTaxExpense": -12000000,
    "netIncome": 926000000,
    "netIncomeRatio": 0.2035612222,
    "eps": 1.58,
    "epsdiluted": 1.57,
    "weightedAverageShsOut": 586076000,
    "weightedAverageShsOutDil": 589809000,
    "link": "https://www.sec.gov/Archives/edgar/data/815097/000081509702000012/0000815097-02-000012-index.htm",
    "finalLink": "https://www.sec.gov/Archives/edgar/data/815097/000081509702000012/nov-10k_fy2001.txt"
  },
  {
    "date": "2000-11-30",
    "symbol": "CCL",
    "reportedCurrency": "USD",
    "cik": "0000815097",
    "fillingDate": "2001-02-28",
    "acceptedDate": "2001-02-28 00:00:00",
    "calendarYear": "2000",
    "period": "FY",
    "revenue": 3791000000,
    "costOfRevenue": 2808000000,
    "grossProfit": 983000000,
    "grossProfitRatio": 0.2592983382,
    "researchAndDevelopmentExpenses": 0,
    "generalAndAdministrativeExpenses": 0,
    "sellingAndMarketingExpenses": 0,
    "sellingGeneralAndAdministrativeExpenses": 487403000,
    "otherExpenses": -487403000,
    "operatingExpenses": 0,
    "costAndExpenses": 2808000000,
    "interestIncome": 0,
    "interestExpense": 0,
    "depreciationAndAmortization": -287667000,
    "ebitda": 1270667000,
    "ebitdaratio": 0.3351798998,
    "operatingIncome": 983000000,
    "operatingIncomeRatio": 0.2592983382,
    "totalOtherIncomeExpensesNet": -16448000,
    "incomeBeforeTax": 966552000,
    "incomeBeforeTaxRatio": 0.2549596413,
    "incomeTaxExpense": 1094000,
    "netIncome": 965000000,
    "netIncomeRatio": 0.2545502506,
    "eps": 1.61,
    "epsdiluted": 1.6,
    "weightedAverageShsOut": 599379000,
    "weightedAverageShsOutDil": 603125000,
    "link": "https://www.sec.gov/Archives/edgar/data/815097/000081509701000003/0000815097-01-000003-index.htm",
    "finalLink": "https://www.sec.gov/Archives/edgar/data/815097/000081509701000003/0000815097-01-000003-0001.txt"
  },
  {
    "date": "1999-11-30",
    "symbol": "CCL",
    "reportedCurrency": "USD",
    "cik": "0000815097",
    "fillingDate": "2000-02-28",
    "acceptedDate": "2000-02-28 00:00:00",
    "calendarYear": "1999",
    "period": "FY",
    "revenue": 3509000000,
    "costOfRevenue": 2489000000,
    "grossProfit": 1020000000,
    "grossProfitRatio": 0.2906811057,
    "researchAndDevelopmentExpenses": 0,
    "generalAndAdministrativeExpenses": 0,
    "sellingAndMarketingExpenses": 0,
    "sellingGeneralAndAdministrativeExpenses": 447200000,
    "otherExpenses": -447200000,
    "operatingExpenses": 0,
    "costAndExpenses": 2489000000,
    "interestIncome": 0,
    "interestExpense": 0,
    "depreciationAndAmortization": -243700000,
    "ebitda": 1263700000,
    "ebitdaratio": 0.3601310915,
    "operatingIncome": 1020000000,
    "operatingIncomeRatio": 0.2906811057,
    "totalOtherIncomeExpensesNet": 10000000,
    "incomeBeforeTax": 1030000000,
    "incomeBeforeTaxRatio": 0.2935309205,
    "incomeTaxExpense": 2800000,
    "netIncome": 1027000000,
    "netIncomeRatio": 0.2926759761,
    "eps": 1.68,
    "epsdiluted": 1.66,
    "weightedAverageShsOut": 611310000,
    "weightedAverageShsOutDil": 618675000,
    "link": "https://www.sec.gov/Archives/edgar/data/815097/000081509700000001/0000815097-00-000001-index.html",
    "finalLink": "https://www.sec.gov/Archives/edgar/data/815097/000081509700000001/"
  },
  {
    "date": "1998-11-30",
    "symbol": "CCL",
    "reportedCurrency": "USD",
    "cik": "0000815097",
    "fillingDate": "1999-02-25",
    "acceptedDate": "1999-02-25 00:00:00",
    "calendarYear": "1998",
    "period": "FY",
    "revenue": 3009306000,
    "costOfRevenue": 1619377000,
    "grossProfit": 1389929000,
    "grossProfitRatio": 0.4618769244,
    "researchAndDevelopmentExpenses": 0,
    "generalAndAdministrativeExpenses": 0,
    "sellingAndMarketingExpenses": 0,
    "sellingGeneralAndAdministrativeExpenses": 369469000,
    "otherExpenses": 123936000,
    "operatingExpenses": 493405000,
    "costAndExpenses": 2112782000,
    "interestIncome": 0,
    "interestExpense": 0,
    "depreciationAndAmortization": 200668000,
    "ebitda": 1020460000,
    "ebitdaratio": 0.3391014407,
    "operatingIncome": 896524000,
    "operatingIncomeRatio": 0.2979171942,
    "totalOtherIncomeExpensesNet": -56809000,
    "incomeBeforeTax": 839715000,
    "incomeBeforeTaxRatio": 0.2790394197,
    "incomeTaxExpense": 3815000,
    "netIncome": 835885000,
    "netIncomeRatio": 0.277766701,
    "eps": 1.4,
    "epsdiluted": 1.4,
    "weightedAverageShsOut": 597061000,
    "weightedAverageShsOutDil": 597061000,
    "link": "https://www.sec.gov/Archives/edgar/data/815097/000081509799000003/0000815097-99-000003-index.html",
    "finalLink": "https://www.sec.gov/Archives/edgar/data/815097/"
  },
  {
    "date": "1997-11-30",
    "symbol": "CCL",
    "reportedCurrency": "USD",
    "cik": "0000815097",
    "fillingDate": "1998-02-27",
    "acceptedDate": "1998-02-27 00:00:00",
    "calendarYear": "1997",
    "period": "FY",
    "revenue": 2447468000,
    "costOfRevenue": 1322669000,
    "grossProfit": 1124799000,
    "grossProfitRatio": 0.459576591,
    "researchAndDevelopmentExpenses": 0,
    "generalAndAdministrativeExpenses": 0,
    "sellingAndMarketingExpenses": 0,
    "sellingGeneralAndAdministrativeExpenses": 296533000,
    "otherExpenses": 114196000,
    "operatingExpenses": 410729000,
    "costAndExpenses": 1733398000,
    "interestIncome": 0,
    "interestExpense": 0,
    "depreciationAndAmortization": 167287000,
    "ebitda": 828266000,
    "ebitdaratio": 0.3384174992,
    "operatingIncome": 714070000,
    "operatingIncomeRatio": 0.2917586665,
    "totalOtherIncomeExpensesNet": -41787000,
    "incomeBeforeTax": 672283000,
    "incomeBeforeTaxRatio": 0.2746851031,
    "incomeTaxExpense": 6233000,
    "netIncome": 666050000,
    "netIncomeRatio": 0.2721383896,
    "eps": 1.12,
    "epsdiluted": 1.12,
    "weightedAverageShsOut": 597354000,
    "weightedAverageShsOutDil": 580003500,
    "link": "https://www.sec.gov/Archives/edgar/data/815097/000081509798000005/0000815097-98-000005-index.html",
    "finalLink": "https://www.sec.gov/Archives/edgar/data/815097/"
  },
  {
    "date": "1996-11-30",
    "symbol": "CCL",
    "reportedCurrency": "USD",
    "cik": "0000815097",
    "fillingDate": "1997-02-28",
    "acceptedDate": "1997-02-28 00:00:00",
    "calendarYear": "1996",
    "period": "FY",
    "revenue": 2212572000,
    "costOfRevenue": 1241269000,
    "grossProfit": 971303000,
    "grossProfitRatio": 0.4389927198,
    "researchAndDevelopmentExpenses": 0,
    "generalAndAdministrativeExpenses": 0,
    "sellingAndMarketingExpenses": 0,
    "sellingGeneralAndAdministrativeExpenses": 274855000,
    "otherExpenses": 99020000,
    "operatingExpenses": 373875000,
    "costAndExpenses": 1615144000,
    "interestIncome": 0,
    "interestExpense": 0,
    "depreciationAndAmortization": 144987000,
    "ebitda": 696448000,
    "ebitdaratio": 0.3147685137,
    "operatingIncome": 597428000,
    "operatingIncomeRatio": 0.2700151679,
    "totalOtherIncomeExpensesNet": -22081000,
    "incomeBeforeTax": 575347000,
    "incomeBeforeTaxRatio": 0.2600353796,
    "incomeTaxExpense": 9045000,
    "netIncome": 566302000,
    "netIncomeRatio": 0.2559473771,
    "eps": 0.48,
    "epsdiluted": 0.98,
    "weightedAverageShsOut": 1189492500,
    "weightedAverageShsOutDil": 580003500,
    "link": "https://www.sec.gov/Archives/edgar/data/815097/000081509797000001/0000815097-97-000001-index.html",
    "finalLink": "https://www.sec.gov/Archives/edgar/data/815097/"
  },
  {
    "date": "1995-11-30",
    "symbol": "CCL",
    "reportedCurrency": "USD",
    "cik": "0000815097",
    "fillingDate": "1996-01-26",
    "acceptedDate": "1996-01-26 00:00:00",
    "calendarYear": "1995",
    "period": "FY",
    "revenue": 1998150000,
    "costOfRevenue": 1131113000,
    "grossProfit": 867037000,
    "grossProfitRatio": 0.4339198759,
    "researchAndDevelopmentExpenses": 0,
    "generalAndAdministrativeExpenses": 0,
    "sellingAndMarketingExpenses": 0,
    "sellingGeneralAndAdministrativeExpenses": 248566000,
    "otherExpenses": 128433000,
    "operatingExpenses": 376999000,
    "costAndExpenses": 1508112000,
    "interestIncome": 0,
    "interestExpense": 0,
    "depreciationAndAmortization": 128433000,
    "ebitda": 618471000,
    "ebitdaratio": 0.3095218077,
    "operatingIncome": 490038000,
    "operatingIncomeRatio": 0.2452458524,
    "totalOtherIncomeExpensesNet": -29573000,
    "incomeBeforeTax": 460465000,
    "incomeBeforeTaxRatio": 0.2304456622,
    "incomeTaxExpense": 9374000,
    "netIncome": 451091000,
    "netIncomeRatio": 0.2257543227,
    "eps": 0.4,
    "epsdiluted": 0.8,
    "weightedAverageShsOut": 1125689500,
    "weightedAverageShsOutDil": 580003500,
    "link": "https://www.sec.gov/Archives/edgar/data/815097/000081509796000001/0000815097-96-000001-index.html",
    "finalLink": "https://www.sec.gov/Archives/edgar/data/815097/"
  },
  {
    "date": "1994-11-30",
    "symbol": "CCL",
    "reportedCurrency": "USD",
    "cik": "0000815097",
    "fillingDate": "1995-02-24",
    "acceptedDate": "1995-02-24 00:00:00",
    "calendarYear": "1994",
    "period": "FY",
    "revenue": 1806016000,
    "costOfRevenue": 1028475000,
    "grossProfit": 777541000,
    "grossProfitRatio": 0.430528301,
    "researchAndDevelopmentExpenses": 0,
    "generalAndAdministrativeExpenses": 0,
    "sellingAndMarketingExpenses": 0,
    "sellingGeneralAndAdministrativeExpenses": 223272000,
    "otherExpenses": 110595000,
    "operatingExpenses": 333867000,
    "costAndExpenses": 1362342000,
    "interestIncome": 0,
    "interestExpense": 0,
    "depreciationAndAmortization": 110595000,
    "ebitda": 554269000,
    "ebitdaratio": 0.3069014892,
    "operatingIncome": 443674000,
    "operatingIncomeRatio": 0.2456644902,
    "totalOtherIncomeExpensesNet": -51856000,
    "incomeBeforeTax": 391818000,
    "incomeBeforeTaxRatio": 0.2169515663,
    "incomeTaxExpense": 10053000,
    "netIncome": 381765000,
    "netIncomeRatio": 0.2113851705,
    "eps": 0.34,
    "epsdiluted": 0.34,
    "weightedAverageShsOut": 565064000,
    "weightedAverageShsOutDil": 565064000,
    "link": "https://www.sec.gov/Archives/edgar/data/815097/000095014495000480/0000950144-95-000480-index.html",
    "finalLink": "https://www.sec.gov/Archives/edgar/data/815097/"
  },
  {
    "date": "1993-11-30",
    "symbol": "CCL",
    "reportedCurrency": "USD",
    "cik": "0000815097",
    "fillingDate": "1993-11-30",
    "acceptedDate": "1993-11-30 00:00:00",
    "calendarYear": "1993",
    "period": "FY",
    "revenue": 1556900000,
    "costOfRevenue": 907900000,
    "grossProfit": 649000000,
    "grossProfitRatio": 0.4168540048,
    "researchAndDevelopmentExpenses": 0,
    "generalAndAdministrativeExpenses": 0,
    "sellingAndMarketingExpenses": 0,
    "sellingGeneralAndAdministrativeExpenses": 208000000,
    "otherExpenses": 441000000,
    "operatingExpenses": 649000000,
    "costAndExpenses": 1556900000,
    "interestIncome": 0,
    "interestExpense": 0,
    "depreciationAndAmortization": -93300000,
    "ebitda": 441000000,
    "ebitdaratio": 0.2832551866,
    "operatingIncome": 347700000,
    "operatingIncomeRatio": 0.223328409,
    "totalOtherIncomeExpensesNet": -24000000,
    "incomeBeforeTax": 323700000,
    "incomeBeforeTaxRatio": 0.2079131608,
    "incomeTaxExpense": 5500000,
    "netIncome": 318200000,
    "netIncomeRatio": 0.2043804997,
    "eps": 0.14,
    "epsdiluted": 0.14,
    "weightedAverageShsOut": 564668000,
    "weightedAverageShsOutDil": 564668000,
    "link": null,
    "finalLink": null
  },
  {
    "date": "1992-11-30",
    "symbol": "CCL",
    "reportedCurrency": "USD",
    "cik": "0000815097",
    "fillingDate": "1992-11-30",
    "acceptedDate": "1992-11-30 00:00:00",
    "calendarYear": "1992",
    "period": "FY",
    "revenue": 1473600000,
    "costOfRevenue": 865600000,
    "grossProfit": 608000000,
    "grossProfitRatio": 0.4125950054,
    "researchAndDevelopmentExpenses": 0,
    "generalAndAdministrativeExpenses": 0,
    "sellingAndMarketingExpenses": 0,
    "sellingGeneralAndAdministrativeExpenses": 194300000,
    "otherExpenses": 413700000,
    "operatingExpenses": 608000000,
    "costAndExpenses": 1473600000,
    "interestIncome": 0,
    "interestExpense": 0,
    "depreciationAndAmortization": -88800000,
    "ebitda": 413700000,
    "ebitdaratio": 0.2807410423,
    "operatingIncome": 324900000,
    "operatingIncomeRatio": 0.220480456,
    "totalOtherIncomeExpensesNet": -34100000,
    "incomeBeforeTax": 290800000,
    "incomeBeforeTaxRatio": 0.197339848,
    "incomeTaxExpense": 9000000,
    "netIncome": 276600000,
    "netIncomeRatio": 0.1877035831,
    "eps": 0.12,
    "epsdiluted": 0.12,
    "weightedAverageShsOut": 564276000,
    "weightedAverageShsOutDil": 564276000,
    "link": null,
    "finalLink": null
  },
  {
    "date": "1991-11-30",
    "symbol": "CCL",
    "reportedCurrency": "USD",
    "cik": "0000815097",
    "fillingDate": "1991-11-30",
    "acceptedDate": "1991-11-30 00:00:00",
    "calendarYear": "1991",
    "period": "FY",
    "revenue": 1404700000,
    "costOfRevenue": 810300000,
    "grossProfit": 594400000,
    "grossProfitRatio": 0.4231508507,
    "researchAndDevelopmentExpenses": 0,
    "generalAndAdministrativeExpenses": 0,
    "sellingAndMarketingExpenses": 0,
    "sellingGeneralAndAdministrativeExpenses": 193300000,
    "otherExpenses": 401100000,
    "operatingExpenses": 594400000,
    "costAndExpenses": 1404700000,
    "interestIncome": 0,
    "interestExpense": 0,
    "depreciationAndAmortization": -85200000,
    "ebitda": 401100000,
    "ebitdaratio": 0.2855413967,
    "operatingIncome": 315900000,
    "operatingIncomeRatio": 0.2248878764,
    "totalOtherIncomeExpensesNet": -53100000,
    "incomeBeforeTax": 262800000,
    "incomeBeforeTaxRatio": 0.1870862106,
    "incomeTaxExpense": 9000000,
    "netIncome": 85000000,
    "netIncomeRatio": 0.0605111412,
    "eps": 0.04,
    "epsdiluted": 0.04,
    "weightedAverageShsOut": 562376000,
    "weightedAverageShsOutDil": 562376000,
    "link": null,
    "finalLink": null
  },
  {
    "date": "1990-11-30",
    "symbol": "CCL",
    "reportedCurrency": "USD",
    "cik": "0000815097",
    "fillingDate": "1990-11-30",
    "acceptedDate": "1990-11-29 19:00:00",
    "calendarYear": "1990",
    "period": "FY",
    "revenue": 1391300000,
    "costOfRevenue": 815100000,
    "grossProfit": 576200000,
    "grossProfitRatio": 0.4141450442,
    "researchAndDevelopmentExpenses": 0,
    "generalAndAdministrativeExpenses": 0,
    "sellingAndMarketingExpenses": 0,
    "sellingGeneralAndAdministrativeExpenses": 216800000,
    "otherExpenses": 359400000,
    "operatingExpenses": 576200000,
    "costAndExpenses": 1391300000,
    "interestIncome": 0,
    "interestExpense": 0,
    "depreciationAndAmortization": 89900000,
    "ebitda": 359400000,
    "ebitdaratio": 0.2583195572,
    "operatingIncome": 269500000,
    "operatingIncomeRatio": 0.1937037303,
    "totalOtherIncomeExpensesNet": -58800000,
    "incomeBeforeTax": 210700000,
    "incomeBeforeTaxRatio": 0.1514410983,
    "incomeTaxExpense": 4500000,
    "netIncome": 206200000,
    "netIncomeRatio": 0.1482067131,
    "eps": 0.0975,
    "epsdiluted": 0.0975,
    "weightedAverageShsOut": 545028000,
    "weightedAverageShsOutDil": 545028000,
    "link": null,
    "finalLink": null
  },
  {
    "date": "1989-11-30",
    "symbol": "CCL",
    "reportedCurrency": "USD",
    "cik": "0000815097",
    "fillingDate": "1989-11-30",
    "acceptedDate": "1989-11-29 19:00:00",
    "calendarYear": "1989",
    "period": "FY",
    "revenue": 1147700000,
    "costOfRevenue": 659900000,
    "grossProfit": 487800000,
    "grossProfitRatio": 0.425023961,
    "researchAndDevelopmentExpenses": 0,
    "generalAndAdministrativeExpenses": 0,
    "sellingAndMarketingExpenses": 0,
    "sellingGeneralAndAdministrativeExpenses": 180300000,
    "otherExpenses": 307500000,
    "operatingExpenses": 487800000,
    "costAndExpenses": 1147700000,
    "interestIncome": 0,
    "interestExpense": 0,
    "depreciationAndAmortization": 66700000,
    "ebitda": 307500000,
    "ebitdaratio": 0.2679271587,
    "operatingIncome": 240800000,
    "operatingIncomeRatio": 0.2098109262,
    "totalOtherIncomeExpensesNet": -40800000,
    "incomeBeforeTax": 200000000,
    "incomeBeforeTaxRatio": 0.1742615666,
    "incomeTaxExpense": 6400000,
    "netIncome": 193600000,
    "netIncomeRatio": 0.1686851965,
    "eps": 0.09,
    "epsdiluted": 0.09,
    "weightedAverageShsOut": 544988000,
    "weightedAverageShsOutDil": 544988000,
    "link": null,
    "finalLink": null
  },
  {
    "date": "1988-11-30",
    "symbol": "CCL",
    "reportedCurrency": "USD",
    "cik": "0000815097",
    "fillingDate": "1988-11-30",
    "acceptedDate": "1988-11-29 19:00:00",
    "calendarYear": "1988",
    "period": "FY",
    "revenue": 599700000,
    "costOfRevenue": 326900000,
    "grossProfit": 272800000,
    "grossProfitRatio": 0.4548941137,
    "researchAndDevelopmentExpenses": 0,
    "generalAndAdministrativeExpenses": 0,
    "sellingAndMarketingExpenses": 0,
    "sellingGeneralAndAdministrativeExpenses": 87300000,
    "otherExpenses": 185500000,
    "operatingExpenses": 272800000,
    "costAndExpenses": 599700000,
    "interestIncome": 0,
    "interestExpense": 0,
    "depreciationAndAmortization": 27500000,
    "ebitda": 185500000,
    "ebitdaratio": 0.3093213273,
    "operatingIncome": 158000000,
    "operatingIncomeRatio": 0.2634650659,
    "totalOtherIncomeExpensesNet": -158000000,
    "incomeBeforeTax": 0,
    "incomeBeforeTaxRatio": 0,
    "incomeTaxExpense": 0,
    "netIncome": 196400000,
    "netIncomeRatio": 0.3274970819,
    "eps": 0.0925,
    "epsdiluted": 0.0925,
    "weightedAverageShsOut": 538444000,
    "weightedAverageShsOutDil": 538444000,
    "link": null,
    "finalLink": null
  },
  {
    "date": "1987-11-30",
    "symbol": "CCL",
    "reportedCurrency": "USD",
    "cik": "0000815097",
    "fillingDate": "1987-11-30",
    "acceptedDate": "1987-11-29 19:00:00",
    "calendarYear": "1987",
    "period": "FY",
    "revenue": 564100000,
    "costOfRevenue": 305100000,
    "grossProfit": 259000000,
    "grossProfitRatio": 0.4591384506,
    "researchAndDevelopmentExpenses": 0,
    "generalAndAdministrativeExpenses": 0,
    "sellingAndMarketingExpenses": 0,
    "sellingGeneralAndAdministrativeExpenses": 82400000,
    "otherExpenses": 176600000,
    "operatingExpenses": 259000000,
    "costAndExpenses": 564100000,
    "interestIncome": 0,
    "interestExpense": 0,
    "depreciationAndAmortization": 24500000,
    "ebitda": 176600000,
    "ebitdaratio": 0.3130650594,
    "operatingIncome": 152100000,
    "operatingIncomeRatio": 0.2696330438,
    "totalOtherIncomeExpensesNet": -152100000,
    "incomeBeforeTax": 0,
    "incomeBeforeTaxRatio": 0,
    "incomeTaxExpense": 0,
    "netIncome": 152800000,
    "netIncomeRatio": 0.2708739585,
    "eps": 0.0825,
    "epsdiluted": 0.0825,
    "weightedAverageShsOut": 538892000,
    "weightedAverageShsOutDil": 538892000,
    "link": null,
    "finalLink": null
  },
  {
    "date": "1986-11-30",
    "symbol": "CCL",
    "reportedCurrency": "USD",
    "cik": "0000815097",
    "fillingDate": "1986-11-30",
    "acceptedDate": "1986-11-29 19:00:00",
    "calendarYear": "1986",
    "period": "FY",
    "revenue": 420800000,
    "costOfRevenue": 232500000,
    "grossProfit": 188300000,
    "grossProfitRatio": 0.4474809886,
    "researchAndDevelopmentExpenses": 0,
    "generalAndAdministrativeExpenses": 0,
    "sellingAndMarketingExpenses": 0,
    "sellingGeneralAndAdministrativeExpenses": 70500000,
    "otherExpenses": 117800000,
    "operatingExpenses": 188300000,
    "costAndExpenses": 420800000,
    "interestIncome": 0,
    "interestExpense": 0,
    "depreciationAndAmortization": 16600000,
    "ebitda": 117800000,
    "ebitdaratio": 0.2799429658,
    "operatingIncome": 101200000,
    "operatingIncomeRatio": 0.2404942966,
    "totalOtherIncomeExpensesNet": -101200000,
    "incomeBeforeTax": 0,
    "incomeBeforeTaxRatio": 0,
    "incomeTaxExpense": 0,
    "netIncome": 97700000,
    "netIncomeRatio": 0.2321768061,
    "eps": 0.0575,
    "epsdiluted": 0.0575,
    "weightedAverageShsOut": 434296000,
    "weightedAverageShsOutDil": 434296000,
    "link": null,
    "finalLink": null
  }
]