[
  {
    "date": "2024-12-31",
    "symbol": "CDNS",
    "reportedCurrency": "USD",
    "cik": "0000813672",
    "fillingDate": "2025-02-21",
    "acceptedDate": "2025-02-20 17:44:49",
    "calendarYear": "2024",
    "period": "FY",
    "revenue": 4641264000,
    "costOfRevenue": 647502000,
    "grossProfit": 3993762000,
    "grossProfitRatio": 0.8604901596,
    "researchAndDevelopmentExpenses": 1549093000,
    "generalAndAdministrativeExpenses": 282283000,
    "sellingAndMarketingExpenses": 757483000,
    "sellingGeneralAndAdministrativeExpenses": 1039766000,
    "otherExpenses": 54140000,
    "operatingExpenses": 2642999000,
    "costAndExpenses": 3290501000,
    "interestIncome": 62484000,
    "interestExpense": 75999000,
    "depreciationAndAmortization": 195015000,
    "ebitda": 1666833000,
    "ebitdaratio": 0.3591334171,
    "operatingIncome": 1350763000,
    "operatingIncomeRatio": 0.291033434,
    "totalOtherIncomeExpensesNet": 45056000,
    "incomeBeforeTax": 1395819000,
    "incomeBeforeTaxRatio": 0.3007411343,
    "incomeTaxExpense": 340335000,
    "netIncome": 1055484000,
    "netIncomeRatio": 0.2274130495,
    "eps": 3.89,
    "epsdiluted": 3.85,
    "weightedAverageShsOut": 271212000,
    "weightedAverageShsOutDil": 273833000,
    "link": "https://www.sec.gov/Archives/edgar/data/813672/000081367225000024/0000813672-25-000024-index.htm",
    "finalLink": "https://www.sec.gov/Archives/edgar/data/813672/000081367225000024/cdns-20241231.htm"
  },
  {
    "date": "2023-12-31",
    "symbol": "CDNS",
    "reportedCurrency": "USD",
    "cik": "0000813672",
    "fillingDate": "2024-02-12",
    "acceptedDate": "2024-02-12 16:04:39",
    "calendarYear": "2023",
    "period": "FY",
    "revenue": 4089986000,
    "costOfRevenue": 435041000,
    "grossProfit": 3654945000,
    "grossProfitRatio": 0.8936326432,
    "researchAndDevelopmentExpenses": 1441796000,
    "generalAndAdministrativeExpenses": 242430000,
    "sellingAndMarketingExpenses": 690319000,
    "sellingGeneralAndAdministrativeExpenses": 932749000,
    "otherExpenses": 29175000,
    "operatingExpenses": 2403720000,
    "costAndExpenses": 2838761000,
    "interestIncome": 29637000,
    "interestExpense": 36185000,
    "depreciationAndAmortization": 145743000,
    "ebitda": 1463854000,
    "ebitdaratio": 0.3579117386,
    "operatingIncome": 1251225000,
    "operatingIncomeRatio": 0.3059240301,
    "totalOtherIncomeExpensesNet": 30701000,
    "incomeBeforeTax": 1281926000,
    "incomeBeforeTaxRatio": 0.3134304127,
    "incomeTaxExpense": 240782000,
    "netIncome": 1041144000,
    "netIncomeRatio": 0.2545593066,
    "eps": 3.86,
    "epsdiluted": 3.82,
    "weightedAverageShsOut": 269381000,
    "weightedAverageShsOutDil": 272748000,
    "link": "https://www.sec.gov/Archives/edgar/data/813672/000081367224000034/0000813672-24-000034-index.htm",
    "finalLink": "https://www.sec.gov/Archives/edgar/data/813672/000081367224000034/cdns-20231231.htm"
  },
  {
    "date": "2022-12-31",
    "symbol": "CDNS",
    "reportedCurrency": "USD",
    "cik": "0000813672",
    "fillingDate": "2023-02-13",
    "acceptedDate": "2023-02-13 16:16:13",
    "calendarYear": "2022",
    "period": "FY",
    "revenue": 3561718000,
    "costOfRevenue": 371623000,
    "grossProfit": 3190095000,
    "grossProfitRatio": 0.8956618688,
    "researchAndDevelopmentExpenses": 1251544000,
    "generalAndAdministrativeExpenses": 242116000,
    "sellingAndMarketingExpenses": 604224000,
    "sellingGeneralAndAdministrativeExpenses": 846340000,
    "otherExpenses": 18525000,
    "operatingExpenses": 2116409000,
    "costAndExpenses": 2488032000,
    "interestIncome": 10099000,
    "interestExpense": 22934000,
    "depreciationAndAmortization": 135430000,
    "ebitda": 1203727000,
    "ebitdaratio": 0.3379624664,
    "operatingIncome": 1073686000,
    "operatingIncomeRatio": 0.3014517152,
    "totalOtherIncomeExpensesNet": -28323000,
    "incomeBeforeTax": 1045363000,
    "incomeBeforeTaxRatio": 0.2934996538,
    "incomeTaxExpense": 196411000,
    "netIncome": 848952000,
    "netIncomeRatio": 0.2383546367,
    "eps": 3.13,
    "epsdiluted": 3.09,
    "weightedAverageShsOut": 271198000,
    "weightedAverageShsOutDil": 275011000,
    "link": "https://www.sec.gov/Archives/edgar/data/813672/000081367223000011/0000813672-23-000011-index.htm",
    "finalLink": "https://www.sec.gov/Archives/edgar/data/813672/000081367223000011/cdns-20221231.htm"
  },
  {
    "date": "2022-01-01",
    "symbol": "CDNS",
    "reportedCurrency": "USD",
    "cik": "0000813672",
    "fillingDate": "2022-02-22",
    "acceptedDate": "2022-02-22 16:16:05",
    "calendarYear": "2021",
    "period": "FY",
    "revenue": 2988244000,
    "costOfRevenue": 307006000,
    "grossProfit": 2681238000,
    "grossProfitRatio": 0.897262071,
    "researchAndDevelopmentExpenses": 1134277000,
    "generalAndAdministrativeExpenses": 189018000,
    "sellingAndMarketingExpenses": 560262000,
    "sellingGeneralAndAdministrativeExpenses": 749280000,
    "otherExpenses": 18592000,
    "operatingExpenses": 1902149000,
    "costAndExpenses": 2209155000,
    "interestIncome": 2634000,
    "interestExpense": 16980000,
    "depreciationAndAmortization": 130702000,
    "ebitda": 916117000,
    "ebitdaratio": 0.3065736934,
    "operatingIncome": 779089000,
    "operatingIncomeRatio": 0.2607180003,
    "totalOtherIncomeExpensesNet": -10654000,
    "incomeBeforeTax": 768435000,
    "incomeBeforeTaxRatio": 0.2571526957,
    "incomeTaxExpense": 72480000,
    "netIncome": 695955000,
    "netIncomeRatio": 0.2328976483,
    "eps": 2.54,
    "epsdiluted": 2.5,
    "weightedAverageShsOut": 273504000,
    "weightedAverageShsOutDil": 278858000,
    "link": "https://www.sec.gov/Archives/edgar/data/813672/000081367222000012/0000813672-22-000012-index.htm",
    "finalLink": "https://www.sec.gov/Archives/edgar/data/813672/000081367222000012/cdns-20220101.htm"
  },
  {
    "date": "2021-01-02",
    "symbol": "CDNS",
    "reportedCurrency": "USD",
    "cik": "0000813672",
    "fillingDate": "2021-05-14",
    "acceptedDate": "2021-05-14 16:16:04",
    "calendarYear": "2020",
    "period": "FY",
    "revenue": 2682891000,
    "costOfRevenue": 305498000,
    "grossProfit": 2377393000,
    "grossProfitRatio": 0.886131043,
    "researchAndDevelopmentExpenses": 1033732000,
    "generalAndAdministrativeExpenses": 154425000,
    "sellingAndMarketingExpenses": 516460000,
    "sellingGeneralAndAdministrativeExpenses": 670885000,
    "otherExpenses": 27224000,
    "operatingExpenses": 1731841000,
    "costAndExpenses": 2037339000,
    "interestIncome": 3817000,
    "interestExpense": 20749000,
    "depreciationAndAmortization": 150136000,
    "ebitda": 803633000,
    "ebitdaratio": 0.2995399366,
    "operatingIncome": 645552000,
    "operatingIncomeRatio": 0.2406180497,
    "totalOtherIncomeExpensesNet": -12804000,
    "incomeBeforeTax": 632748000,
    "incomeBeforeTaxRatio": 0.235845586,
    "incomeTaxExpense": 42104000,
    "netIncome": 590644000,
    "netIncomeRatio": 0.2201520673,
    "eps": 2.16,
    "epsdiluted": 2.11,
    "weightedAverageShsOut": 273728000,
    "weightedAverageShsOutDil": 279641000,
    "link": "https://www.sec.gov/Archives/edgar/data/813672/000081367221000021/0000813672-21-000021-index.htm",
    "finalLink": "https://www.sec.gov/Archives/edgar/data/813672/000081367221000021/cdns-20210102.htm"
  },
  {
    "date": "2019-12-28",
    "symbol": "CDNS",
    "reportedCurrency": "USD",
    "cik": "0000813672",
    "fillingDate": "2020-02-24",
    "acceptedDate": "2020-02-24 17:22:00",
    "calendarYear": "2019",
    "period": "FY",
    "revenue": 2336319000,
    "costOfRevenue": 266357000,
    "grossProfit": 2069962000,
    "grossProfitRatio": 0.8859928803,
    "researchAndDevelopmentExpenses": 935938000,
    "generalAndAdministrativeExpenses": 139806000,
    "sellingAndMarketingExpenses": 481673000,
    "sellingGeneralAndAdministrativeExpenses": 621479000,
    "otherExpenses": 12128000,
    "operatingExpenses": 1569545000,
    "costAndExpenses": 1835902000,
    "interestIncome": 9509000,
    "interestExpense": 18829000,
    "depreciationAndAmortization": 122789000,
    "ebitda": 620586000,
    "ebitdaratio": 0.2656255417,
    "operatingIncome": 491796000,
    "operatingIncomeRatio": 0.210500364,
    "totalOtherIncomeExpensesNet": -12828000,
    "incomeBeforeTax": 478968000,
    "incomeBeforeTaxRatio": 0.2050096755,
    "incomeTaxExpense": -510011000,
    "netIncome": 988979000,
    "netIncomeRatio": 0.423306492,
    "eps": 3.62,
    "epsdiluted": 3.53,
    "weightedAverageShsOut": 273239000,
    "weightedAverageShsOutDil": 280515000,
    "link": "https://www.sec.gov/Archives/edgar/data/813672/000081367220000007/0000813672-20-000007-index.htm",
    "finalLink": "https://www.sec.gov/Archives/edgar/data/813672/000081367220000007/cdns1228201910-k.htm"
  },
  {
    "date": "2018-12-29",
    "symbol": "CDNS",
    "reportedCurrency": "USD",
    "cik": "0000813672",
    "fillingDate": "2019-02-27",
    "acceptedDate": "2019-02-27 15:44:54",
    "calendarYear": "2018",
    "period": "FY",
    "revenue": 2138022000,
    "costOfRevenue": 258747000,
    "grossProfit": 1879275000,
    "grossProfitRatio": 0.8789783267,
    "researchAndDevelopmentExpenses": 884816000,
    "generalAndAdministrativeExpenses": 133406000,
    "sellingAndMarketingExpenses": 439669000,
    "sellingGeneralAndAdministrativeExpenses": 573075000,
    "otherExpenses": 25175000,
    "operatingExpenses": 1483066000,
    "costAndExpenses": 1741813000,
    "interestIncome": 8070000,
    "interestExpense": 23139000,
    "depreciationAndAmortization": 118721000,
    "ebitda": 526019000,
    "ebitdaratio": 0.246030677,
    "operatingIncome": 396209000,
    "operatingIncomeRatio": 0.1853156796,
    "totalOtherIncomeExpensesNet": -19819000,
    "incomeBeforeTax": 376390000,
    "incomeBeforeTaxRatio": 0.1760458966,
    "incomeTaxExpense": 30613000,
    "netIncome": 345777000,
    "netIncomeRatio": 0.161727522,
    "eps": 1.26,
    "epsdiluted": 1.23,
    "weightedAverageShsOut": 273729000,
    "weightedAverageShsOutDil": 281144000,
    "link": "https://www.sec.gov/Archives/edgar/data/813672/000081367219000008/0000813672-19-000008-index.htm",
    "finalLink": "https://www.sec.gov/Archives/edgar/data/813672/000081367219000008/cdns1229201810-k.htm"
  },
  {
    "date": "2017-12-30",
    "symbol": "CDNS",
    "reportedCurrency": "USD",
    "cik": "0000813672",
    "fillingDate": "2018-02-20",
    "acceptedDate": "2018-02-20 17:29:46",
    "calendarYear": "2017",
    "period": "FY",
    "revenue": 1943032000,
    "costOfRevenue": 237390000,
    "grossProfit": 1705642000,
    "grossProfitRatio": 0.8778249663,
    "researchAndDevelopmentExpenses": 804223000,
    "generalAndAdministrativeExpenses": 134181000,
    "sellingAndMarketingExpenses": 419161000,
    "sellingGeneralAndAdministrativeExpenses": 553342000,
    "otherExpenses": 16755000,
    "operatingExpenses": 1372281000,
    "costAndExpenses": 1609671000,
    "interestIncome": 3879000,
    "interestExpense": 25664000,
    "depreciationAndAmortization": 115524000,
    "ebitda": 448885000,
    "ebitdaratio": 0.2310229579,
    "operatingIncome": 323955000,
    "operatingIncomeRatio": 0.1667265387,
    "totalOtherIncomeExpensesNet": -8909000,
    "incomeBeforeTax": 315046000,
    "incomeBeforeTaxRatio": 0.1621414367,
    "incomeTaxExpense": 110945000,
    "netIncome": 204101000,
    "netIncomeRatio": 0.1050425315,
    "eps": 0.75,
    "epsdiluted": 0.73,
    "weightedAverageShsOut": 272097000,
    "weightedAverageShsOutDil": 280221000,
    "link": "https://www.sec.gov/Archives/edgar/data/813672/000081367218000008/0000813672-18-000008-index.htm",
    "finalLink": "https://www.sec.gov/Archives/edgar/data/813672/000081367218000008/cdns1230201710-k.htm"
  },
  {
    "date": "2016-12-31",
    "symbol": "CDNS",
    "reportedCurrency": "USD",
    "cik": "0000813672",
    "fillingDate": "2017-02-10",
    "acceptedDate": "2017-02-10 16:54:01",
    "calendarYear": "2016",
    "period": "FY",
    "revenue": 1816083000,
    "costOfRevenue": 256492000,
    "grossProfit": 1559591000,
    "grossProfitRatio": 0.858766367,
    "researchAndDevelopmentExpenses": 735340000,
    "generalAndAdministrativeExpenses": 125106000,
    "sellingAndMarketingExpenses": 395194000,
    "sellingGeneralAndAdministrativeExpenses": 520300000,
    "otherExpenses": 15922000,
    "operatingExpenses": 1273735000,
    "costAndExpenses": 1530227000,
    "interestIncome": 2917000,
    "interestExpense": 23670000,
    "depreciationAndAmortization": 119588000,
    "ebitda": 406544000,
    "ebitdaratio": 0.22385761,
    "operatingIncome": 244901000,
    "operatingIncomeRatio": 0.1348512155,
    "totalOtherIncomeExpensesNet": -7748000,
    "incomeBeforeTax": 237153000,
    "incomeBeforeTaxRatio": 0.1305848907,
    "incomeTaxExpense": 34067000,
    "netIncome": 203086000,
    "netIncomeRatio": 0.1118263868,
    "eps": 0.71,
    "epsdiluted": 0.7,
    "weightedAverageShsOut": 284502000,
    "weightedAverageShsOutDil": 291256000,
    "link": "https://www.sec.gov/Archives/edgar/data/813672/000081367217000006/0000813672-17-000006-index.htm",
    "finalLink": "https://www.sec.gov/Archives/edgar/data/813672/000081367217000006/cdns1231201610-k.htm"
  },
  {
    "date": "2016-01-02",
    "symbol": "CDNS",
    "reportedCurrency": "USD",
    "cik": "0000813672",
    "fillingDate": "2016-02-18",
    "acceptedDate": "2016-02-18 17:27:00",
    "calendarYear": "2015",
    "period": "FY",
    "revenue": 1702091000,
    "costOfRevenue": 238453000,
    "grossProfit": 1463638000,
    "grossProfitRatio": 0.8599058452,
    "researchAndDevelopmentExpenses": 637567000,
    "generalAndAdministrativeExpenses": 109982000,
    "sellingAndMarketingExpenses": 402432000,
    "sellingGeneralAndAdministrativeExpenses": 512414000,
    "otherExpenses": 10477000,
    "operatingExpenses": 1173697000,
    "costAndExpenses": 1412150000,
    "interestIncome": 2667000,
    "interestExpense": 28311000,
    "depreciationAndAmortization": 118165000,
    "ebitda": 408806000,
    "ebitdaratio": 0.2401786978,
    "operatingIncome": 285430000,
    "operatingIncomeRatio": 0.1676937367,
    "totalOtherIncomeExpensesNet": -17834000,
    "incomeBeforeTax": 267596000,
    "incomeBeforeTaxRatio": 0.157216036,
    "incomeTaxExpense": 15179000,
    "netIncome": 252417000,
    "netIncomeRatio": 0.1482981815,
    "eps": 0.88,
    "epsdiluted": 0.81,
    "weightedAverageShsOut": 288018000,
    "weightedAverageShsOutDil": 312302000,
    "link": "https://www.sec.gov/Archives/edgar/data/813672/000081367216000040/0000813672-16-000040-index.htm",
    "finalLink": "https://www.sec.gov/Archives/edgar/data/813672/000081367216000040/cdns0102201610-k.htm"
  },
  {
    "date": "2015-01-03",
    "symbol": "CDNS",
    "reportedCurrency": "USD",
    "cik": "0000813672",
    "fillingDate": "2015-02-20",
    "acceptedDate": "2015-02-19 20:16:14",
    "calendarYear": "2014",
    "period": "FY",
    "revenue": 1580932000,
    "costOfRevenue": 223706000,
    "grossProfit": 1357226000,
    "grossProfitRatio": 0.8584973927,
    "researchAndDevelopmentExpenses": 603006000,
    "generalAndAdministrativeExpenses": 113619000,
    "sellingAndMarketingExpenses": 399688000,
    "sellingGeneralAndAdministrativeExpenses": 513307000,
    "otherExpenses": 8479000,
    "operatingExpenses": 1140330000,
    "costAndExpenses": 1364036000,
    "interestIncome": 1827000,
    "interestExpense": 34121000,
    "depreciationAndAmortization": 115634000,
    "ebitda": 332530000,
    "ebitdaratio": 0.2103379525,
    "operatingIncome": 206644000,
    "operatingIncomeRatio": 0.1307102393,
    "totalOtherIncomeExpensesNet": -25642000,
    "incomeBeforeTax": 181002000,
    "incomeBeforeTaxRatio": 0.1144906928,
    "incomeTaxExpense": 22104000,
    "netIncome": 158898000,
    "netIncomeRatio": 0.1005090668,
    "eps": 0.56,
    "epsdiluted": 0.52,
    "weightedAverageShsOut": 283349000,
    "weightedAverageShsOutDil": 306775000,
    "link": "https://www.sec.gov/Archives/edgar/data/813672/000081367215000008/0000813672-15-000008-index.htm",
    "finalLink": "https://www.sec.gov/Archives/edgar/data/813672/000081367215000008/cdns0103201510-k.htm"
  },
  {
    "date": "2013-12-28",
    "symbol": "CDNS",
    "reportedCurrency": "USD",
    "cik": "0000813672",
    "fillingDate": "2014-02-20",
    "acceptedDate": "2014-02-20 12:31:49",
    "calendarYear": "2013",
    "period": "FY",
    "revenue": 1460116000,
    "costOfRevenue": 200201000,
    "grossProfit": 1259915000,
    "grossProfitRatio": 0.8628869213,
    "researchAndDevelopmentExpenses": 534022000,
    "generalAndAdministrativeExpenses": 121314000,
    "sellingAndMarketingExpenses": 378157000,
    "sellingGeneralAndAdministrativeExpenses": 499471000,
    "otherExpenses": 7570000,
    "operatingExpenses": 1052909000,
    "costAndExpenses": 1253110000,
    "interestIncome": 1706000,
    "interestExpense": 37581000,
    "depreciationAndAmortization": 98308000,
    "ebitda": 305314000,
    "ebitdaratio": 0.2091025645,
    "operatingIncome": 189007000,
    "operatingIncomeRatio": 0.1294465645,
    "totalOtherIncomeExpensesNet": -30011000,
    "incomeBeforeTax": 158996000,
    "incomeBeforeTaxRatio": 0.1088927181,
    "incomeTaxExpense": -5247000,
    "netIncome": 164243000,
    "netIncomeRatio": 0.1124862682,
    "eps": 0.59,
    "epsdiluted": 0.56,
    "weightedAverageShsOut": 277796000,
    "weightedAverageShsOutDil": 294564000,
    "link": "https://www.sec.gov/Archives/edgar/data/813672/000081367214000008/0000813672-14-000008-index.htm",
    "finalLink": "https://www.sec.gov/Archives/edgar/data/813672/000081367214000008/cdns1228201310-k.htm"
  },
  {
    "date": "2012-12-29",
    "symbol": "CDNS",
    "reportedCurrency": "USD",
    "cik": "0000813672",
    "fillingDate": "2013-02-21",
    "acceptedDate": "2013-02-21 17:09:49",
    "calendarYear": "2012",
    "period": "FY",
    "revenue": 1326424000,
    "costOfRevenue": 191123000,
    "grossProfit": 1135301000,
    "grossProfitRatio": 0.8559110812,
    "researchAndDevelopmentExpenses": 454085000,
    "generalAndAdministrativeExpenses": 112076000,
    "sellingAndMarketingExpenses": 342278000,
    "sellingGeneralAndAdministrativeExpenses": 454354000,
    "otherExpenses": 11341000,
    "operatingExpenses": 923516000,
    "costAndExpenses": 1114639000,
    "interestIncome": 1473000,
    "interestExpense": 34742000,
    "depreciationAndAmortization": 89217000,
    "ebitda": 312230000,
    "ebitdaratio": 0.2353923029,
    "operatingIncome": 211672000,
    "operatingIncomeRatio": 0.1595809485,
    "totalOtherIncomeExpensesNet": -23401000,
    "incomeBeforeTax": 188271000,
    "incomeBeforeTaxRatio": 0.1419387767,
    "incomeTaxExpense": -251677000,
    "netIncome": 439948000,
    "netIncomeRatio": 0.3316797645,
    "eps": 1.63,
    "epsdiluted": 1.57,
    "weightedAverageShsOut": 270479000,
    "weightedAverageShsOutDil": 280667000,
    "link": "https://www.sec.gov/Archives/edgar/data/813672/000081367213000007/0000813672-13-000007-index.htm",
    "finalLink": "https://www.sec.gov/Archives/edgar/data/813672/000081367213000007/cdns1229201210-k.htm"
  },
  {
    "date": "2011-12-31",
    "symbol": "CDNS",
    "reportedCurrency": "USD",
    "cik": "0000813672",
    "fillingDate": "2012-02-24",
    "acceptedDate": "2012-02-23 21:44:40",
    "calendarYear": "2011",
    "period": "FY",
    "revenue": 1149835000,
    "costOfRevenue": 195156000,
    "grossProfit": 954679000,
    "grossProfitRatio": 0.8302747786,
    "researchAndDevelopmentExpenses": 400745000,
    "generalAndAdministrativeExpenses": 92863000,
    "sellingAndMarketingExpenses": 323798000,
    "sellingGeneralAndAdministrativeExpenses": 416661000,
    "otherExpenses": 16536000,
    "operatingExpenses": 833942000,
    "costAndExpenses": 1029098000,
    "interestIncome": 1303000,
    "interestExpense": 43025000,
    "depreciationAndAmortization": 91648000,
    "ebitda": 230099000,
    "ebitdaratio": 0.2001147991,
    "operatingIncome": 120377000,
    "operatingIncomeRatio": 0.104690673,
    "totalOtherIncomeExpensesNet": -25311000,
    "incomeBeforeTax": 95426000,
    "incomeBeforeTaxRatio": 0.0829910378,
    "incomeTaxExpense": 23197000,
    "netIncome": 72229000,
    "netIncomeRatio": 0.0628168389,
    "eps": 0.27,
    "epsdiluted": 0.27,
    "weightedAverageShsOut": 263892000,
    "weightedAverageShsOutDil": 270816000,
    "link": "https://www.sec.gov/Archives/edgar/data/813672/000119312512076117/0001193125-12-076117-index.htm",
    "finalLink": "https://www.sec.gov/Archives/edgar/data/813672/000119312512076117/d254788d10k.htm"
  },
  {
    "date": "2011-01-01",
    "symbol": "CDNS",
    "reportedCurrency": "USD",
    "cik": "0000813672",
    "fillingDate": "2011-02-24",
    "acceptedDate": "2011-02-24 17:17:17",
    "calendarYear": "2010",
    "period": "FY",
    "revenue": 935954000,
    "costOfRevenue": 156443000,
    "grossProfit": 779511000,
    "grossProfitRatio": 0.8328518282,
    "researchAndDevelopmentExpenses": 376413000,
    "generalAndAdministrativeExpenses": 86394000,
    "sellingAndMarketingExpenses": 305558000,
    "sellingGeneralAndAdministrativeExpenses": 391952000,
    "otherExpenses": 14160000,
    "operatingExpenses": 782525000,
    "costAndExpenses": 938968000,
    "interestIncome": 1201000,
    "interestExpense": 36343000,
    "depreciationAndAmortization": 88335000,
    "ebitda": 61910000,
    "ebitdaratio": 0.0661464132,
    "operatingIncome": -13166000,
    "operatingIncomeRatio": -0.0140669306,
    "totalOtherIncomeExpensesNet": -33802000,
    "incomeBeforeTax": -46968000,
    "incomeBeforeTaxRatio": -0.0501819534,
    "incomeTaxExpense": -189306000,
    "netIncome": 142338000,
    "netIncomeRatio": 0.1520779867,
    "eps": 0.55,
    "epsdiluted": 0.54,
    "weightedAverageShsOut": 260787000,
    "weightedAverageShsOutDil": 265871000,
    "link": "https://www.sec.gov/Archives/edgar/data/813672/000095012311017955/0000950123-11-017955-index.htm",
    "finalLink": "https://www.sec.gov/Archives/edgar/data/813672/000095012311017955/f57089e10vk.htm"
  },
  {
    "date": "2010-01-02",
    "symbol": "CDNS",
    "reportedCurrency": "USD",
    "cik": "0000813672",
    "fillingDate": "2010-02-26",
    "acceptedDate": "2010-02-26 17:26:40",
    "calendarYear": "2009",
    "period": "FY",
    "revenue": 852632000,
    "costOfRevenue": 169243000,
    "grossProfit": 683389000,
    "grossProfitRatio": 0.8015052215,
    "researchAndDevelopmentExpenses": 354703000,
    "generalAndAdministrativeExpenses": 122648000,
    "sellingAndMarketingExpenses": 286833000,
    "sellingGeneralAndAdministrativeExpenses": 409481000,
    "otherExpenses": 11420000,
    "operatingExpenses": 775604000,
    "costAndExpenses": 944847000,
    "interestIncome": 2600000,
    "interestExpense": 28872000,
    "depreciationAndAmortization": 93139000,
    "ebitda": -31494000,
    "ebitdaratio": -0.0369373892,
    "operatingIncome": -123591000,
    "operatingIncomeRatio": -0.1449523358,
    "totalOtherIncomeExpensesNet": -29914000,
    "incomeBeforeTax": -153505000,
    "incomeBeforeTaxRatio": -0.1800366395,
    "incomeTaxExpense": -3634000,
    "netIncome": -149871000,
    "netIncomeRatio": -0.1757745428,
    "eps": -0.58,
    "epsdiluted": -0.58,
    "weightedAverageShsOut": 257782000,
    "weightedAverageShsOutDil": 257782000,
    "link": "https://www.sec.gov/Archives/edgar/data/813672/000095012310018407/0000950123-10-018407-index.htm",
    "finalLink": "https://www.sec.gov/Archives/edgar/data/813672/000095012310018407/f54883e10vk.htm"
  },
  {
    "date": "2009-01-03",
    "symbol": "CDNS",
    "reportedCurrency": "USD",
    "cik": "0000813672",
    "fillingDate": "2009-03-02",
    "acceptedDate": "2009-03-02 17:28:14",
    "calendarYear": "2008",
    "period": "FY",
    "revenue": 1038614000,
    "costOfRevenue": 209480000,
    "grossProfit": 829134000,
    "grossProfitRatio": 0.7983081299,
    "researchAndDevelopmentExpenses": 457913000,
    "generalAndAdministrativeExpenses": 152032000,
    "sellingAndMarketingExpenses": 358409000,
    "sellingGeneralAndAdministrativeExpenses": 510441000,
    "otherExpenses": 22732000,
    "operatingExpenses": 1038755000,
    "costAndExpenses": 1248235000,
    "interestIncome": 20400000,
    "interestExpense": 11614000,
    "depreciationAndAmortization": 128720000,
    "ebitda": -1461391000,
    "ebitdaratio": -1.4070588303,
    "operatingIncome": -1573268000,
    "operatingIncomeRatio": -1.5147764232,
    "totalOtherIncomeExpensesNet": -28457000,
    "incomeBeforeTax": -1601725000,
    "incomeBeforeTaxRatio": -1.5421754377,
    "incomeTaxExpense": 252313000,
    "netIncome": -1854038000,
    "netIncomeRatio": -1.7851078456,
    "eps": -7.29,
    "epsdiluted": -7.29,
    "weightedAverageShsOut": 254323000,
    "weightedAverageShsOutDil": 254323000,
    "link": "https://www.sec.gov/Archives/edgar/data/813672/000089161809000064/0000891618-09-000064-index.htm",
    "finalLink": "https://www.sec.gov/Archives/edgar/data/813672/000089161809000064/f51522e10vk.htm"
  },
  {
    "date": "2007-12-29",
    "symbol": "CDNS",
    "reportedCurrency": "USD",
    "cik": "0000813672",
    "fillingDate": "2008-02-26",
    "acceptedDate": "2008-02-26 06:01:59",
    "calendarYear": "2007",
    "period": "FY",
    "revenue": 1615013000,
    "costOfRevenue": 214508000,
    "grossProfit": 1400505000,
    "grossProfitRatio": 0.8671787781,
    "researchAndDevelopmentExpenses": 494032000,
    "generalAndAdministrativeExpenses": 0,
    "sellingAndMarketingExpenses": 0,
    "sellingGeneralAndAdministrativeExpenses": 576145000,
    "otherExpenses": 19421000,
    "operatingExpenses": 1089598000,
    "costAndExpenses": 1304106000,
    "interestIncome": 48100000,
    "interestExpense": 12374000,
    "depreciationAndAmortization": 130649000,
    "ebitda": 507094000,
    "ebitdaratio": 0.3139875654,
    "operatingIncome": 317915000,
    "operatingIncomeRatio": 0.1968498086,
    "totalOtherIncomeExpensesNet": 53164000,
    "incomeBeforeTax": 364071000,
    "incomeBeforeTaxRatio": 0.2254291452,
    "incomeTaxExpense": 67819000,
    "netIncome": 296252000,
    "netIncomeRatio": 0.1834362943,
    "eps": 1.09,
    "epsdiluted": 1.01,
    "weightedAverageShsOut": 271455000,
    "weightedAverageShsOutDil": 295591000,
    "link": "https://www.sec.gov/Archives/edgar/data/813672/000095013408003361/0000950134-08-003361-index.htm",
    "finalLink": "https://www.sec.gov/Archives/edgar/data/813672/000095013408003361/f38168e10vk.htm"
  },
  {
    "date": "2006-12-30",
    "symbol": "CDNS",
    "reportedCurrency": "USD",
    "cik": "0000813672",
    "fillingDate": "2007-02-23",
    "acceptedDate": "2007-02-23 17:20:06",
    "calendarYear": "2006",
    "period": "FY",
    "revenue": 1483895000,
    "costOfRevenue": 227099000,
    "grossProfit": 1256796000,
    "grossProfitRatio": 0.8469575004,
    "researchAndDevelopmentExpenses": 460064000,
    "generalAndAdministrativeExpenses": 0,
    "sellingAndMarketingExpenses": 0,
    "sellingGeneralAndAdministrativeExpenses": 548896000,
    "otherExpenses": 23141000,
    "operatingExpenses": 1032101000,
    "costAndExpenses": 1259200000,
    "interestIncome": 0,
    "interestExpense": 0,
    "depreciationAndAmortization": 147117000,
    "ebitda": 401343000,
    "ebitdaratio": 0.2704659022,
    "operatingIncome": 224592000,
    "operatingIncomeRatio": 0.151353027,
    "totalOtherIncomeExpensesNet": 17286000,
    "incomeBeforeTax": 241878000,
    "incomeBeforeTaxRatio": 0.1630020992,
    "incomeTaxExpense": 99704000,
    "netIncome": 142592000,
    "netIncomeRatio": 0.0960930524,
    "eps": 0.51,
    "epsdiluted": 0.46,
    "weightedAverageShsOut": 279354000,
    "weightedAverageShsOutDil": 312457000,
    "link": "https://www.sec.gov/Archives/edgar/data/813672/000089161807000106/0000891618-07-000106-index.htm",
    "finalLink": "https://www.sec.gov/Archives/edgar/data/813672/000089161807000106/f25514e10vk.htm"
  },
  {
    "date": "2005-12-31",
    "symbol": "CDNS",
    "reportedCurrency": "USD",
    "cik": "0000813672",
    "fillingDate": "2006-03-10",
    "acceptedDate": "2006-03-10 17:15:10",
    "calendarYear": "2005",
    "period": "FY",
    "revenue": 1329192000,
    "costOfRevenue": 228780000,
    "grossProfit": 1100412000,
    "grossProfitRatio": 0.8278803965,
    "researchAndDevelopmentExpenses": 370140000,
    "generalAndAdministrativeExpenses": 0,
    "sellingAndMarketingExpenses": 0,
    "sellingGeneralAndAdministrativeExpenses": 518944000,
    "otherExpenses": 47762000,
    "operatingExpenses": 936846000,
    "costAndExpenses": 1165626000,
    "interestIncome": 0,
    "interestExpense": 0,
    "depreciationAndAmortization": 184717000,
    "ebitda": 377920000,
    "ebitdaratio": 0.2843231076,
    "operatingIncome": 118832000,
    "operatingIncomeRatio": 0.0894016816,
    "totalOtherIncomeExpensesNet": -35083000,
    "incomeBeforeTax": 128483000,
    "incomeBeforeTaxRatio": 0.0966624837,
    "incomeTaxExpense": 79140000,
    "netIncome": 49343000,
    "netIncomeRatio": 0.0371225526,
    "eps": 0.18,
    "epsdiluted": 0.16,
    "weightedAverageShsOut": 278520000,
    "weightedAverageShsOutDil": 314383000,
    "link": "https://www.sec.gov/Archives/edgar/data/813672/000095013406004749/0000950134-06-004749-index.htm",
    "finalLink": "https://www.sec.gov/Archives/edgar/data/813672/000095013406004749/f13503e10vk.htm"
  },
  {
    "date": "2005-01-01",
    "symbol": "CDNS",
    "reportedCurrency": "USD",
    "cik": "0000813672",
    "fillingDate": "2005-03-16",
    "acceptedDate": "2005-03-16 16:48:25",
    "calendarYear": "2004",
    "period": "FY",
    "revenue": 1197480000,
    "costOfRevenue": 226053000,
    "grossProfit": 971427000,
    "grossProfitRatio": 0.8112260748,
    "researchAndDevelopmentExpenses": 351254000,
    "generalAndAdministrativeExpenses": 0,
    "sellingAndMarketingExpenses": 0,
    "sellingGeneralAndAdministrativeExpenses": 409351000,
    "otherExpenses": 87108000,
    "operatingExpenses": 847713000,
    "costAndExpenses": 1073766000,
    "interestIncome": 0,
    "interestExpense": 0,
    "depreciationAndAmortization": 210613000,
    "ebitda": 365406000,
    "ebitdaratio": 0.3051458062,
    "operatingIncome": 101172000,
    "operatingIncomeRatio": 0.0844874236,
    "totalOtherIncomeExpensesNet": -14735000,
    "incomeBeforeTax": 86437000,
    "incomeBeforeTaxRatio": 0.0721824164,
    "incomeTaxExpense": 11963000,
    "netIncome": 74474000,
    "netIncomeRatio": 0.0621922704,
    "eps": 0.27,
    "epsdiluted": 0.25,
    "weightedAverageShsOut": 271328000,
    "weightedAverageShsOutDil": 305774000,
    "link": "https://www.sec.gov/Archives/edgar/data/813672/000095013405005251/0000950134-05-005251-index.htm",
    "finalLink": "https://www.sec.gov/Archives/edgar/data/813672/000095013405005251/f06292e10vk.htm"
  },
  {
    "date": "2004-01-03",
    "symbol": "CDNS",
    "reportedCurrency": "USD",
    "cik": "0000813672",
    "fillingDate": "2004-04-02",
    "acceptedDate": "2004-04-02 17:12:11",
    "calendarYear": "2003",
    "period": "FY",
    "revenue": 1119484000,
    "costOfRevenue": 216649000,
    "grossProfit": 902835000,
    "grossProfitRatio": 0.8064742328,
    "researchAndDevelopmentExpenses": 340121000,
    "generalAndAdministrativeExpenses": 0,
    "sellingAndMarketingExpenses": 0,
    "sellingGeneralAndAdministrativeExpenses": 409145000,
    "otherExpenses": 96697000,
    "operatingExpenses": 845963000,
    "costAndExpenses": 1062612000,
    "interestIncome": 0,
    "interestExpense": 0,
    "depreciationAndAmortization": 232732000,
    "ebitda": 289604000,
    "ebitdaratio": 0.2586941841,
    "operatingIncome": -9964000,
    "operatingIncomeRatio": -0.0089005292,
    "totalOtherIncomeExpensesNet": -20601000,
    "incomeBeforeTax": -30565000,
    "incomeBeforeTaxRatio": -0.0273027573,
    "incomeTaxExpense": -12999000,
    "netIncome": -17566000,
    "netIncomeRatio": -0.0156911577,
    "eps": -0.0658,
    "epsdiluted": -0.0658,
    "weightedAverageShsOut": 266794000,
    "weightedAverageShsOutDil": 266794000,
    "link": "https://www.sec.gov/Archives/edgar/data/813672/000095013404004613/0000950134-04-004613-index.htm",
    "finalLink": "https://www.sec.gov/Archives/edgar/data/813672/000095013404004613/f93607e10vk.htm"
  },
  {
    "date": "2002-12-28",
    "symbol": "CDNS",
    "reportedCurrency": "USD",
    "cik": "0000813672",
    "fillingDate": "2003-03-14",
    "acceptedDate": "2003-03-14 11:16:54",
    "calendarYear": "2002",
    "period": "FY",
    "revenue": 1293067000,
    "costOfRevenue": 250045000,
    "grossProfit": 1043022000,
    "grossProfitRatio": 0.8066264161,
    "researchAndDevelopmentExpenses": 326414000,
    "generalAndAdministrativeExpenses": 0,
    "sellingAndMarketingExpenses": 0,
    "sellingGeneralAndAdministrativeExpenses": 515368000,
    "otherExpenses": -107811000,
    "operatingExpenses": 733971000,
    "costAndExpenses": 984016000,
    "interestIncome": 0,
    "interestExpense": 0,
    "depreciationAndAmortization": 242543000,
    "ebitda": 542790000,
    "ebitdaratio": 0.4197694319,
    "operatingIncome": 174755000,
    "operatingIncomeRatio": 0.135147676,
    "totalOtherIncomeExpensesNet": -30735000,
    "incomeBeforeTax": 157966000,
    "incomeBeforeTaxRatio": 0.1221638167,
    "incomeTaxExpense": 86017000,
    "netIncome": 71949000,
    "netIncomeRatio": 0.0556421284,
    "eps": 0.23,
    "epsdiluted": 0.23,
    "weightedAverageShsOut": 259870000,
    "weightedAverageShsOutDil": 267500000,
    "link": "https://www.sec.gov/Archives/edgar/data/813672/000089161803001237/0000891618-03-001237-index.htm",
    "finalLink": "https://www.sec.gov/Archives/edgar/data/813672/000089161803001237/f86295e10vk.htm"
  },
  {
    "date": "2001-12-29",
    "symbol": "CDNS",
    "reportedCurrency": "USD",
    "cik": "0000813672",
    "fillingDate": "2002-03-12",
    "acceptedDate": "2002-03-12 00:00:00",
    "calendarYear": "2001",
    "period": "FY",
    "revenue": 1430440000,
    "costOfRevenue": 354860000,
    "grossProfit": 1075580000,
    "grossProfitRatio": 0.7519224854,
    "researchAndDevelopmentExpenses": 297329000,
    "generalAndAdministrativeExpenses": 0,
    "sellingAndMarketingExpenses": 0,
    "sellingGeneralAndAdministrativeExpenses": 508208000,
    "otherExpenses": 110241000,
    "operatingExpenses": 915778000,
    "costAndExpenses": 1270638000,
    "interestIncome": 0,
    "interestExpense": 0,
    "depreciationAndAmortization": 230434000,
    "ebitda": 532504000,
    "ebitdaratio": 0.3722658762,
    "operatingIncome": 240451000,
    "operatingIncomeRatio": 0.1680958307,
    "totalOtherIncomeExpensesNet": 1697000,
    "incomeBeforeTax": 242148000,
    "incomeBeforeTaxRatio": 0.1692821789,
    "incomeTaxExpense": 100861000,
    "netIncome": 141287000,
    "netIncomeRatio": 0.0987717066,
    "eps": 0.57,
    "epsdiluted": 0.55,
    "weightedAverageShsOut": 246864000,
    "weightedAverageShsOutDil": 256885455,
    "link": "https://www.sec.gov/Archives/edgar/data/813672/000089161802001144/0000891618-02-001144-index.htm",
    "finalLink": "https://www.sec.gov/Archives/edgar/data/813672/000089161802001144/f77805e10-k.htm"
  },
  {
    "date": "2000-12-30",
    "symbol": "CDNS",
    "reportedCurrency": "USD",
    "cik": "0000813672",
    "fillingDate": "2001-03-29",
    "acceptedDate": "2001-03-29 00:00:00",
    "calendarYear": "2000",
    "period": "FY",
    "revenue": 1279550000,
    "costOfRevenue": 368857000,
    "grossProfit": 910693000,
    "grossProfitRatio": 0.7117291235,
    "researchAndDevelopmentExpenses": 263947000,
    "generalAndAdministrativeExpenses": 0,
    "sellingAndMarketingExpenses": 0,
    "sellingGeneralAndAdministrativeExpenses": 484617000,
    "otherExpenses": 98714000,
    "operatingExpenses": 847278000,
    "costAndExpenses": 1216135000,
    "interestIncome": 0,
    "interestExpense": 0,
    "depreciationAndAmortization": 206810000,
    "ebitda": 270225000,
    "ebitdaratio": 0.2111875269,
    "operatingIncome": 63415000,
    "operatingIncomeRatio": 0.0495603923,
    "totalOtherIncomeExpensesNet": 4581000,
    "incomeBeforeTax": 67996000,
    "incomeBeforeTaxRatio": 0.0531405572,
    "incomeTaxExpense": 18019000,
    "netIncome": 49977000,
    "netIncomeRatio": 0.0390582627,
    "eps": 0.2,
    "epsdiluted": 0.19,
    "weightedAverageShsOut": 244565000,
    "weightedAverageShsOutDil": 262696000,
    "link": "https://www.sec.gov/Archives/edgar/data/813672/000109581101001886/0001095811-01-001886-index.htm",
    "finalLink": "https://www.sec.gov/Archives/edgar/data/813672/000109581101001886/f70468e10-k.txt"
  },
  {
    "date": "2000-01-01",
    "symbol": "CDNS",
    "reportedCurrency": "USD",
    "cik": "0000813672",
    "fillingDate": "2000-03-27",
    "acceptedDate": "2000-03-27 00:00:00",
    "calendarYear": "1999",
    "period": "FY",
    "revenue": 1093303000,
    "costOfRevenue": 324843000,
    "grossProfit": 768460000,
    "grossProfitRatio": 0.7028792567,
    "researchAndDevelopmentExpenses": 219181000,
    "generalAndAdministrativeExpenses": 0,
    "sellingAndMarketingExpenses": 0,
    "sellingGeneralAndAdministrativeExpenses": 440940000,
    "otherExpenses": 121089000,
    "operatingExpenses": 781210000,
    "costAndExpenses": 1106053000,
    "interestIncome": 0,
    "interestExpense": 0,
    "depreciationAndAmortization": 163896000,
    "ebitda": 210400000,
    "ebitdaratio": 0.1924443635,
    "operatingIncome": -12750000,
    "operatingIncomeRatio": -0.0116619089,
    "totalOtherIncomeExpensesNet": -57900000,
    "incomeBeforeTax": -11380000,
    "incomeBeforeTaxRatio": -0.0104088254,
    "incomeTaxExpense": 2695000,
    "netIncome": -14075000,
    "netIncomeRatio": -0.0128738328,
    "eps": -0.0599,
    "epsdiluted": -0.0599,
    "weightedAverageShsOut": 235000000,
    "weightedAverageShsOutDil": 235000000,
    "link": "https://www.sec.gov/Archives/edgar/data/813672/000091205700013768/0000912057-00-013768-index.html",
    "finalLink": "https://www.sec.gov/Archives/edgar/data/813672/000091205700013768/"
  },
  {
    "date": "1999-01-02",
    "symbol": "CDNS",
    "reportedCurrency": "USD",
    "cik": "0000813672",
    "fillingDate": "1999-04-19",
    "acceptedDate": "1999-04-19 00:00:00",
    "calendarYear": "1998",
    "period": "FY",
    "revenue": 1216070000,
    "costOfRevenue": 280675000,
    "grossProfit": 935395000,
    "grossProfitRatio": 0.7691950299,
    "researchAndDevelopmentExpenses": 179394000,
    "generalAndAdministrativeExpenses": 0,
    "sellingAndMarketingExpenses": 0,
    "sellingGeneralAndAdministrativeExpenses": 369776000,
    "otherExpenses": 281037000,
    "operatingExpenses": 830207000,
    "costAndExpenses": 1110882000,
    "interestIncome": 0,
    "interestExpense": 0,
    "depreciationAndAmortization": 102414000,
    "ebitda": 462200000,
    "ebitdaratio": 0.3800768048,
    "operatingIncome": 105188000,
    "operatingIncomeRatio": 0.0864983101,
    "totalOtherIncomeExpensesNet": -253100000,
    "incomeBeforeTax": 112667000,
    "incomeBeforeTaxRatio": 0.0926484495,
    "incomeTaxExpense": 80685000,
    "netIncome": 31982000,
    "netIncomeRatio": 0.0262994729,
    "eps": 0.11,
    "epsdiluted": 0.1,
    "weightedAverageShsOut": 234605000,
    "weightedAverageShsOutDil": 257862000,
    "link": "https://www.sec.gov/Archives/edgar/data/813672/000101287099001164/0001012870-99-001164-index.html",
    "finalLink": "https://www.sec.gov/Archives/edgar/data/813672/"
  },
  {
    "date": "1998-01-03",
    "symbol": "CDNS",
    "reportedCurrency": "USD",
    "cik": "0000813672",
    "fillingDate": "1998-04-01",
    "acceptedDate": "1998-04-01 00:00:00",
    "calendarYear": "1997",
    "period": "FY",
    "revenue": 915893000,
    "costOfRevenue": 183096000,
    "grossProfit": 732797000,
    "grossProfitRatio": 0.8000901852,
    "researchAndDevelopmentExpenses": 140375000,
    "generalAndAdministrativeExpenses": 0,
    "sellingAndMarketingExpenses": 0,
    "sellingGeneralAndAdministrativeExpenses": 314362000,
    "otherExpenses": 44053000,
    "operatingExpenses": 498790000,
    "costAndExpenses": 681886000,
    "interestIncome": 0,
    "interestExpense": 0,
    "depreciationAndAmortization": 56637000,
    "ebitda": 337400000,
    "ebitdaratio": 0.3683836431,
    "operatingIncome": 234007000,
    "operatingIncomeRatio": 0.2554960023,
    "totalOtherIncomeExpensesNet": -37793000,
    "incomeBeforeTax": 234007000,
    "incomeBeforeTaxRatio": 0.2554960023,
    "incomeTaxExpense": 77889000,
    "netIncome": 169466000,
    "netIncomeRatio": 0.1850281638,
    "eps": 0.75,
    "epsdiluted": 0.71,
    "weightedAverageShsOut": 220133333,
    "weightedAverageShsOutDil": 232535211,
    "link": "https://www.sec.gov/Archives/edgar/data/813672/000104746998013315/0001047469-98-013315-index.html",
    "finalLink": "https://www.sec.gov/Archives/edgar/data/813672/"
  },
  {
    "date": "1996-12-28",
    "symbol": "CDNS",
    "reportedCurrency": "USD",
    "cik": "0000813672",
    "fillingDate": "1997-07-29",
    "acceptedDate": "1997-07-29 00:00:00",
    "calendarYear": "1996",
    "period": "FY",
    "revenue": 741459000,
    "costOfRevenue": 153473000,
    "grossProfit": 587986000,
    "grossProfitRatio": 0.7930121558,
    "researchAndDevelopmentExpenses": 115301000,
    "generalAndAdministrativeExpenses": 0,
    "sellingAndMarketingExpenses": 0,
    "sellingGeneralAndAdministrativeExpenses": 280883000,
    "otherExpenses": 100543000,
    "operatingExpenses": 496727000,
    "costAndExpenses": 650200000,
    "interestIncome": 0,
    "interestExpense": 0,
    "depreciationAndAmortization": 51742000,
    "ebitda": 252000000,
    "ebitdaratio": 0.3398704446,
    "operatingIncome": 91259000,
    "operatingIncomeRatio": 0.1230803052,
    "totalOtherIncomeExpensesNet": -100300000,
    "incomeBeforeTax": 90477000,
    "incomeBeforeTaxRatio": 0.1220256278,
    "incomeTaxExpense": 61439000,
    "netIncome": 29038000,
    "netIncomeRatio": 0.0391633253,
    "eps": 0.32,
    "epsdiluted": 0.16,
    "weightedAverageShsOut": 90880500,
    "weightedAverageShsOutDil": 214375000,
    "link": "https://www.sec.gov/Archives/edgar/data/813672/000091205797025201/0000912057-97-025201-index.html",
    "finalLink": "https://www.sec.gov/Archives/edgar/data/813672/"
  },
  {
    "date": "1995-12-30",
    "symbol": "CDNS",
    "reportedCurrency": "USD",
    "cik": "0000813672",
    "fillingDate": "1996-03-28",
    "acceptedDate": "1996-03-28 00:00:00",
    "calendarYear": "1995",
    "period": "FY",
    "revenue": 548418000,
    "costOfRevenue": 116530000,
    "grossProfit": 431888000,
    "grossProfitRatio": 0.7875160917,
    "researchAndDevelopmentExpenses": 88566000,
    "generalAndAdministrativeExpenses": 0,
    "sellingAndMarketingExpenses": 0,
    "sellingGeneralAndAdministrativeExpenses": 225462000,
    "otherExpenses": 0,
    "operatingExpenses": 314028000,
    "costAndExpenses": 430558000,
    "interestIncome": 0,
    "interestExpense": 0,
    "depreciationAndAmortization": 46019000,
    "ebitda": 163879000,
    "ebitdaratio": 0.298821337,
    "operatingIncome": 117860000,
    "operatingIncomeRatio": 0.2149090657,
    "totalOtherIncomeExpensesNet": 17237000,
    "incomeBeforeTax": 135097000,
    "incomeBeforeTaxRatio": 0.246339471,
    "incomeTaxExpense": 37827000,
    "netIncome": 97270000,
    "netIncomeRatio": 0.1773647109,
    "eps": 1.57,
    "epsdiluted": 1.57,
    "weightedAverageShsOut": 61965000,
    "weightedAverageShsOutDil": 61965000,
    "link": "https://www.sec.gov/Archives/edgar/data/813672/000089161896000153/0000891618-96-000153-index.html",
    "finalLink": "https://www.sec.gov/Archives/edgar/data/813672/"
  },
  {
    "date": "1994-12-31",
    "symbol": "CDNS",
    "reportedCurrency": "USD",
    "cik": "0000813672",
    "fillingDate": "1995-03-31",
    "acceptedDate": "1995-03-31 00:00:00",
    "calendarYear": "1994",
    "period": "FY",
    "revenue": 429072000,
    "costOfRevenue": 94607000,
    "grossProfit": 334465000,
    "grossProfitRatio": 0.7795078681,
    "researchAndDevelopmentExpenses": 72574000,
    "generalAndAdministrativeExpenses": 0,
    "sellingAndMarketingExpenses": 0,
    "sellingGeneralAndAdministrativeExpenses": 203137000,
    "otherExpenses": 0,
    "operatingExpenses": 275711000,
    "costAndExpenses": 370318000,
    "interestIncome": 0,
    "interestExpense": 0,
    "depreciationAndAmortization": 44257000,
    "ebitda": 103011000,
    "ebitdaratio": 0.2400785882,
    "operatingIncome": 58754000,
    "operatingIncomeRatio": 0.1369327292,
    "totalOtherIncomeExpensesNet": -9891000,
    "incomeBeforeTax": 48863000,
    "incomeBeforeTaxRatio": 0.1138806541,
    "incomeTaxExpense": 12215000,
    "netIncome": 36648000,
    "netIncomeRatio": 0.0854122385,
    "eps": 0.85,
    "epsdiluted": 0.85,
    "weightedAverageShsOut": 43044000,
    "weightedAverageShsOutDil": 43044000,
    "link": "https://www.sec.gov/Archives/edgar/data/813672/000089161895000167/0000891618-95-000167-index.html",
    "finalLink": "https://www.sec.gov/Archives/edgar/data/813672/"
  },
  {
    "date": "1993-12-31",
    "symbol": "CDNS",
    "reportedCurrency": "USD",
    "cik": "0000813672",
    "fillingDate": "1994-06-17",
    "acceptedDate": "1994-06-17 00:00:00",
    "calendarYear": "1993",
    "period": "FY",
    "revenue": 368600000,
    "costOfRevenue": 45400000,
    "grossProfit": 323200000,
    "grossProfitRatio": 0.8768312534,
    "researchAndDevelopmentExpenses": 0,
    "generalAndAdministrativeExpenses": 0,
    "sellingAndMarketingExpenses": 0,
    "sellingGeneralAndAdministrativeExpenses": 281500000,
    "otherExpenses": 44000000,
    "operatingExpenses": 325500000,
    "costAndExpenses": 370900000,
    "interestIncome": 0,
    "interestExpense": 0,
    "depreciationAndAmortization": 44000000,
    "ebitda": 41700000,
    "ebitdaratio": 0.1131307651,
    "operatingIncome": -2300000,
    "operatingIncomeRatio": -0.0062398264,
    "totalOtherIncomeExpensesNet": 2300000,
    "incomeBeforeTax": 0,
    "incomeBeforeTaxRatio": 0,
    "incomeTaxExpense": 10500000,
    "netIncome": -12800000,
    "netIncomeRatio": -0.0347259902,
    "eps": -0.16,
    "epsdiluted": -0.16,
    "weightedAverageShsOut": 78104000,
    "weightedAverageShsOutDil": 78104000,
    "link": "https://www.sec.gov/Archives/edgar/data/813672/000089161894000131/0000891618-94-000131-index.html",
    "finalLink": "https://www.sec.gov/Archives/edgar/data/813672/"
  },
  {
    "date": "1992-12-31",
    "symbol": "CDNS",
    "reportedCurrency": "USD",
    "cik": "0000813672",
    "fillingDate": "1992-12-31",
    "acceptedDate": "1992-12-30 19:00:00",
    "calendarYear": "1992",
    "period": "FY",
    "revenue": 434500000,
    "costOfRevenue": 69200000,
    "grossProfit": 365300000,
    "grossProfitRatio": 0.8407364787,
    "researchAndDevelopmentExpenses": 0,
    "generalAndAdministrativeExpenses": 0,
    "sellingAndMarketingExpenses": 0,
    "sellingGeneralAndAdministrativeExpenses": 262000000,
    "otherExpenses": 37600000,
    "operatingExpenses": 299600000,
    "costAndExpenses": 368800000,
    "interestIncome": 0,
    "interestExpense": 0,
    "depreciationAndAmortization": 37600000,
    "ebitda": 103300000,
    "ebitdaratio": 0.2377445339,
    "operatingIncome": 65700000,
    "operatingIncomeRatio": 0.1512082854,
    "totalOtherIncomeExpensesNet": 2700000,
    "incomeBeforeTax": 68400000,
    "incomeBeforeTaxRatio": 0.1574223245,
    "incomeTaxExpense": 13000000,
    "netIncome": 55400000,
    "netIncomeRatio": 0.1275028769,
    "eps": 0.71,
    "epsdiluted": 0.71,
    "weightedAverageShsOut": 78104000,
    "weightedAverageShsOutDil": 78104000,
    "link": "",
    "finalLink": ""
  },
  {
    "date": "1991-12-31",
    "symbol": "CDNS",
    "reportedCurrency": "USD",
    "cik": "0000813672",
    "fillingDate": "1991-12-31",
    "acceptedDate": "1991-12-30 19:00:00",
    "calendarYear": "1991",
    "period": "FY",
    "revenue": 392300000,
    "costOfRevenue": 61400000,
    "grossProfit": 330900000,
    "grossProfitRatio": 0.8434871272,
    "researchAndDevelopmentExpenses": 0,
    "generalAndAdministrativeExpenses": 0,
    "sellingAndMarketingExpenses": 0,
    "sellingGeneralAndAdministrativeExpenses": 304800000,
    "otherExpenses": 40000000,
    "operatingExpenses": 344800000,
    "costAndExpenses": 406200000,
    "interestIncome": 0,
    "interestExpense": 0,
    "depreciationAndAmortization": 40000000,
    "ebitda": 26100000,
    "ebitdaratio": 0.0665307163,
    "operatingIncome": -13900000,
    "operatingIncomeRatio": -0.0354320673,
    "totalOtherIncomeExpensesNet": 2400000,
    "incomeBeforeTax": -11500000,
    "incomeBeforeTaxRatio": -0.0293143003,
    "incomeTaxExpense": 10200000,
    "netIncome": -21700000,
    "netIncomeRatio": -0.0553148101,
    "eps": -0.28,
    "epsdiluted": -0.28,
    "weightedAverageShsOut": 78104000,
    "weightedAverageShsOutDil": 78104000,
    "link": "",
    "finalLink": ""
  },
  {
    "date": "1990-12-31",
    "symbol": "CDNS",
    "reportedCurrency": "USD",
    "cik": "0000813672",
    "fillingDate": "1990-12-31",
    "acceptedDate": "1990-12-30 19:00:00",
    "calendarYear": "1990",
    "period": "FY",
    "revenue": 231400000,
    "costOfRevenue": 97400000,
    "grossProfit": 134000000,
    "grossProfitRatio": 0.5790838375,
    "researchAndDevelopmentExpenses": 0,
    "generalAndAdministrativeExpenses": 0,
    "sellingAndMarketingExpenses": 0,
    "sellingGeneralAndAdministrativeExpenses": 61400000,
    "otherExpenses": 20100000,
    "operatingExpenses": 81500000,
    "costAndExpenses": 178900000,
    "interestIncome": 0,
    "interestExpense": 0,
    "depreciationAndAmortization": 20100000,
    "ebitda": 72600000,
    "ebitdaratio": 0.3137424373,
    "operatingIncome": 52500000,
    "operatingIncomeRatio": 0.2268798617,
    "totalOtherIncomeExpensesNet": 3800000,
    "incomeBeforeTax": 56300000,
    "incomeBeforeTaxRatio": 0.2433016422,
    "incomeTaxExpense": 18300000,
    "netIncome": 38000000,
    "netIncomeRatio": 0.1642178047,
    "eps": 0.27,
    "epsdiluted": 0.27,
    "weightedAverageShsOut": 140740741,
    "weightedAverageShsOutDil": 140740741,
    "link": "",
    "finalLink": ""
  },
  {
    "date": "1989-12-31",
    "symbol": "CDNS",
    "reportedCurrency": "USD",
    "cik": "0000813672",
    "fillingDate": "1989-12-31",
    "acceptedDate": "1989-12-30 19:00:00",
    "calendarYear": "1989",
    "period": "FY",
    "revenue": 142800000,
    "costOfRevenue": 47200000,
    "grossProfit": 95600000,
    "grossProfitRatio": 0.6694677871,
    "researchAndDevelopmentExpenses": 0,
    "generalAndAdministrativeExpenses": 0,
    "sellingAndMarketingExpenses": 0,
    "sellingGeneralAndAdministrativeExpenses": 40300000,
    "otherExpenses": 14600000,
    "operatingExpenses": 54900000,
    "costAndExpenses": 102100000,
    "interestIncome": 0,
    "interestExpense": 0,
    "depreciationAndAmortization": 14600000,
    "ebitda": 55300000,
    "ebitdaratio": 0.387254902,
    "operatingIncome": 40700000,
    "operatingIncomeRatio": 0.2850140056,
    "totalOtherIncomeExpensesNet": 1700000,
    "incomeBeforeTax": 42400000,
    "incomeBeforeTaxRatio": 0.2969187675,
    "incomeTaxExpense": 14600000,
    "netIncome": 27800000,
    "netIncomeRatio": 0.1946778711,
    "eps": 0.21,
    "epsdiluted": 0.21,
    "weightedAverageShsOut": 132380952,
    "weightedAverageShsOutDil": 132380952,
    "link": "",
    "finalLink": ""
  },
  {
    "date": "1988-12-31",
    "symbol": "CDNS",
    "reportedCurrency": "USD",
    "cik": "0000813672",
    "fillingDate": "1988-12-31",
    "acceptedDate": "1988-12-30 19:00:00",
    "calendarYear": "1988",
    "period": "FY",
    "revenue": 67100000,
    "costOfRevenue": 23200000,
    "grossProfit": 43900000,
    "grossProfitRatio": 0.654247392,
    "researchAndDevelopmentExpenses": 0,
    "generalAndAdministrativeExpenses": 0,
    "sellingAndMarketingExpenses": 0,
    "sellingGeneralAndAdministrativeExpenses": 17100000,
    "otherExpenses": 6900000,
    "operatingExpenses": 24000000,
    "costAndExpenses": 47200000,
    "interestIncome": 0,
    "interestExpense": 0,
    "depreciationAndAmortization": 6900000,
    "ebitda": 26800000,
    "ebitdaratio": 0.3994038748,
    "operatingIncome": 19900000,
    "operatingIncomeRatio": 0.2965722802,
    "totalOtherIncomeExpensesNet": -900000,
    "incomeBeforeTax": 19000000,
    "incomeBeforeTaxRatio": 0.2831594635,
    "incomeTaxExpense": 5900000,
    "netIncome": 13100000,
    "netIncomeRatio": 0.1952309985,
    "eps": 0.13,
    "epsdiluted": 0.13,
    "weightedAverageShsOut": 100769231,
    "weightedAverageShsOutDil": 100769231,
    "link": "",
    "finalLink": ""
  },
  {
    "date": "1987-12-31",
    "symbol": "CDNS",
    "reportedCurrency": "USD",
    "cik": "0000813672",
    "fillingDate": "1987-12-31",
    "acceptedDate": "1987-12-30 19:00:00",
    "calendarYear": "1987",
    "period": "FY",
    "revenue": 23900000,
    "costOfRevenue": 8900000,
    "grossProfit": 15000000,
    "grossProfitRatio": 0.6276150628,
    "researchAndDevelopmentExpenses": 0,
    "generalAndAdministrativeExpenses": 0,
    "sellingAndMarketingExpenses": 0,
    "sellingGeneralAndAdministrativeExpenses": 7700000,
    "otherExpenses": 2800000,
    "operatingExpenses": 10500000,
    "costAndExpenses": 19400000,
    "interestIncome": 0,
    "interestExpense": 0,
    "depreciationAndAmortization": 2800000,
    "ebitda": 7300000,
    "ebitdaratio": 0.3054393305,
    "operatingIncome": 4500000,
    "operatingIncomeRatio": 0.1882845188,
    "totalOtherIncomeExpensesNet": 300000,
    "incomeBeforeTax": 4800000,
    "incomeBeforeTaxRatio": 0.2008368201,
    "incomeTaxExpense": 1600000,
    "netIncome": 3200000,
    "netIncomeRatio": 0.1338912134,
    "eps": 0.07,
    "epsdiluted": 0.07,
    "weightedAverageShsOut": 45714286,
    "weightedAverageShsOutDil": 45714286,
    "link": "",
    "finalLink": ""
  },
  {
    "date": "1986-12-31",
    "symbol": "CDNS",
    "reportedCurrency": "USD",
    "cik": "0000813672",
    "fillingDate": "1986-12-31",
    "acceptedDate": "1986-12-30 19:00:00",
    "calendarYear": "1986",
    "period": "FY",
    "revenue": 16600000,
    "costOfRevenue": 6500000,
    "grossProfit": 10100000,
    "grossProfitRatio": 0.6084337349,
    "researchAndDevelopmentExpenses": 0,
    "generalAndAdministrativeExpenses": 0,
    "sellingAndMarketingExpenses": 0,
    "sellingGeneralAndAdministrativeExpenses": 6200000,
    "otherExpenses": 1600000,
    "operatingExpenses": 7800000,
    "costAndExpenses": 14300000,
    "interestIncome": 0,
    "interestExpense": 0,
    "depreciationAndAmortization": 1600000,
    "ebitda": 3900000,
    "ebitdaratio": 0.234939759,
    "operatingIncome": 2300000,
    "operatingIncomeRatio": 0.1385542169,
    "totalOtherIncomeExpensesNet": 0,
    "incomeBeforeTax": 2300000,
    "incomeBeforeTaxRatio": 0.1385542169,
    "incomeTaxExpense": 800000,
    "netIncome": 1500000,
    "netIncomeRatio": 0.0903614458,
    "eps": 0.0359,
    "epsdiluted": 0.0359,
    "weightedAverageShsOut": 41782000,
    "weightedAverageShsOutDil": 41782000,
    "link": "",
    "finalLink": ""
  }
]