[
  {
    "date": "2025-06-30",
    "symbol": "CDW",
    "reportedCurrency": "USD",
    "cik": "0001402057",
    "fillingDate": "2025-08-06",
    "acceptedDate": "2025-08-06 16:07:58",
    "calendarYear": "2025",
    "period": "Q2",
    "revenue": 5976600000,
    "costOfRevenue": 4735400000,
    "grossProfit": 1241200000,
    "grossProfitRatio": 0.2076766054,
    "researchAndDevelopmentExpenses": 0,
    "generalAndAdministrativeExpenses": 0,
    "sellingAndMarketingExpenses": 0,
    "sellingGeneralAndAdministrativeExpenses": 821000000,
    "otherExpenses": 0,
    "operatingExpenses": 821000000,
    "costAndExpenses": 5556400000,
    "interestIncome": 0,
    "interestExpense": 56800000,
    "depreciationAndAmortization": 73300000,
    "ebitda": 495000000,
    "ebitdaratio": 0.0828230097,
    "operatingIncome": 420200000,
    "operatingIncomeRatio": 0.0703075327,
    "totalOtherIncomeExpensesNet": -55300000,
    "incomeBeforeTax": 364900000,
    "incomeBeforeTaxRatio": 0.0610547803,
    "incomeTaxExpense": 93700000,
    "netIncome": 271200000,
    "netIncomeRatio": 0.0453769702,
    "eps": 2.06,
    "epsdiluted": 2.05,
    "weightedAverageShsOut": 131600000,
    "weightedAverageShsOutDil": 132400000,
    "link": "https://www.sec.gov/Archives/edgar/data/1402057/000140205725000145/0001402057-25-000145-index.htm",
    "finalLink": "https://www.sec.gov/Archives/edgar/data/1402057/000140205725000145/cdw-20250630.htm"
  },
  {
    "date": "2025-03-31",
    "symbol": "CDW",
    "reportedCurrency": "USD",
    "cik": "0001402057",
    "fillingDate": "2025-05-07",
    "acceptedDate": "2025-05-07 16:12:04",
    "calendarYear": "2025",
    "period": "Q1",
    "revenue": 5199100000,
    "costOfRevenue": 4076800000,
    "grossProfit": 1122300000,
    "grossProfitRatio": 0.2158642842,
    "researchAndDevelopmentExpenses": 0,
    "generalAndAdministrativeExpenses": 0,
    "sellingAndMarketingExpenses": 0,
    "sellingGeneralAndAdministrativeExpenses": 760900000,
    "otherExpenses": 0,
    "operatingExpenses": 760900000,
    "costAndExpenses": 4837700000,
    "interestIncome": 0,
    "interestExpense": 57100000,
    "depreciationAndAmortization": 74900000,
    "ebitda": 436000000,
    "ebitdaratio": 0.0838606682,
    "operatingIncome": 361400000,
    "operatingIncomeRatio": 0.0695120309,
    "totalOtherIncomeExpensesNet": -57400000,
    "incomeBeforeTax": 304000000,
    "incomeBeforeTaxRatio": 0.0584716586,
    "incomeTaxExpense": 79100000,
    "netIncome": 224900000,
    "netIncomeRatio": 0.0432574869,
    "eps": 1.7,
    "epsdiluted": 1.69,
    "weightedAverageShsOut": 132500000,
    "weightedAverageShsOutDil": 133500000,
    "link": "https://www.sec.gov/Archives/edgar/data/1402057/000140205725000096/0001402057-25-000096-index.htm",
    "finalLink": "https://www.sec.gov/Archives/edgar/data/1402057/000140205725000096/cdw-20250331.htm"
  },
  {
    "date": "2024-12-31",
    "symbol": "CDW",
    "reportedCurrency": "USD",
    "cik": "0001402057",
    "fillingDate": "2025-02-21",
    "acceptedDate": "2025-02-21 16:20:10",
    "calendarYear": "2024",
    "period": "Q4",
    "revenue": 5186000000,
    "costOfRevenue": 4030700000,
    "grossProfit": 1155300000,
    "grossProfitRatio": 0.22277285,
    "researchAndDevelopmentExpenses": 0,
    "generalAndAdministrativeExpenses": 0,
    "sellingAndMarketingExpenses": 0,
    "sellingGeneralAndAdministrativeExpenses": 746700000,
    "otherExpenses": 0,
    "operatingExpenses": 746700000,
    "costAndExpenses": 4777400000,
    "interestIncome": 0,
    "interestExpense": 56500000,
    "depreciationAndAmortization": 69500000,
    "ebitda": 477500000,
    "ebitdaratio": 0.0920748168,
    "operatingIncome": 408600000,
    "operatingIncomeRatio": 0.0787890474,
    "totalOtherIncomeExpensesNet": -57100000,
    "incomeBeforeTax": 351500000,
    "incomeBeforeTaxRatio": 0.0677786348,
    "incomeTaxExpense": 87300000,
    "netIncome": 264200000,
    "netIncomeRatio": 0.0509448515,
    "eps": 1.98,
    "epsdiluted": 1.97,
    "weightedAverageShsOut": 133100000,
    "weightedAverageShsOutDil": 134400000,
    "link": "https://www.sec.gov/Archives/edgar/data/1402057/000140205725000018/0001402057-25-000018-index.htm",
    "finalLink": "https://www.sec.gov/Archives/edgar/data/1402057/000140205725000018/cdw-20241231.htm"
  },
  {
    "date": "2024-09-30",
    "symbol": "CDW",
    "reportedCurrency": "USD",
    "cik": "0001402057",
    "fillingDate": "2024-10-30",
    "acceptedDate": "2024-10-30 16:04:17",
    "calendarYear": "2024",
    "period": "Q3",
    "revenue": 5516600000,
    "costOfRevenue": 4315900000,
    "grossProfit": 1200700000,
    "grossProfitRatio": 0.2176521771,
    "researchAndDevelopmentExpenses": 0,
    "generalAndAdministrativeExpenses": 0,
    "sellingAndMarketingExpenses": 0,
    "sellingGeneralAndAdministrativeExpenses": 719100000,
    "otherExpenses": 0,
    "operatingExpenses": 719100000,
    "costAndExpenses": 5035000000,
    "interestIncome": 0,
    "interestExpense": 54400000,
    "depreciationAndAmortization": 69100000,
    "ebitda": 551100000,
    "ebitdaratio": 0.0998984882,
    "operatingIncome": 481600000,
    "operatingIncomeRatio": 0.0873001486,
    "totalOtherIncomeExpensesNet": -54000000,
    "incomeBeforeTax": 427600000,
    "incomeBeforeTaxRatio": 0.0775115107,
    "incomeTaxExpense": 111200000,
    "netIncome": 316400000,
    "netIncomeRatio": 0.0573541674,
    "eps": 2.37,
    "epsdiluted": 2.35,
    "weightedAverageShsOut": 133500000,
    "weightedAverageShsOutDil": 134900000,
    "link": "https://www.sec.gov/Archives/edgar/data/1402057/000140205724000182/0001402057-24-000182-index.htm",
    "finalLink": "https://www.sec.gov/Archives/edgar/data/1402057/000140205724000182/cdw-20240930.htm"
  },
  {
    "date": "2024-06-30",
    "symbol": "CDW",
    "reportedCurrency": "USD",
    "cik": "0001402057",
    "fillingDate": "2024-07-31",
    "acceptedDate": "2024-07-31 16:17:11",
    "calendarYear": "2024",
    "period": "Q2",
    "revenue": 5423400000,
    "costOfRevenue": 4240300000,
    "grossProfit": 1183100000,
    "grossProfitRatio": 0.2181472877,
    "researchAndDevelopmentExpenses": 0,
    "generalAndAdministrativeExpenses": 0,
    "sellingAndMarketingExpenses": 0,
    "sellingGeneralAndAdministrativeExpenses": 750000000,
    "otherExpenses": 0,
    "operatingExpenses": 750000000,
    "costAndExpenses": 4990300000,
    "interestIncome": 0,
    "interestExpense": 52300000,
    "depreciationAndAmortization": 69400000,
    "ebitda": 501400000,
    "ebitdaratio": 0.0924512299,
    "operatingIncome": 433100000,
    "operatingIncomeRatio": 0.0798576539,
    "totalOtherIncomeExpensesNet": -53400000,
    "incomeBeforeTax": 379700000,
    "incomeBeforeTaxRatio": 0.0700114319,
    "incomeTaxExpense": 98600000,
    "netIncome": 281100000,
    "netIncomeRatio": 0.0518309548,
    "eps": 2.1,
    "epsdiluted": 2.07,
    "weightedAverageShsOut": 134100000,
    "weightedAverageShsOutDil": 135600000,
    "link": "https://www.sec.gov/Archives/edgar/data/1402057/000140205724000138/0001402057-24-000138-index.htm",
    "finalLink": "https://www.sec.gov/Archives/edgar/data/1402057/000140205724000138/cdw-20240630.htm"
  },
  {
    "date": "2024-03-31",
    "symbol": "CDW",
    "reportedCurrency": "USD",
    "cik": "0001402057",
    "fillingDate": "2024-05-01",
    "acceptedDate": "2024-05-01 16:37:02",
    "calendarYear": "2024",
    "period": "Q1",
    "revenue": 4872700000,
    "costOfRevenue": 3809400000,
    "grossProfit": 1063300000,
    "grossProfitRatio": 0.2182157736,
    "researchAndDevelopmentExpenses": 0,
    "generalAndAdministrativeExpenses": 0,
    "sellingAndMarketingExpenses": 0,
    "sellingGeneralAndAdministrativeExpenses": 735300000,
    "otherExpenses": 0,
    "operatingExpenses": 735300000,
    "costAndExpenses": 4544700000,
    "interestIncome": 0,
    "interestExpense": 51300000,
    "depreciationAndAmortization": 67300000,
    "ebitda": 395200000,
    "ebitdaratio": 0.0811049316,
    "operatingIncome": 328000000,
    "operatingIncomeRatio": 0.0673138096,
    "totalOtherIncomeExpensesNet": -51400000,
    "incomeBeforeTax": 276600000,
    "incomeBeforeTaxRatio": 0.0567652431,
    "incomeTaxExpense": 60500000,
    "netIncome": 216100000,
    "netIncomeRatio": 0.0443491288,
    "eps": 1.61,
    "epsdiluted": 1.59,
    "weightedAverageShsOut": 134400000,
    "weightedAverageShsOutDil": 136000000,
    "link": "https://www.sec.gov/Archives/edgar/data/1402057/000140205724000088/0001402057-24-000088-index.htm",
    "finalLink": "https://www.sec.gov/Archives/edgar/data/1402057/000140205724000088/cdw-20240331.htm"
  },
  {
    "date": "2023-12-31",
    "symbol": "CDW",
    "reportedCurrency": "USD",
    "cik": "0001402057",
    "fillingDate": "2024-02-26",
    "acceptedDate": "2024-02-26 16:05:30",
    "calendarYear": "2023",
    "period": "Q4",
    "revenue": 5018500000,
    "costOfRevenue": 3864700000,
    "grossProfit": 1153800000,
    "grossProfitRatio": 0.2299093355,
    "researchAndDevelopmentExpenses": 0,
    "generalAndAdministrativeExpenses": 0,
    "sellingAndMarketingExpenses": 0,
    "sellingGeneralAndAdministrativeExpenses": 718800000,
    "otherExpenses": 0,
    "operatingExpenses": 718800000,
    "costAndExpenses": 4583500000,
    "interestIncome": 0,
    "interestExpense": 53300000,
    "depreciationAndAmortization": 68100000,
    "ebitda": 502100000,
    "ebitdaratio": 0.1000498157,
    "operatingIncome": 435000000,
    "operatingIncomeRatio": 0.0866792866,
    "totalOtherIncomeExpensesNet": -54300000,
    "incomeBeforeTax": 380700000,
    "incomeBeforeTaxRatio": 0.0758593205,
    "incomeTaxExpense": 84600000,
    "netIncome": 296100000,
    "netIncomeRatio": 0.0590016937,
    "eps": 2.21,
    "epsdiluted": 2.18,
    "weightedAverageShsOut": 134100000,
    "weightedAverageShsOutDil": 135900000,
    "link": "https://www.sec.gov/Archives/edgar/data/1402057/000140205724000015/0001402057-24-000015-index.htm",
    "finalLink": "https://www.sec.gov/Archives/edgar/data/1402057/000140205724000015/cdw-20231231.htm"
  },
  {
    "date": "2023-09-30",
    "symbol": "CDW",
    "reportedCurrency": "USD",
    "cik": "0001402057",
    "fillingDate": "2023-11-01",
    "acceptedDate": "2023-11-01 16:07:51",
    "calendarYear": "2023",
    "period": "Q3",
    "revenue": 5628300000,
    "costOfRevenue": 4400600000,
    "grossProfit": 1227700000,
    "grossProfitRatio": 0.2181298083,
    "researchAndDevelopmentExpenses": 0,
    "generalAndAdministrativeExpenses": 0,
    "sellingAndMarketingExpenses": 0,
    "sellingGeneralAndAdministrativeExpenses": 749300000,
    "otherExpenses": 0,
    "operatingExpenses": 749300000,
    "costAndExpenses": 5149900000,
    "interestIncome": 0,
    "interestExpense": 57400000,
    "depreciationAndAmortization": 66000000,
    "ebitda": 543200000,
    "ebitdaratio": 0.0965122684,
    "operatingIncome": 478400000,
    "operatingIncomeRatio": 0.0849990228,
    "totalOtherIncomeExpensesNet": -58600000,
    "incomeBeforeTax": 419800000,
    "incomeBeforeTaxRatio": 0.0745873532,
    "incomeTaxExpense": 104300000,
    "netIncome": 315500000,
    "netIncomeRatio": 0.0560560027,
    "eps": 2.35,
    "epsdiluted": 2.32,
    "weightedAverageShsOut": 134100000,
    "weightedAverageShsOutDil": 135900000,
    "link": "https://www.sec.gov/Archives/edgar/data/1402057/000140205723000169/0001402057-23-000169-index.htm",
    "finalLink": "https://www.sec.gov/Archives/edgar/data/1402057/000140205723000169/cdw-20230930.htm"
  },
  {
    "date": "2023-06-30",
    "symbol": "CDW",
    "reportedCurrency": "USD",
    "cik": "0001402057",
    "fillingDate": "2023-08-02",
    "acceptedDate": "2023-08-02 16:14:54",
    "calendarYear": "2023",
    "period": "Q2",
    "revenue": 5626100000,
    "costOfRevenue": 4444600000,
    "grossProfit": 1181500000,
    "grossProfitRatio": 0.2100033771,
    "researchAndDevelopmentExpenses": 0,
    "generalAndAdministrativeExpenses": 0,
    "sellingAndMarketingExpenses": 0,
    "sellingGeneralAndAdministrativeExpenses": 769300000,
    "otherExpenses": 0,
    "operatingExpenses": 769300000,
    "costAndExpenses": 5213900000,
    "interestIncome": 0,
    "interestExpense": 58200000,
    "depreciationAndAmortization": 65900000,
    "ebitda": 477500000,
    "ebitdaratio": 0.0848722916,
    "operatingIncome": 412200000,
    "operatingIncomeRatio": 0.0732656725,
    "totalOtherIncomeExpensesNet": -58800000,
    "incomeBeforeTax": 353400000,
    "incomeBeforeTaxRatio": 0.062814383,
    "incomeTaxExpense": 90800000,
    "netIncome": 262600000,
    "netIncomeRatio": 0.0466753168,
    "eps": 1.95,
    "epsdiluted": 1.93,
    "weightedAverageShsOut": 134600000,
    "weightedAverageShsOutDil": 136100000,
    "link": "https://www.sec.gov/Archives/edgar/data/1402057/000140205723000132/0001402057-23-000132-index.htm",
    "finalLink": "https://www.sec.gov/Archives/edgar/data/1402057/000140205723000132/cdw-20230630.htm"
  },
  {
    "date": "2023-03-31",
    "symbol": "CDW",
    "reportedCurrency": "USD",
    "cik": "0001402057",
    "fillingDate": "2023-05-03",
    "acceptedDate": "2023-05-03 16:34:06",
    "calendarYear": "2023",
    "period": "Q1",
    "revenue": 5103100000,
    "costOfRevenue": 4013700000,
    "grossProfit": 1089400000,
    "grossProfitRatio": 0.213478082,
    "researchAndDevelopmentExpenses": 0,
    "generalAndAdministrativeExpenses": 0,
    "sellingAndMarketingExpenses": 0,
    "sellingGeneralAndAdministrativeExpenses": 734100000,
    "otherExpenses": 0,
    "operatingExpenses": 734100000,
    "costAndExpenses": 4747800000,
    "interestIncome": 0,
    "interestExpense": 57700000,
    "depreciationAndAmortization": 70700000,
    "ebitda": 424700000,
    "ebitdaratio": 0.0832239227,
    "operatingIncome": 355300000,
    "operatingIncomeRatio": 0.069624346,
    "totalOtherIncomeExpensesNet": -59000000,
    "incomeBeforeTax": 296300000,
    "incomeBeforeTaxRatio": 0.0580627462,
    "incomeTaxExpense": 66200000,
    "netIncome": 230100000,
    "netIncomeRatio": 0.0450902393,
    "eps": 1.7,
    "epsdiluted": 1.68,
    "weightedAverageShsOut": 135600000,
    "weightedAverageShsOutDil": 137300000,
    "link": "https://www.sec.gov/Archives/edgar/data/1402057/000140205723000091/0001402057-23-000091-index.htm",
    "finalLink": "https://www.sec.gov/Archives/edgar/data/1402057/000140205723000091/cdw-20230331.htm"
  },
  {
    "date": "2022-12-31",
    "symbol": "CDW",
    "reportedCurrency": "USD",
    "cik": "0001402057",
    "fillingDate": "2023-02-24",
    "acceptedDate": "2023-02-24 16:30:45",
    "calendarYear": "2022",
    "period": "Q4",
    "revenue": 5438300000,
    "costOfRevenue": 4257200000,
    "grossProfit": 1181100000,
    "grossProfitRatio": 0.2171818399,
    "researchAndDevelopmentExpenses": 0,
    "generalAndAdministrativeExpenses": 0,
    "sellingAndMarketingExpenses": 0,
    "sellingGeneralAndAdministrativeExpenses": 734500000,
    "otherExpenses": 0,
    "operatingExpenses": 734500000,
    "costAndExpenses": 4991700000,
    "interestIncome": 0,
    "interestExpense": 59400000,
    "depreciationAndAmortization": 72500000,
    "ebitda": 513100000,
    "ebitdaratio": 0.0943493371,
    "operatingIncome": 446600000,
    "operatingIncomeRatio": 0.0821212511,
    "totalOtherIncomeExpensesNet": -65400000,
    "incomeBeforeTax": 381200000,
    "incomeBeforeTaxRatio": 0.0700954342,
    "incomeTaxExpense": 94000000,
    "netIncome": 287200000,
    "netIncomeRatio": 0.052810621,
    "eps": 2.12,
    "epsdiluted": 2.09,
    "weightedAverageShsOut": 135500000,
    "weightedAverageShsOutDil": 137400000,
    "link": "https://www.sec.gov/Archives/edgar/data/1402057/000140205723000052/0001402057-23-000052-index.htm",
    "finalLink": "https://www.sec.gov/Archives/edgar/data/1402057/000140205723000052/cdw-20221231.htm"
  },
  {
    "date": "2022-09-30",
    "symbol": "CDW",
    "reportedCurrency": "USD",
    "cik": "0001402057",
    "fillingDate": "2022-11-02",
    "acceptedDate": "2022-11-02 16:18:44",
    "calendarYear": "2022",
    "period": "Q3",
    "revenue": 6215500000,
    "costOfRevenue": 4982300000,
    "grossProfit": 1233200000,
    "grossProfitRatio": 0.1984072078,
    "researchAndDevelopmentExpenses": 0,
    "generalAndAdministrativeExpenses": 0,
    "sellingAndMarketingExpenses": 0,
    "sellingGeneralAndAdministrativeExpenses": 766800000,
    "otherExpenses": 0,
    "operatingExpenses": 766800000,
    "costAndExpenses": 5749100000,
    "interestIncome": 0,
    "interestExpense": 62600000,
    "depreciationAndAmortization": 75600000,
    "ebitda": 537200000,
    "ebitdaratio": 0.0864290886,
    "operatingIncome": 466400000,
    "operatingIncomeRatio": 0.0750382109,
    "totalOtherIncomeExpensesNet": -67400000,
    "incomeBeforeTax": 399000000,
    "incomeBeforeTaxRatio": 0.0641943528,
    "incomeTaxExpense": 101200000,
    "netIncome": 297800000,
    "netIncomeRatio": 0.0479124769,
    "eps": 2.2,
    "epsdiluted": 2.17,
    "weightedAverageShsOut": 135300000,
    "weightedAverageShsOutDil": 137100000,
    "link": "https://www.sec.gov/Archives/edgar/data/1402057/000140205722000159/0001402057-22-000159-index.htm",
    "finalLink": "https://www.sec.gov/Archives/edgar/data/1402057/000140205722000159/cdw-20220930.htm"
  },
  {
    "date": "2022-06-30",
    "symbol": "CDW",
    "reportedCurrency": "USD",
    "cik": "0001402057",
    "fillingDate": "2022-08-03",
    "acceptedDate": "2022-08-03 16:31:45",
    "calendarYear": "2022",
    "period": "Q2",
    "revenue": 6145800000,
    "costOfRevenue": 4977600000,
    "grossProfit": 1168200000,
    "grossProfitRatio": 0.1900810309,
    "researchAndDevelopmentExpenses": 0,
    "generalAndAdministrativeExpenses": 0,
    "sellingAndMarketingExpenses": 0,
    "sellingGeneralAndAdministrativeExpenses": 732900000,
    "otherExpenses": 0,
    "operatingExpenses": 732900000,
    "costAndExpenses": 5710500000,
    "interestIncome": 0,
    "interestExpense": 57700000,
    "depreciationAndAmortization": 71100000,
    "ebitda": 506000000,
    "ebitdaratio": 0.0823326499,
    "operatingIncome": 435300000,
    "operatingIncomeRatio": 0.0708288587,
    "totalOtherIncomeExpensesNet": -58100000,
    "incomeBeforeTax": 377200000,
    "incomeBeforeTaxRatio": 0.0613752481,
    "incomeTaxExpense": 97900000,
    "netIncome": 279300000,
    "netIncomeRatio": 0.0454456702,
    "eps": 2.07,
    "epsdiluted": 2.04,
    "weightedAverageShsOut": 135200000,
    "weightedAverageShsOutDil": 136800000,
    "link": "https://www.sec.gov/Archives/edgar/data/1402057/000140205722000121/0001402057-22-000121-index.htm",
    "finalLink": "https://www.sec.gov/Archives/edgar/data/1402057/000140205722000121/cdw-20220630.htm"
  },
  {
    "date": "2022-03-31",
    "symbol": "CDW",
    "reportedCurrency": "USD",
    "cik": "0001402057",
    "fillingDate": "2022-05-04",
    "acceptedDate": "2022-05-04 16:15:45",
    "calendarYear": "2022",
    "period": "Q1",
    "revenue": 5949100000,
    "costOfRevenue": 4845000000,
    "grossProfit": 1104100000,
    "grossProfitRatio": 0.1855910978,
    "researchAndDevelopmentExpenses": 0,
    "generalAndAdministrativeExpenses": 0,
    "sellingAndMarketingExpenses": 0,
    "sellingGeneralAndAdministrativeExpenses": 717200000,
    "otherExpenses": 0,
    "operatingExpenses": 717200000,
    "costAndExpenses": 5562200000,
    "interestIncome": 0,
    "interestExpense": 56000000,
    "depreciationAndAmortization": 71400000,
    "ebitda": 457800000,
    "ebitdaratio": 0.0769528164,
    "operatingIncome": 386900000,
    "operatingIncomeRatio": 0.0650350473,
    "totalOtherIncomeExpensesNet": -56500000,
    "incomeBeforeTax": 330400000,
    "incomeBeforeTaxRatio": 0.0555378124,
    "incomeTaxExpense": 80200000,
    "netIncome": 250200000,
    "netIncomeRatio": 0.0420567817,
    "eps": 1.85,
    "epsdiluted": 1.83,
    "weightedAverageShsOut": 134900000,
    "weightedAverageShsOutDil": 136700000,
    "link": "https://www.sec.gov/Archives/edgar/data/1402057/000140205722000084/0001402057-22-000084-index.htm",
    "finalLink": "https://www.sec.gov/Archives/edgar/data/1402057/000140205722000084/cdw-20220331.htm"
  },
  {
    "date": "2021-12-31",
    "symbol": "CDW",
    "reportedCurrency": "USD",
    "cik": "0001402057",
    "fillingDate": "2022-02-28",
    "acceptedDate": "2022-02-28 16:19:18",
    "calendarYear": "2021",
    "period": "Q4",
    "revenue": 5536900000,
    "costOfRevenue": 4561300000,
    "grossProfit": 975600000,
    "grossProfitRatio": 0.1761996785,
    "researchAndDevelopmentExpenses": 0,
    "generalAndAdministrativeExpenses": 0,
    "sellingAndMarketingExpenses": 0,
    "sellingGeneralAndAdministrativeExpenses": 636300000,
    "otherExpenses": 0,
    "operatingExpenses": 636300000,
    "costAndExpenses": 5197600000,
    "interestIncome": 0,
    "interestExpense": 43400000,
    "depreciationAndAmortization": 51200000,
    "ebitda": 381900000,
    "ebitdaratio": 0.0689736134,
    "operatingIncome": 339300000,
    "operatingIncomeRatio": 0.0612797775,
    "totalOtherIncomeExpensesNet": -52000000,
    "incomeBeforeTax": 287300000,
    "incomeBeforeTaxRatio": 0.0518882407,
    "incomeTaxExpense": 72000000,
    "netIncome": 215300000,
    "netIncomeRatio": 0.0388845744,
    "eps": 1.6,
    "epsdiluted": 1.57,
    "weightedAverageShsOut": 135500000,
    "weightedAverageShsOutDil": 137700000,
    "link": "https://www.sec.gov/Archives/edgar/data/1402057/000140205722000020/0001402057-22-000020-index.htm",
    "finalLink": "https://www.sec.gov/Archives/edgar/data/1402057/000140205722000020/cdw-20211231.htm"
  },
  {
    "date": "2021-09-30",
    "symbol": "CDW",
    "reportedCurrency": "USD",
    "cik": "0001402057",
    "fillingDate": "2021-11-03",
    "acceptedDate": "2021-11-03 16:24:27",
    "calendarYear": "2021",
    "period": "Q3",
    "revenue": 5300000000,
    "costOfRevenue": 4385100000,
    "grossProfit": 914900000,
    "grossProfitRatio": 0.1726226415,
    "researchAndDevelopmentExpenses": 0,
    "generalAndAdministrativeExpenses": 0,
    "sellingAndMarketingExpenses": 0,
    "sellingGeneralAndAdministrativeExpenses": 528500000,
    "otherExpenses": 0,
    "operatingExpenses": 528500000,
    "costAndExpenses": 4913600000,
    "interestIncome": 0,
    "interestExpense": 36400000,
    "depreciationAndAmortization": 48200000,
    "ebitda": 435000000,
    "ebitdaratio": 0.0820754717,
    "operatingIncome": 386400000,
    "operatingIncomeRatio": 0.0729056604,
    "totalOtherIncomeExpensesNet": -36000000,
    "incomeBeforeTax": 350400000,
    "incomeBeforeTaxRatio": 0.0661132075,
    "incomeTaxExpense": 83800000,
    "netIncome": 266600000,
    "netIncomeRatio": 0.0503018868,
    "eps": 1.94,
    "epsdiluted": 1.91,
    "weightedAverageShsOut": 137300000,
    "weightedAverageShsOutDil": 139400000,
    "link": "https://www.sec.gov/Archives/edgar/data/1402057/000140205721000153/0001402057-21-000153-index.htm",
    "finalLink": "https://www.sec.gov/Archives/edgar/data/1402057/000140205721000153/cdw-20210930.htm"
  },
  {
    "date": "2021-06-30",
    "symbol": "CDW",
    "reportedCurrency": "USD",
    "cik": "0001402057",
    "fillingDate": "2021-08-04",
    "acceptedDate": "2021-08-04 16:06:40",
    "calendarYear": "2021",
    "period": "Q2",
    "revenue": 5146400000,
    "costOfRevenue": 4263600000,
    "grossProfit": 882800000,
    "grossProfitRatio": 0.1715373854,
    "researchAndDevelopmentExpenses": 0,
    "generalAndAdministrativeExpenses": 0,
    "sellingAndMarketingExpenses": 0,
    "sellingGeneralAndAdministrativeExpenses": 512900000,
    "otherExpenses": 0,
    "operatingExpenses": 512900000,
    "costAndExpenses": 4776500000,
    "interestIncome": 0,
    "interestExpense": 35500000,
    "depreciationAndAmortization": 46600000,
    "ebitda": 453300000,
    "ebitdaratio": 0.0880809887,
    "operatingIncome": 369900000,
    "operatingIncomeRatio": 0.0718754858,
    "totalOtherIncomeExpensesNet": 1300000,
    "incomeBeforeTax": 371200000,
    "incomeBeforeTaxRatio": 0.0721280895,
    "incomeTaxExpense": 97100000,
    "netIncome": 274100000,
    "netIncomeRatio": 0.0532605316,
    "eps": 1.96,
    "epsdiluted": 1.93,
    "weightedAverageShsOut": 139800000,
    "weightedAverageShsOutDil": 141700000,
    "link": "https://www.sec.gov/Archives/edgar/data/1402057/000140205721000109/0001402057-21-000109-index.htm",
    "finalLink": "https://www.sec.gov/Archives/edgar/data/1402057/000140205721000109/cdw-20210630.htm"
  },
  {
    "date": "2021-03-31",
    "symbol": "CDW",
    "reportedCurrency": "USD",
    "cik": "0001402057",
    "fillingDate": "2021-05-05",
    "acceptedDate": "2021-05-05 16:03:53",
    "calendarYear": "2021",
    "period": "Q1",
    "revenue": 4837500000,
    "costOfRevenue": 4042300000,
    "grossProfit": 795200000,
    "grossProfitRatio": 0.1643824289,
    "researchAndDevelopmentExpenses": 0,
    "generalAndAdministrativeExpenses": 0,
    "sellingAndMarketingExpenses": 0,
    "sellingGeneralAndAdministrativeExpenses": 471800000,
    "otherExpenses": 0,
    "operatingExpenses": 471800000,
    "costAndExpenses": 4514100000,
    "interestIncome": 0,
    "interestExpense": 35600000,
    "depreciationAndAmortization": 45200000,
    "ebitda": 369700000,
    "ebitdaratio": 0.0764237726,
    "operatingIncome": 323400000,
    "operatingIncomeRatio": 0.0668527132,
    "totalOtherIncomeExpensesNet": -34500000,
    "incomeBeforeTax": 288900000,
    "incomeBeforeTaxRatio": 0.0597209302,
    "incomeTaxExpense": 56300000,
    "netIncome": 232600000,
    "netIncomeRatio": 0.0480826873,
    "eps": 1.65,
    "epsdiluted": 1.63,
    "weightedAverageShsOut": 141100000,
    "weightedAverageShsOutDil": 143100000,
    "link": "https://www.sec.gov/Archives/edgar/data/1402057/000140205721000073/0001402057-21-000073-index.htm",
    "finalLink": "https://www.sec.gov/Archives/edgar/data/1402057/000140205721000073/cdw-20210331.htm"
  },
  {
    "date": "2020-12-31",
    "symbol": "CDW",
    "reportedCurrency": "USD",
    "cik": "0001402057",
    "fillingDate": "2021-02-26",
    "acceptedDate": "2021-02-26 16:02:24",
    "calendarYear": "2020",
    "period": "Q4",
    "revenue": 4956200000,
    "costOfRevenue": 4075300000,
    "grossProfit": 880900000,
    "grossProfitRatio": 0.1777369759,
    "researchAndDevelopmentExpenses": 0,
    "generalAndAdministrativeExpenses": 0,
    "sellingAndMarketingExpenses": 0,
    "sellingGeneralAndAdministrativeExpenses": 548700000,
    "otherExpenses": 0,
    "operatingExpenses": 548700000,
    "costAndExpenses": 4624000000,
    "interestIncome": 0,
    "interestExpense": 37100000,
    "depreciationAndAmortization": 76600000,
    "ebitda": 408700000,
    "ebitdaratio": 0.0824623704,
    "operatingIncome": 332200000,
    "operatingIncomeRatio": 0.0670271579,
    "totalOtherIncomeExpensesNet": -37200000,
    "incomeBeforeTax": 295000000,
    "incomeBeforeTaxRatio": 0.0595214075,
    "incomeTaxExpense": 56700000,
    "netIncome": 238300000,
    "netIncomeRatio": 0.0480811912,
    "eps": 1.67,
    "epsdiluted": 1.65,
    "weightedAverageShsOut": 142700000,
    "weightedAverageShsOutDil": 145100000,
    "link": "https://www.sec.gov/Archives/edgar/data/1402057/000140205721000022/0001402057-21-000022-index.htm",
    "finalLink": "https://www.sec.gov/Archives/edgar/data/1402057/000140205721000022/cdw-20201231.htm"
  },
  {
    "date": "2020-09-30",
    "symbol": "CDW",
    "reportedCurrency": "USD",
    "cik": "0001402057",
    "fillingDate": "2020-11-02",
    "acceptedDate": "2020-11-02 16:02:47",
    "calendarYear": "2020",
    "period": "Q3",
    "revenue": 4756400000,
    "costOfRevenue": 3930900000,
    "grossProfit": 825500000,
    "grossProfitRatio": 0.1735556303,
    "researchAndDevelopmentExpenses": 0,
    "generalAndAdministrativeExpenses": 0,
    "sellingAndMarketingExpenses": 0,
    "sellingGeneralAndAdministrativeExpenses": 507700000,
    "otherExpenses": 0,
    "operatingExpenses": 507700000,
    "costAndExpenses": 4438600000,
    "interestIncome": 0,
    "interestExpense": 40200000,
    "depreciationAndAmortization": 132400000,
    "ebitda": 422700000,
    "ebitdaratio": 0.0888697334,
    "operatingIncome": 317800000,
    "operatingIncomeRatio": 0.0668152384,
    "totalOtherIncomeExpensesNet": -67700000,
    "incomeBeforeTax": 250100000,
    "incomeBeforeTaxRatio": 0.0525817845,
    "incomeTaxExpense": 56900000,
    "netIncome": 193200000,
    "netIncomeRatio": 0.0406189555,
    "eps": 1.36,
    "epsdiluted": 1.33,
    "weightedAverageShsOut": 142700000,
    "weightedAverageShsOutDil": 144800000,
    "link": "https://www.sec.gov/Archives/edgar/data/1402057/000140205720000157/0001402057-20-000157-index.htm",
    "finalLink": "https://www.sec.gov/Archives/edgar/data/1402057/000140205720000157/cdw-20200930.htm"
  },
  {
    "date": "2020-06-30",
    "symbol": "CDW",
    "reportedCurrency": "USD",
    "cik": "0001402057",
    "fillingDate": "2020-08-05",
    "acceptedDate": "2020-08-05 16:04:17",
    "calendarYear": "2020",
    "period": "Q2",
    "revenue": 4365700000,
    "costOfRevenue": 3618500000,
    "grossProfit": 747200000,
    "grossProfitRatio": 0.1711523925,
    "researchAndDevelopmentExpenses": 0,
    "generalAndAdministrativeExpenses": 0,
    "sellingAndMarketingExpenses": 0,
    "sellingGeneralAndAdministrativeExpenses": 463800000,
    "otherExpenses": 0,
    "operatingExpenses": 463800000,
    "costAndExpenses": 4082300000,
    "interestIncome": 0,
    "interestExpense": 39700000,
    "depreciationAndAmortization": 125200000,
    "ebitda": 410300000,
    "ebitdaratio": 0.0939826374,
    "operatingIncome": 283400000,
    "operatingIncomeRatio": 0.0649151339,
    "totalOtherIncomeExpensesNet": -38000000,
    "incomeBeforeTax": 245400000,
    "incomeBeforeTaxRatio": 0.0562109169,
    "incomeTaxExpense": 56300000,
    "netIncome": 189100000,
    "netIncomeRatio": 0.0433149323,
    "eps": 1.32,
    "epsdiluted": 1.31,
    "weightedAverageShsOut": 142400000,
    "weightedAverageShsOutDil": 144300000,
    "link": "https://www.sec.gov/Archives/edgar/data/1402057/000140205720000124/0001402057-20-000124-index.htm",
    "finalLink": "https://www.sec.gov/Archives/edgar/data/1402057/000140205720000124/cdw-2020630x10q.htm"
  },
  {
    "date": "2020-03-31",
    "symbol": "CDW",
    "reportedCurrency": "USD",
    "cik": "0001402057",
    "fillingDate": "2020-05-06",
    "acceptedDate": "2020-05-06 16:05:02",
    "calendarYear": "2020",
    "period": "Q1",
    "revenue": 4389200000,
    "costOfRevenue": 3632700000,
    "grossProfit": 756500000,
    "grossProfitRatio": 0.172354871,
    "researchAndDevelopmentExpenses": 0,
    "generalAndAdministrativeExpenses": 0,
    "sellingAndMarketingExpenses": 0,
    "sellingGeneralAndAdministrativeExpenses": 510700000,
    "otherExpenses": 0,
    "operatingExpenses": 510700000,
    "costAndExpenses": 4143400000,
    "interestIncome": 0,
    "interestExpense": 37900000,
    "depreciationAndAmortization": 91400000,
    "ebitda": 341100000,
    "ebitdaratio": 0.0777134785,
    "operatingIncome": 245800000,
    "operatingIncomeRatio": 0.0560010936,
    "totalOtherIncomeExpensesNet": -34000000,
    "incomeBeforeTax": 211800000,
    "incomeBeforeTaxRatio": 0.0482548073,
    "incomeTaxExpense": 43900000,
    "netIncome": 167900000,
    "netIncomeRatio": 0.0382529846,
    "eps": 1.18,
    "epsdiluted": 1.16,
    "weightedAverageShsOut": 142700000,
    "weightedAverageShsOutDil": 144900000,
    "link": "https://www.sec.gov/Archives/edgar/data/1402057/000140205720000092/0001402057-20-000092-index.htm",
    "finalLink": "https://www.sec.gov/Archives/edgar/data/1402057/000140205720000092/cdw-2020331x10q.htm"
  },
  {
    "date": "2019-12-31",
    "symbol": "CDW",
    "reportedCurrency": "USD",
    "cik": "0001402057",
    "fillingDate": "2020-02-28",
    "acceptedDate": "2020-02-28 16:33:20",
    "calendarYear": "2019",
    "period": "Q4",
    "revenue": 4536900000,
    "costOfRevenue": 3759400000,
    "grossProfit": 777500000,
    "grossProfitRatio": 0.1713725231,
    "researchAndDevelopmentExpenses": 0,
    "generalAndAdministrativeExpenses": 443800000,
    "sellingAndMarketingExpenses": 49900000,
    "sellingGeneralAndAdministrativeExpenses": 493700000,
    "otherExpenses": 0,
    "operatingExpenses": 493700000,
    "costAndExpenses": 4253100000,
    "interestIncome": 0,
    "interestExpense": 38300000,
    "depreciationAndAmortization": 69600000,
    "ebitda": 343900000,
    "ebitdaratio": 0.0758006568,
    "operatingIncome": 283800000,
    "operatingIncomeRatio": 0.0625537261,
    "totalOtherIncomeExpensesNet": -47800000,
    "incomeBeforeTax": 236000000,
    "incomeBeforeTaxRatio": 0.0520178977,
    "incomeTaxExpense": 50400000,
    "netIncome": 185600000,
    "netIncomeRatio": 0.0409089907,
    "eps": 1.29,
    "epsdiluted": 1.27,
    "weightedAverageShsOut": 143500000,
    "weightedAverageShsOutDil": 146400000,
    "link": "https://www.sec.gov/Archives/edgar/data/1402057/000140205720000042/0001402057-20-000042-index.htm",
    "finalLink": "https://www.sec.gov/Archives/edgar/data/1402057/000140205720000042/cdw-20191231x10k.htm"
  },
  {
    "date": "2019-09-30",
    "symbol": "CDW",
    "reportedCurrency": "USD",
    "cik": "0001402057",
    "fillingDate": "2019-10-31",
    "acceptedDate": "2019-10-31 16:05:24",
    "calendarYear": "2019",
    "period": "Q3",
    "revenue": 4907700000,
    "costOfRevenue": 4091200000,
    "grossProfit": 816500000,
    "grossProfitRatio": 0.1663712126,
    "researchAndDevelopmentExpenses": 0,
    "generalAndAdministrativeExpenses": 444900000,
    "sellingAndMarketingExpenses": 51000000,
    "sellingGeneralAndAdministrativeExpenses": 495900000,
    "otherExpenses": 0,
    "operatingExpenses": 495900000,
    "costAndExpenses": 4587100000,
    "interestIncome": 0,
    "interestExpense": 42300000,
    "depreciationAndAmortization": 68200000,
    "ebitda": 371400000,
    "ebitdaratio": 0.0756769974,
    "operatingIncome": 320600000,
    "operatingIncomeRatio": 0.0653259164,
    "totalOtherIncomeExpensesNet": -59700000,
    "incomeBeforeTax": 260900000,
    "incomeBeforeTaxRatio": 0.0531613587,
    "incomeTaxExpense": 59200000,
    "netIncome": 201700000,
    "netIncomeRatio": 0.0410986817,
    "eps": 1.39,
    "epsdiluted": 1.37,
    "weightedAverageShsOut": 144500000,
    "weightedAverageShsOutDil": 147200000,
    "link": "https://www.sec.gov/Archives/edgar/data/1402057/000140205719000219/0001402057-19-000219-index.htm",
    "finalLink": "https://www.sec.gov/Archives/edgar/data/1402057/000140205719000219/cdw-2019930x10q.htm"
  },
  {
    "date": "2019-06-30",
    "symbol": "CDW",
    "reportedCurrency": "USD",
    "cik": "0001402057",
    "fillingDate": "2019-07-31",
    "acceptedDate": "2019-07-31 16:08:52",
    "calendarYear": "2019",
    "period": "Q2",
    "revenue": 4629900000,
    "costOfRevenue": 3856100000,
    "grossProfit": 773800000,
    "grossProfitRatio": 0.1671310395,
    "researchAndDevelopmentExpenses": 0,
    "generalAndAdministrativeExpenses": 420400000,
    "sellingAndMarketingExpenses": 53100000,
    "sellingGeneralAndAdministrativeExpenses": 473500000,
    "otherExpenses": 0,
    "operatingExpenses": 473500000,
    "costAndExpenses": 4329600000,
    "interestIncome": 0,
    "interestExpense": 40500000,
    "depreciationAndAmortization": 65000000,
    "ebitda": 366700000,
    "ebitdaratio": 0.0792025746,
    "operatingIncome": 300300000,
    "operatingIncomeRatio": 0.0648610121,
    "totalOtherIncomeExpensesNet": -39100000,
    "incomeBeforeTax": 261200000,
    "incomeBeforeTaxRatio": 0.0564159053,
    "incomeTaxExpense": 64600000,
    "netIncome": 196600000,
    "netIncomeRatio": 0.0424631202,
    "eps": 1.35,
    "epsdiluted": 1.33,
    "weightedAverageShsOut": 145700000,
    "weightedAverageShsOutDil": 148300000,
    "link": "https://www.sec.gov/Archives/edgar/data/1402057/000140205719000174/0001402057-19-000174-index.htm",
    "finalLink": "https://www.sec.gov/Archives/edgar/data/1402057/000140205719000174/cdw-2019630x10q.htm"
  },
  {
    "date": "2019-03-31",
    "symbol": "CDW",
    "reportedCurrency": "USD",
    "cik": "0001402057",
    "fillingDate": "2019-05-01",
    "acceptedDate": "2019-05-01 16:03:46",
    "calendarYear": "2019",
    "period": "Q1",
    "revenue": 3957900000,
    "costOfRevenue": 3285800000,
    "grossProfit": 672100000,
    "grossProfitRatio": 0.1698122742,
    "researchAndDevelopmentExpenses": 0,
    "generalAndAdministrativeExpenses": 404000000,
    "sellingAndMarketingExpenses": 39200000,
    "sellingGeneralAndAdministrativeExpenses": 443200000,
    "otherExpenses": 0,
    "operatingExpenses": 443200000,
    "costAndExpenses": 3729000000,
    "interestIncome": 0,
    "interestExpense": 38300000,
    "depreciationAndAmortization": 64300000,
    "ebitda": 294200000,
    "ebitdaratio": 0.074332348,
    "operatingIncome": 228900000,
    "operatingIncomeRatio": 0.0578336997,
    "totalOtherIncomeExpensesNet": -37300000,
    "incomeBeforeTax": 191600000,
    "incomeBeforeTaxRatio": 0.0484095101,
    "incomeTaxExpense": 38700000,
    "netIncome": 152900000,
    "netIncomeRatio": 0.0386315976,
    "eps": 1.04,
    "epsdiluted": 1.02,
    "weightedAverageShsOut": 147000000,
    "weightedAverageShsOutDil": 149200000,
    "link": "https://www.sec.gov/Archives/edgar/data/1402057/000140205719000137/0001402057-19-000137-index.htm",
    "finalLink": "https://www.sec.gov/Archives/edgar/data/1402057/000140205719000137/cdw-2019331x10q.htm"
  },
  {
    "date": "2018-12-31",
    "symbol": "CDW",
    "reportedCurrency": "USD",
    "cik": "0001402057",
    "fillingDate": "2019-02-27",
    "acceptedDate": "2019-02-27 16:44:54",
    "calendarYear": "2018",
    "period": "Q4",
    "revenue": 4074800000,
    "costOfRevenue": 3381000000,
    "grossProfit": 693800000,
    "grossProfitRatio": 0.1702660253,
    "researchAndDevelopmentExpenses": 0,
    "generalAndAdministrativeExpenses": 402300000,
    "sellingAndMarketingExpenses": 48600000,
    "sellingGeneralAndAdministrativeExpenses": 450900000,
    "otherExpenses": 0,
    "operatingExpenses": 450900000,
    "costAndExpenses": 3831900000,
    "interestIncome": 0,
    "interestExpense": 37100000,
    "depreciationAndAmortization": 66900000,
    "ebitda": 310600000,
    "ebitdaratio": 0.0762246,
    "operatingIncome": 242900000,
    "operatingIncomeRatio": 0.0596102876,
    "totalOtherIncomeExpensesNet": -36300000,
    "incomeBeforeTax": 206600000,
    "incomeBeforeTaxRatio": 0.0507018749,
    "incomeTaxExpense": 47300000,
    "netIncome": 159300000,
    "netIncomeRatio": 0.0390939433,
    "eps": 1.07,
    "epsdiluted": 1.05,
    "weightedAverageShsOut": 149100000,
    "weightedAverageShsOutDil": 151900000,
    "link": "https://www.sec.gov/Archives/edgar/data/1402057/000140205719000046/0001402057-19-000046-index.htm",
    "finalLink": "https://www.sec.gov/Archives/edgar/data/1402057/000140205719000046/cdw-20181231x10k.htm"
  },
  {
    "date": "2018-09-30",
    "symbol": "CDW",
    "reportedCurrency": "USD",
    "cik": "0001402057",
    "fillingDate": "2018-10-31",
    "acceptedDate": "2018-10-31 16:13:42",
    "calendarYear": "2018",
    "period": "Q3",
    "revenue": 4373200000,
    "costOfRevenue": 3659600000,
    "grossProfit": 713600000,
    "grossProfitRatio": 0.1631757066,
    "researchAndDevelopmentExpenses": 0,
    "generalAndAdministrativeExpenses": 390700000,
    "sellingAndMarketingExpenses": 48100000,
    "sellingGeneralAndAdministrativeExpenses": 438800000,
    "otherExpenses": 0,
    "operatingExpenses": 438800000,
    "costAndExpenses": 4098400000,
    "interestIncome": 0,
    "interestExpense": 36600000,
    "depreciationAndAmortization": 65800000,
    "ebitda": 340800000,
    "ebitdaratio": 0.0779292052,
    "operatingIncome": 274800000,
    "operatingIncomeRatio": 0.0628372816,
    "totalOtherIncomeExpensesNet": -36400000,
    "incomeBeforeTax": 238400000,
    "incomeBeforeTaxRatio": 0.0545138571,
    "incomeTaxExpense": 54700000,
    "netIncome": 183700000,
    "netIncomeRatio": 0.0420058538,
    "eps": 1.22,
    "epsdiluted": 1.2,
    "weightedAverageShsOut": 150900000,
    "weightedAverageShsOutDil": 153700000,
    "link": "https://www.sec.gov/Archives/edgar/data/1402057/000140205718000230/0001402057-18-000230-index.htm",
    "finalLink": "https://www.sec.gov/Archives/edgar/data/1402057/000140205718000230/cdw-2018930x10q.htm"
  },
  {
    "date": "2018-06-30",
    "symbol": "CDW",
    "reportedCurrency": "USD",
    "cik": "0001402057",
    "fillingDate": "2018-08-03",
    "acceptedDate": "2018-08-02 17:41:02",
    "calendarYear": "2018",
    "period": "Q2",
    "revenue": 4186100000,
    "costOfRevenue": 3490500000,
    "grossProfit": 695600000,
    "grossProfitRatio": 0.1661689878,
    "researchAndDevelopmentExpenses": 0,
    "generalAndAdministrativeExpenses": 381400000,
    "sellingAndMarketingExpenses": 48700000,
    "sellingGeneralAndAdministrativeExpenses": 430100000,
    "otherExpenses": 0,
    "operatingExpenses": 430100000,
    "costAndExpenses": 3920600000,
    "interestIncome": 0,
    "interestExpense": 37200000,
    "depreciationAndAmortization": 66300000,
    "ebitda": 333300000,
    "ebitdaratio": 0.0796206493,
    "operatingIncome": 265500000,
    "operatingIncomeRatio": 0.0634241896,
    "totalOtherIncomeExpensesNet": -35700000,
    "incomeBeforeTax": 229800000,
    "incomeBeforeTaxRatio": 0.0548959652,
    "incomeTaxExpense": 56800000,
    "netIncome": 173000000,
    "netIncomeRatio": 0.0413272497,
    "eps": 1.14,
    "epsdiluted": 1.12,
    "weightedAverageShsOut": 151600000,
    "weightedAverageShsOutDil": 153900000,
    "link": "https://www.sec.gov/Archives/edgar/data/1402057/000140205718000177/0001402057-18-000177-index.htm",
    "finalLink": "https://www.sec.gov/Archives/edgar/data/1402057/000140205718000177/cdw-2018630x10q.htm"
  },
  {
    "date": "2018-03-31",
    "symbol": "CDW",
    "reportedCurrency": "USD",
    "cik": "0001402057",
    "fillingDate": "2018-05-03",
    "acceptedDate": "2018-05-02 17:43:25",
    "calendarYear": "2018",
    "period": "Q1",
    "revenue": 3606400000,
    "costOfRevenue": 3002500000,
    "grossProfit": 603900000,
    "grossProfitRatio": 0.167452307,
    "researchAndDevelopmentExpenses": 0,
    "generalAndAdministrativeExpenses": 362700000,
    "sellingAndMarketingExpenses": 37100000,
    "sellingGeneralAndAdministrativeExpenses": 399800000,
    "otherExpenses": 0,
    "operatingExpenses": 399800000,
    "costAndExpenses": 3402300000,
    "interestIncome": 0,
    "interestExpense": 37700000,
    "depreciationAndAmortization": 66600000,
    "ebitda": 270000000,
    "ebitdaratio": 0.0748669033,
    "operatingIncome": 204100000,
    "operatingIncomeRatio": 0.0565938332,
    "totalOtherIncomeExpensesNet": -38400000,
    "incomeBeforeTax": 165700000,
    "incomeBeforeTaxRatio": 0.0459460958,
    "incomeTaxExpense": 38700000,
    "netIncome": 127000000,
    "netIncomeRatio": 0.035215173,
    "eps": 0.83,
    "epsdiluted": 0.82,
    "weightedAverageShsOut": 152200000,
    "weightedAverageShsOutDil": 154800000,
    "link": "https://www.sec.gov/Archives/edgar/data/1402057/000140205718000121/0001402057-18-000121-index.htm",
    "finalLink": "https://www.sec.gov/Archives/edgar/data/1402057/000140205718000121/cdw-2018331x10q.htm"
  },
  {
    "date": "2017-12-31",
    "symbol": "CDW",
    "reportedCurrency": "USD",
    "cik": "0001402057",
    "fillingDate": "2018-03-01",
    "acceptedDate": "2018-02-28 17:42:02",
    "calendarYear": "2017",
    "period": "Q4",
    "revenue": 3838500000,
    "costOfRevenue": 3224200000,
    "grossProfit": 614300000,
    "grossProfitRatio": 0.1600364726,
    "researchAndDevelopmentExpenses": 0,
    "generalAndAdministrativeExpenses": 347200000,
    "sellingAndMarketingExpenses": 45600000,
    "sellingGeneralAndAdministrativeExpenses": 392800000,
    "otherExpenses": 0,
    "operatingExpenses": 392800000,
    "costAndExpenses": 3617000000,
    "interestIncome": 0,
    "interestExpense": 37100000,
    "depreciationAndAmortization": 65700000,
    "ebitda": 287400000,
    "ebitdaratio": 0.0748729973,
    "operatingIncome": 221500000,
    "operatingIncomeRatio": 0.0577048326,
    "totalOtherIncomeExpensesNet": -36900000,
    "incomeBeforeTax": 184600000,
    "incomeBeforeTaxRatio": 0.0480917025,
    "incomeTaxExpense": -10600000,
    "netIncome": 195200000,
    "netIncomeRatio": 0.0508531979,
    "eps": 1.28,
    "epsdiluted": 1.26,
    "weightedAverageShsOut": 152600000,
    "weightedAverageShsOutDil": 155300000,
    "link": "https://www.sec.gov/Archives/edgar/data/1402057/000140205718000038/0001402057-18-000038-index.htm",
    "finalLink": "https://www.sec.gov/Archives/edgar/data/1402057/000140205718000038/cdw-20171231x10k.htm"
  },
  {
    "date": "2017-09-30",
    "symbol": "CDW",
    "reportedCurrency": "USD",
    "cik": "0001402057",
    "fillingDate": "2017-11-02",
    "acceptedDate": "2017-11-01 17:44:07",
    "calendarYear": "2017",
    "period": "Q3",
    "revenue": 3933200000,
    "costOfRevenue": 3291000000,
    "grossProfit": 642200000,
    "grossProfitRatio": 0.1632767212,
    "researchAndDevelopmentExpenses": 0,
    "generalAndAdministrativeExpenses": 351900000,
    "sellingAndMarketingExpenses": 46300000,
    "sellingGeneralAndAdministrativeExpenses": 398200000,
    "otherExpenses": 0,
    "operatingExpenses": 398200000,
    "costAndExpenses": 3689200000,
    "interestIncome": 0,
    "interestExpense": 37800000,
    "depreciationAndAmortization": 65700000,
    "ebitda": 310400000,
    "ebitdaratio": 0.0789179294,
    "operatingIncome": 244000000,
    "operatingIncomeRatio": 0.0620360012,
    "totalOtherIncomeExpensesNet": -37100000,
    "incomeBeforeTax": 206900000,
    "incomeBeforeTaxRatio": 0.0526034781,
    "incomeTaxExpense": 77600000,
    "netIncome": 129300000,
    "netIncomeRatio": 0.0328739957,
    "eps": 0.84,
    "epsdiluted": 0.83,
    "weightedAverageShsOut": 153800000,
    "weightedAverageShsOutDil": 156200000,
    "link": "https://www.sec.gov/Archives/edgar/data/1402057/000140205717000166/0001402057-17-000166-index.htm",
    "finalLink": "https://www.sec.gov/Archives/edgar/data/1402057/000140205717000166/cdw-2017930x10q.htm"
  },
  {
    "date": "2017-06-30",
    "symbol": "CDW",
    "reportedCurrency": "USD",
    "cik": "0001402057",
    "fillingDate": "2017-08-04",
    "acceptedDate": "2017-08-03 17:50:14",
    "calendarYear": "2017",
    "period": "Q2",
    "revenue": 3891700000,
    "costOfRevenue": 3250900000,
    "grossProfit": 640800000,
    "grossProfitRatio": 0.1646581186,
    "researchAndDevelopmentExpenses": 0,
    "generalAndAdministrativeExpenses": 363500000,
    "sellingAndMarketingExpenses": 46500000,
    "sellingGeneralAndAdministrativeExpenses": 410000000,
    "otherExpenses": 0,
    "operatingExpenses": 410000000,
    "costAndExpenses": 3660900000,
    "interestIncome": 0,
    "interestExpense": 35900000,
    "depreciationAndAmortization": 65300000,
    "ebitda": 296500000,
    "ebitdaratio": 0.0761877843,
    "operatingIncome": 230800000,
    "operatingIncomeRatio": 0.0593057019,
    "totalOtherIncomeExpensesNet": -35500000,
    "incomeBeforeTax": 195300000,
    "incomeBeforeTaxRatio": 0.0501837243,
    "incomeTaxExpense": 54400000,
    "netIncome": 140900000,
    "netIncomeRatio": 0.0362052573,
    "eps": 0.9,
    "epsdiluted": 0.89,
    "weightedAverageShsOut": 156000000,
    "weightedAverageShsOutDil": 159000000,
    "link": "https://www.sec.gov/Archives/edgar/data/1402057/000140205717000106/0001402057-17-000106-index.htm",
    "finalLink": "https://www.sec.gov/Archives/edgar/data/1402057/000140205717000106/cdw-2017630x10xq.htm"
  },
  {
    "date": "2017-03-31",
    "symbol": "CDW",
    "reportedCurrency": "USD",
    "cik": "0001402057",
    "fillingDate": "2017-05-04",
    "acceptedDate": "2017-05-03 17:42:33",
    "calendarYear": "2017",
    "period": "Q1",
    "revenue": 3256000000,
    "costOfRevenue": 2702500000,
    "grossProfit": 553500000,
    "grossProfitRatio": 0.1699938575,
    "researchAndDevelopmentExpenses": 0,
    "generalAndAdministrativeExpenses": 347400000,
    "sellingAndMarketingExpenses": 35400000,
    "sellingGeneralAndAdministrativeExpenses": 382800000,
    "otherExpenses": 0,
    "operatingExpenses": 382800000,
    "costAndExpenses": 3085300000,
    "interestIncome": 0,
    "interestExpense": 39700000,
    "depreciationAndAmortization": 64200000,
    "ebitda": 178400000,
    "ebitdaratio": 0.0547911548,
    "operatingIncome": 170700000,
    "operatingIncomeRatio": 0.0524262899,
    "totalOtherIncomeExpensesNet": -96200000,
    "incomeBeforeTax": 74500000,
    "incomeBeforeTaxRatio": 0.0228808354,
    "incomeTaxExpense": 16300000,
    "netIncome": 58200000,
    "netIncomeRatio": 0.0178746929,
    "eps": 0.36,
    "epsdiluted": 0.35,
    "weightedAverageShsOut": 159400000,
    "weightedAverageShsOutDil": 162800000,
    "link": "https://www.sec.gov/Archives/edgar/data/1402057/000140205717000056/0001402057-17-000056-index.htm",
    "finalLink": "https://www.sec.gov/Archives/edgar/data/1402057/000140205717000056/cdw-2017331x10xq.htm"
  },
  {
    "date": "2016-12-31",
    "symbol": "CDW",
    "reportedCurrency": "USD",
    "cik": "0001402057",
    "fillingDate": "2017-03-01",
    "acceptedDate": "2017-02-28 17:54:47",
    "calendarYear": "2016",
    "period": "Q4",
    "revenue": 3492400000,
    "costOfRevenue": 2914500000,
    "grossProfit": 577900000,
    "grossProfitRatio": 0.1654735998,
    "researchAndDevelopmentExpenses": 0,
    "generalAndAdministrativeExpenses": 336100000,
    "sellingAndMarketingExpenses": 44600000,
    "sellingGeneralAndAdministrativeExpenses": 380700000,
    "otherExpenses": 0,
    "operatingExpenses": 380700000,
    "costAndExpenses": 3295200000,
    "interestIncome": 0,
    "interestExpense": 33900000,
    "depreciationAndAmortization": 63800000,
    "ebitda": 260500000,
    "ebitdaratio": 0.0745905395,
    "operatingIncome": 197200000,
    "operatingIncomeRatio": 0.0564654679,
    "totalOtherIncomeExpensesNet": -34400000,
    "incomeBeforeTax": 162800000,
    "incomeBeforeTaxRatio": 0.046615508,
    "incomeTaxExpense": 59600000,
    "netIncome": 103200000,
    "netIncomeRatio": 0.0295498797,
    "eps": 0.64,
    "epsdiluted": 0.63,
    "weightedAverageShsOut": 160100000,
    "weightedAverageShsOutDil": 163300000,
    "link": "https://www.sec.gov/Archives/edgar/data/1402057/000140205717000007/0001402057-17-000007-index.htm",
    "finalLink": "https://www.sec.gov/Archives/edgar/data/1402057/000140205717000007/cdw-20161231x10k.htm"
  },
  {
    "date": "2016-09-30",
    "symbol": "CDW",
    "reportedCurrency": "USD",
    "cik": "0001402057",
    "fillingDate": "2016-11-03",
    "acceptedDate": "2016-11-02 17:57:47",
    "calendarYear": "2016",
    "period": "Q3",
    "revenue": 3708200000,
    "costOfRevenue": 3093900000,
    "grossProfit": 614300000,
    "grossProfitRatio": 0.1656598889,
    "researchAndDevelopmentExpenses": 0,
    "generalAndAdministrativeExpenses": 334900000,
    "sellingAndMarketingExpenses": 41900000,
    "sellingGeneralAndAdministrativeExpenses": 376800000,
    "otherExpenses": 0,
    "operatingExpenses": 376800000,
    "costAndExpenses": 3470700000,
    "interestIncome": 0,
    "interestExpense": 37600000,
    "depreciationAndAmortization": 63000000,
    "ebitda": 298800000,
    "ebitdaratio": 0.0805781781,
    "operatingIncome": 237500000,
    "operatingIncomeRatio": 0.0640472466,
    "totalOtherIncomeExpensesNet": -39300000,
    "incomeBeforeTax": 198200000,
    "incomeBeforeTaxRatio": 0.0534491128,
    "incomeTaxExpense": 72300000,
    "netIncome": 125900000,
    "netIncomeRatio": 0.0339517825,
    "eps": 0.78,
    "epsdiluted": 0.76,
    "weightedAverageShsOut": 162100000,
    "weightedAverageShsOutDil": 164900000,
    "link": "https://www.sec.gov/Archives/edgar/data/1402057/000140205716000116/0001402057-16-000116-index.htm",
    "finalLink": "https://www.sec.gov/Archives/edgar/data/1402057/000140205716000116/cdw-2016930x10xq.htm"
  },
  {
    "date": "2016-06-30",
    "symbol": "CDW",
    "reportedCurrency": "USD",
    "cik": "0001402057",
    "fillingDate": "2016-08-04",
    "acceptedDate": "2016-08-03 18:00:51",
    "calendarYear": "2016",
    "period": "Q2",
    "revenue": 3664600000,
    "costOfRevenue": 3054100000,
    "grossProfit": 610500000,
    "grossProfitRatio": 0.1665938984,
    "researchAndDevelopmentExpenses": 0,
    "generalAndAdministrativeExpenses": 344700000,
    "sellingAndMarketingExpenses": 42300000,
    "sellingGeneralAndAdministrativeExpenses": 387000000,
    "otherExpenses": 0,
    "operatingExpenses": 387000000,
    "costAndExpenses": 3441100000,
    "interestIncome": 0,
    "interestExpense": 36900000,
    "depreciationAndAmortization": 63700000,
    "ebitda": 288100000,
    "ebitdaratio": 0.0786170387,
    "operatingIncome": 223500000,
    "operatingIncomeRatio": 0.060988921,
    "totalOtherIncomeExpensesNet": -36000000,
    "incomeBeforeTax": 187500000,
    "incomeBeforeTaxRatio": 0.0511652022,
    "incomeTaxExpense": 70000000,
    "netIncome": 117500000,
    "netIncomeRatio": 0.0320635267,
    "eps": 0.71,
    "epsdiluted": 0.7,
    "weightedAverageShsOut": 164900000,
    "weightedAverageShsOutDil": 166700000,
    "link": "https://www.sec.gov/Archives/edgar/data/1402057/000140205716000113/0001402057-16-000113-index.htm",
    "finalLink": "https://www.sec.gov/Archives/edgar/data/1402057/000140205716000113/cdw-2016630x10xq.htm"
  },
  {
    "date": "2016-03-31",
    "symbol": "CDW",
    "reportedCurrency": "USD",
    "cik": "0001402057",
    "fillingDate": "2016-05-05",
    "acceptedDate": "2016-05-04 17:38:13",
    "calendarYear": "2016",
    "period": "Q1",
    "revenue": 3116700000,
    "costOfRevenue": 2592200000,
    "grossProfit": 524500000,
    "grossProfitRatio": 0.1682869702,
    "researchAndDevelopmentExpenses": 0,
    "generalAndAdministrativeExpenses": 329300000,
    "sellingAndMarketingExpenses": 34200000,
    "sellingGeneralAndAdministrativeExpenses": 363500000,
    "otherExpenses": 0,
    "operatingExpenses": 363500000,
    "costAndExpenses": 2955700000,
    "interestIncome": 0,
    "interestExpense": 38100000,
    "depreciationAndAmortization": 64000000,
    "ebitda": 226000000,
    "ebitdaratio": 0.0725125934,
    "operatingIncome": 161000000,
    "operatingIncomeRatio": 0.0516572015,
    "totalOtherIncomeExpensesNet": -37100000,
    "incomeBeforeTax": 123900000,
    "incomeBeforeTaxRatio": 0.0397535855,
    "incomeTaxExpense": 46100000,
    "netIncome": 77800000,
    "netIncomeRatio": 0.0249622999,
    "eps": 0.47,
    "epsdiluted": 0.46,
    "weightedAverageShsOut": 167300000,
    "weightedAverageShsOutDil": 168900000,
    "link": "https://www.sec.gov/Archives/edgar/data/1402057/000140205716000107/0001402057-16-000107-index.htm",
    "finalLink": "https://www.sec.gov/Archives/edgar/data/1402057/000140205716000107/cdw-2016331x10xq.htm"
  },
  {
    "date": "2015-12-31",
    "symbol": "CDW",
    "reportedCurrency": "USD",
    "cik": "0001402057",
    "fillingDate": "2016-02-25",
    "acceptedDate": "2016-02-24 17:48:36",
    "calendarYear": "2015",
    "period": "Q4",
    "revenue": 3418400000,
    "costOfRevenue": 2860800000,
    "grossProfit": 557600000,
    "grossProfitRatio": 0.1631172478,
    "researchAndDevelopmentExpenses": 0,
    "generalAndAdministrativeExpenses": 338500000,
    "sellingAndMarketingExpenses": 39200000,
    "sellingGeneralAndAdministrativeExpenses": 377700000,
    "otherExpenses": 0,
    "operatingExpenses": 377700000,
    "costAndExpenses": 3238500000,
    "interestIncome": 0,
    "interestExpense": 38400000,
    "depreciationAndAmortization": 62400000,
    "ebitda": 242500000,
    "ebitdaratio": 0.0709396209,
    "operatingIncome": 179900000,
    "operatingIncomeRatio": 0.05262696,
    "totalOtherIncomeExpensesNet": -38200000,
    "incomeBeforeTax": 141700000,
    "incomeBeforeTaxRatio": 0.0414521414,
    "incomeTaxExpense": 52400000,
    "netIncome": 89300000,
    "netIncomeRatio": 0.0261233326,
    "eps": 0.53,
    "epsdiluted": 0.52,
    "weightedAverageShsOut": 168500000,
    "weightedAverageShsOutDil": 170100000,
    "link": "https://www.sec.gov/Archives/edgar/data/1402057/000140205716000057/0001402057-16-000057-index.htm",
    "finalLink": "https://www.sec.gov/Archives/edgar/data/1402057/000140205716000057/cdw-20151231x10k.htm"
  },
  {
    "date": "2015-09-30",
    "symbol": "CDW",
    "reportedCurrency": "USD",
    "cik": "0001402057",
    "fillingDate": "2015-11-06",
    "acceptedDate": "2015-11-06 08:46:42",
    "calendarYear": "2015",
    "period": "Q3",
    "revenue": 3501100000,
    "costOfRevenue": 2933900000,
    "grossProfit": 567200000,
    "grossProfitRatio": 0.1620062266,
    "researchAndDevelopmentExpenses": 0,
    "generalAndAdministrativeExpenses": 321400000,
    "sellingAndMarketingExpenses": 41200000,
    "sellingGeneralAndAdministrativeExpenses": 362600000,
    "otherExpenses": 0,
    "operatingExpenses": 362600000,
    "costAndExpenses": 3296500000,
    "interestIncome": 0,
    "interestExpense": 38500000,
    "depreciationAndAmortization": 59900000,
    "ebitda": 344600000,
    "ebitdaratio": 0.0984262089,
    "operatingIncome": 204600000,
    "operatingIncomeRatio": 0.0584387764,
    "totalOtherIncomeExpensesNet": 41600000,
    "incomeBeforeTax": 246200000,
    "incomeBeforeTaxRatio": 0.0703207563,
    "incomeTaxExpense": 95300000,
    "netIncome": 150900000,
    "netIncomeRatio": 0.0431007398,
    "eps": 0.89,
    "epsdiluted": 0.88,
    "weightedAverageShsOut": 169600000,
    "weightedAverageShsOutDil": 171000000,
    "link": "https://www.sec.gov/Archives/edgar/data/1402057/000140205715000047/0001402057-15-000047-index.htm",
    "finalLink": "https://www.sec.gov/Archives/edgar/data/1402057/000140205715000047/cdw-2015930x10xq.htm"
  },
  {
    "date": "2015-06-30",
    "symbol": "CDW",
    "reportedCurrency": "USD",
    "cik": "0001402057",
    "fillingDate": "2015-08-07",
    "acceptedDate": "2015-08-07 08:52:24",
    "calendarYear": "2015",
    "period": "Q2",
    "revenue": 3314000000,
    "costOfRevenue": 2779500000,
    "grossProfit": 534500000,
    "grossProfitRatio": 0.1612854556,
    "researchAndDevelopmentExpenses": 0,
    "generalAndAdministrativeExpenses": 290600000,
    "sellingAndMarketingExpenses": 38000000,
    "sellingGeneralAndAdministrativeExpenses": 328600000,
    "otherExpenses": 0,
    "operatingExpenses": 328600000,
    "costAndExpenses": 3108100000,
    "interestIncome": 0,
    "interestExpense": 37800000,
    "depreciationAndAmortization": 52600000,
    "ebitda": 262500000,
    "ebitdaratio": 0.0792094146,
    "operatingIncome": 205900000,
    "operatingIncomeRatio": 0.0621303561,
    "totalOtherIncomeExpensesNet": -33800000,
    "incomeBeforeTax": 172100000,
    "incomeBeforeTaxRatio": 0.051931201,
    "incomeTaxExpense": 63900000,
    "netIncome": 108200000,
    "netIncomeRatio": 0.0326493663,
    "eps": 0.63,
    "epsdiluted": 0.63,
    "weightedAverageShsOut": 171000000,
    "weightedAverageShsOutDil": 172500000,
    "link": "https://www.sec.gov/Archives/edgar/data/1402057/000140205715000044/0001402057-15-000044-index.htm",
    "finalLink": "https://www.sec.gov/Archives/edgar/data/1402057/000140205715000044/cdw-2015630x10xq.htm"
  },
  {
    "date": "2015-03-31",
    "symbol": "CDW",
    "reportedCurrency": "USD",
    "cik": "0001402057",
    "fillingDate": "2015-05-08",
    "acceptedDate": "2015-05-08 08:38:32",
    "calendarYear": "2015",
    "period": "Q1",
    "revenue": 2755200000,
    "costOfRevenue": 2298700000,
    "grossProfit": 456500000,
    "grossProfitRatio": 0.1656867015,
    "researchAndDevelopmentExpenses": 0,
    "generalAndAdministrativeExpenses": 275500000,
    "sellingAndMarketingExpenses": 29400000,
    "sellingGeneralAndAdministrativeExpenses": 304900000,
    "otherExpenses": 0,
    "operatingExpenses": 304900000,
    "costAndExpenses": 2603600000,
    "interestIncome": 0,
    "interestExpense": 44800000,
    "depreciationAndAmortization": 52500000,
    "ebitda": 184300000,
    "ebitdaratio": 0.0668916957,
    "operatingIncome": 151600000,
    "operatingIncomeRatio": 0.0550232288,
    "totalOtherIncomeExpensesNet": -64600000,
    "incomeBeforeTax": 87000000,
    "incomeBeforeTaxRatio": 0.0315766551,
    "incomeTaxExpense": 32300000,
    "netIncome": 54700000,
    "netIncomeRatio": 0.0198533682,
    "eps": 0.32,
    "epsdiluted": 0.32,
    "weightedAverageShsOut": 172100000,
    "weightedAverageShsOutDil": 173500000,
    "link": "https://www.sec.gov/Archives/edgar/data/1402057/000140205715000041/0001402057-15-000041-index.htm",
    "finalLink": "https://www.sec.gov/Archives/edgar/data/1402057/000140205715000041/cdw-2015331x10xq.htm"
  },
  {
    "date": "2014-12-31",
    "symbol": "CDW",
    "reportedCurrency": "USD",
    "cik": "0001402057",
    "fillingDate": "2015-02-26",
    "acceptedDate": "2015-02-26 07:01:35",
    "calendarYear": "2014",
    "period": "Q4",
    "revenue": 3050100000,
    "costOfRevenue": 2558200000,
    "grossProfit": 491900000,
    "grossProfitRatio": 0.1612734009,
    "researchAndDevelopmentExpenses": 0,
    "generalAndAdministrativeExpenses": 290100000,
    "sellingAndMarketingExpenses": 37500000,
    "sellingGeneralAndAdministrativeExpenses": 327600000,
    "otherExpenses": 0,
    "operatingExpenses": 327600000,
    "costAndExpenses": 2885800000,
    "interestIncome": 0,
    "interestExpense": 48600000,
    "depreciationAndAmortization": 52000000,
    "ebitda": 180700000,
    "ebitdaratio": 0.0592439592,
    "operatingIncome": 164300000,
    "operatingIncomeRatio": 0.0538670863,
    "totalOtherIncomeExpensesNet": -84200000,
    "incomeBeforeTax": 80100000,
    "incomeBeforeTaxRatio": 0.0262614341,
    "incomeTaxExpense": 28300000,
    "netIncome": 51800000,
    "netIncomeRatio": 0.0169830497,
    "eps": 0.3,
    "epsdiluted": 0.3,
    "weightedAverageShsOut": 171600000,
    "weightedAverageShsOutDil": 173200000,
    "link": "https://www.sec.gov/Archives/edgar/data/1402057/000140205715000003/0001402057-15-000003-index.htm",
    "finalLink": "https://www.sec.gov/Archives/edgar/data/1402057/000140205715000003/cdw-20141231x10k.htm"
  },
  {
    "date": "2014-09-30",
    "symbol": "CDW",
    "reportedCurrency": "USD",
    "cik": "0001402057",
    "fillingDate": "2014-11-12",
    "acceptedDate": "2014-11-12 08:30:27",
    "calendarYear": "2014",
    "period": "Q3",
    "revenue": 3266100000,
    "costOfRevenue": 2758800000,
    "grossProfit": 507300000,
    "grossProfitRatio": 0.1553228621,
    "researchAndDevelopmentExpenses": 0,
    "generalAndAdministrativeExpenses": 285400000,
    "sellingAndMarketingExpenses": 37200000,
    "sellingGeneralAndAdministrativeExpenses": 322600000,
    "otherExpenses": 0,
    "operatingExpenses": 322600000,
    "costAndExpenses": 3081400000,
    "interestIncome": 0,
    "interestExpense": 50100000,
    "depreciationAndAmortization": 51900000,
    "ebitda": 191500000,
    "ebitdaratio": 0.0586326199,
    "operatingIncome": 184700000,
    "operatingIncomeRatio": 0.0565506261,
    "totalOtherIncomeExpensesNet": -95200000,
    "incomeBeforeTax": 89500000,
    "incomeBeforeTaxRatio": 0.0274027127,
    "incomeTaxExpense": 33900000,
    "netIncome": 55600000,
    "netIncomeRatio": 0.0170233612,
    "eps": 0.33,
    "epsdiluted": 0.32,
    "weightedAverageShsOut": 170900000,
    "weightedAverageShsOutDil": 173000000,
    "link": "https://www.sec.gov/Archives/edgar/data/1402057/000140205714000011/0001402057-14-000011-index.htm",
    "finalLink": "https://www.sec.gov/Archives/edgar/data/1402057/000140205714000011/cdw-201493010xq.htm"
  },
  {
    "date": "2014-06-30",
    "symbol": "CDW",
    "reportedCurrency": "USD",
    "cik": "0001402057",
    "fillingDate": "2014-08-13",
    "acceptedDate": "2014-08-13 08:13:39",
    "calendarYear": "2014",
    "period": "Q2",
    "revenue": 3106000000,
    "costOfRevenue": 2609100000,
    "grossProfit": 496900000,
    "grossProfitRatio": 0.1599806825,
    "researchAndDevelopmentExpenses": 0,
    "generalAndAdministrativeExpenses": 273900000,
    "sellingAndMarketingExpenses": 34800000,
    "sellingGeneralAndAdministrativeExpenses": 308700000,
    "otherExpenses": 0,
    "operatingExpenses": 308700000,
    "costAndExpenses": 2917800000,
    "interestIncome": 0,
    "interestExpense": 48500000,
    "depreciationAndAmortization": 52000000,
    "ebitda": 237700000,
    "ebitdaratio": 0.0765292981,
    "operatingIncome": 188200000,
    "operatingIncomeRatio": 0.0605924018,
    "totalOtherIncomeExpensesNet": -51000000,
    "incomeBeforeTax": 137200000,
    "incomeBeforeTaxRatio": 0.0441725692,
    "incomeTaxExpense": 50600000,
    "netIncome": 86600000,
    "netIncomeRatio": 0.0278815196,
    "eps": 0.51,
    "epsdiluted": 0.5,
    "weightedAverageShsOut": 170200000,
    "weightedAverageShsOutDil": 172700000,
    "link": "https://www.sec.gov/Archives/edgar/data/1402057/000144530514003628/0001445305-14-003628-index.htm",
    "finalLink": "https://www.sec.gov/Archives/edgar/data/1402057/000144530514003628/cdw-201463010xq.htm"
  },
  {
    "date": "2014-03-31",
    "symbol": "CDW",
    "reportedCurrency": "USD",
    "cik": "0001402057",
    "fillingDate": "2014-05-12",
    "acceptedDate": "2014-05-12 08:34:17",
    "calendarYear": "2014",
    "period": "Q1",
    "revenue": 2652300000,
    "costOfRevenue": 2227100000,
    "grossProfit": 425200000,
    "grossProfitRatio": 0.16031369,
    "researchAndDevelopmentExpenses": 0,
    "generalAndAdministrativeExpenses": 260900000,
    "sellingAndMarketingExpenses": 28500000,
    "sellingGeneralAndAdministrativeExpenses": 289400000,
    "otherExpenses": 0,
    "operatingExpenses": 289400000,
    "costAndExpenses": 2516500000,
    "interestIncome": 0,
    "interestExpense": 50100000,
    "depreciationAndAmortization": 52000000,
    "ebitda": 182900000,
    "ebitdaratio": 0.0689590167,
    "operatingIncome": 135800000,
    "operatingIncomeRatio": 0.0512008446,
    "totalOtherIncomeExpensesNet": -55000000,
    "incomeBeforeTax": 80800000,
    "incomeBeforeTaxRatio": 0.0304641255,
    "incomeTaxExpense": 29900000,
    "netIncome": 50900000,
    "netIncomeRatio": 0.0191908909,
    "eps": 0.3,
    "epsdiluted": 0.3,
    "weightedAverageShsOut": 169600000,
    "weightedAverageShsOutDil": 169600000,
    "link": "https://www.sec.gov/Archives/edgar/data/1402057/000140205714000005/0001402057-14-000005-index.htm",
    "finalLink": "https://www.sec.gov/Archives/edgar/data/1402057/000140205714000005/cdw-201433110xq.htm"
  },
  {
    "date": "2013-12-31",
    "symbol": "CDW",
    "reportedCurrency": "USD",
    "cik": "0001402057",
    "fillingDate": "2014-03-05",
    "acceptedDate": "2014-03-05 08:33:33",
    "calendarYear": "2013",
    "period": "Q4",
    "revenue": 2713300000,
    "costOfRevenue": 2265000000,
    "grossProfit": 448300000,
    "grossProfitRatio": 0.16522316,
    "researchAndDevelopmentExpenses": 0,
    "generalAndAdministrativeExpenses": 270600000,
    "sellingAndMarketingExpenses": 35700000,
    "sellingGeneralAndAdministrativeExpenses": 306300000,
    "otherExpenses": 0,
    "operatingExpenses": 306300000,
    "costAndExpenses": 2571300000,
    "interestIncome": 0,
    "interestExpense": 51500000,
    "depreciationAndAmortization": 51900000,
    "ebitda": 186000000,
    "ebitdaratio": 0.0685512107,
    "operatingIncome": 142000000,
    "operatingIncomeRatio": 0.0523347953,
    "totalOtherIncomeExpensesNet": -59400000,
    "incomeBeforeTax": 82600000,
    "incomeBeforeTaxRatio": 0.0304426344,
    "incomeTaxExpense": 22600000,
    "netIncome": 60000000,
    "netIncomeRatio": 0.0221132938,
    "eps": 0.35,
    "epsdiluted": 0.35,
    "weightedAverageShsOut": 169000000,
    "weightedAverageShsOutDil": 172100000,
    "link": "https://www.sec.gov/Archives/edgar/data/1402057/000140205714000002/0001402057-14-000002-index.htm",
    "finalLink": "https://www.sec.gov/Archives/edgar/data/1402057/000140205714000002/cdw-20131231x10k.htm"
  },
  {
    "date": "2013-09-30",
    "symbol": "CDW",
    "reportedCurrency": "USD",
    "cik": "0001402057",
    "fillingDate": "2013-11-07",
    "acceptedDate": "2013-11-07 10:27:00",
    "calendarYear": "2013",
    "period": "Q3",
    "revenue": 2864300000,
    "costOfRevenue": 2405900000,
    "grossProfit": 458400000,
    "grossProfitRatio": 0.160039102,
    "researchAndDevelopmentExpenses": 0,
    "generalAndAdministrativeExpenses": 332400000,
    "sellingAndMarketingExpenses": 33100000,
    "sellingGeneralAndAdministrativeExpenses": 365500000,
    "otherExpenses": 0,
    "operatingExpenses": 365500000,
    "costAndExpenses": 2771400000,
    "interestIncome": 0,
    "interestExpense": 56200000,
    "depreciationAndAmortization": 52000000,
    "ebitda": 103400000,
    "ebitdaratio": 0.0360995706,
    "operatingIncome": 92900000,
    "operatingIncomeRatio": 0.0324337534,
    "totalOtherIncomeExpensesNet": -97700000,
    "incomeBeforeTax": -4800000,
    "incomeBeforeTaxRatio": -0.0016758021,
    "incomeTaxExpense": -2600000,
    "netIncome": -2200000,
    "netIncomeRatio": -0.000768076,
    "eps": -0.0132,
    "epsdiluted": -0.0132,
    "weightedAverageShsOut": 166800000,
    "weightedAverageShsOutDil": 166800000,
    "link": "https://www.sec.gov/Archives/edgar/data/1402057/000140205713000012/0001402057-13-000012-index.htm",
    "finalLink": "https://www.sec.gov/Archives/edgar/data/1402057/000140205713000012/cdw-201393010xq.htm"
  },
  {
    "date": "2013-06-30",
    "symbol": "CDW",
    "reportedCurrency": "USD",
    "cik": "0001402057",
    "fillingDate": "2013-08-12",
    "acceptedDate": "2013-08-12 16:10:17",
    "calendarYear": "2013",
    "period": "Q2",
    "revenue": 2779300000,
    "costOfRevenue": 2327700000,
    "grossProfit": 451600000,
    "grossProfitRatio": 0.1624869571,
    "researchAndDevelopmentExpenses": 0,
    "generalAndAdministrativeExpenses": 266400000,
    "sellingAndMarketingExpenses": 31600000,
    "sellingGeneralAndAdministrativeExpenses": 298000000,
    "otherExpenses": 0,
    "operatingExpenses": 298000000,
    "costAndExpenses": 2625700000,
    "interestIncome": 0,
    "interestExpense": 70300000,
    "depreciationAndAmortization": 52300000,
    "ebitda": 195800000,
    "ebitdaratio": 0.0704493937,
    "operatingIncome": 153600000,
    "operatingIncomeRatio": 0.0552657144,
    "totalOtherIncomeExpensesNet": -80400000,
    "incomeBeforeTax": 73200000,
    "incomeBeforeTaxRatio": 0.026337567,
    "incomeTaxExpense": 26500000,
    "netIncome": 46700000,
    "netIncomeRatio": 0.0168027921,
    "eps": 0.32,
    "epsdiluted": 0.32,
    "weightedAverageShsOut": 145200000,
    "weightedAverageShsOutDil": 145200000,
    "link": "https://www.sec.gov/Archives/edgar/data/1402057/000140205713000008/0001402057-13-000008-index.htm",
    "finalLink": "https://www.sec.gov/Archives/edgar/data/1402057/000140205713000008/cdw-201363010xq.htm"
  },
  {
    "date": "2013-03-31",
    "symbol": "CDW",
    "reportedCurrency": "USD",
    "cik": "0001402057",
    "fillingDate": "2013-05-09",
    "acceptedDate": "2013-05-09 12:30:49",
    "calendarYear": "2013",
    "period": "Q1",
    "revenue": 2411700000,
    "costOfRevenue": 2009700000,
    "grossProfit": 402000000,
    "grossProfitRatio": 0.1666873989,
    "researchAndDevelopmentExpenses": 0,
    "generalAndAdministrativeExpenses": 251500000,
    "sellingAndMarketingExpenses": 30400000,
    "sellingGeneralAndAdministrativeExpenses": 281900000,
    "otherExpenses": 0,
    "operatingExpenses": 281900000,
    "costAndExpenses": 2291600000,
    "interestIncome": 0,
    "interestExpense": 72100000,
    "depreciationAndAmortization": 52000000,
    "ebitda": 168600000,
    "ebitdaratio": 0.0699091927,
    "operatingIncome": 120100000,
    "operatingIncomeRatio": 0.049798897,
    "totalOtherIncomeExpensesNet": -75600000,
    "incomeBeforeTax": 44500000,
    "incomeBeforeTaxRatio": 0.0184517146,
    "incomeTaxExpense": 16200000,
    "netIncome": 28300000,
    "netIncomeRatio": 0.0117344612,
    "eps": 0.19,
    "epsdiluted": 0.19,
    "weightedAverageShsOut": 145200000,
    "weightedAverageShsOutDil": 146100000,
    "link": "https://www.sec.gov/Archives/edgar/data/1402057/000140205713000005/0001402057-13-000005-index.htm",
    "finalLink": "https://www.sec.gov/Archives/edgar/data/1402057/000140205713000005/cdw-201333110xq.htm"
  },
  {
    "date": "2012-12-31",
    "symbol": "CDW",
    "reportedCurrency": "USD",
    "cik": "0001402057",
    "fillingDate": "2013-11-08",
    "acceptedDate": "2013-11-08 16:37:16",
    "calendarYear": "2012",
    "period": "Q4",
    "revenue": 2601000000,
    "costOfRevenue": 2175600000,
    "grossProfit": 425400000,
    "grossProfitRatio": 0.1635524798,
    "researchAndDevelopmentExpenses": 0,
    "generalAndAdministrativeExpenses": 261400000,
    "sellingAndMarketingExpenses": 33100000,
    "sellingGeneralAndAdministrativeExpenses": 294500000,
    "otherExpenses": 0,
    "operatingExpenses": 294500000,
    "costAndExpenses": 2470100000,
    "interestIncome": 0,
    "interestExpense": 74900000,
    "depreciationAndAmortization": 51100000,
    "ebitda": 174100000,
    "ebitdaratio": 0.0669357939,
    "operatingIncome": 130900000,
    "operatingIncomeRatio": 0.0503267974,
    "totalOtherIncomeExpensesNet": -82800000,
    "incomeBeforeTax": 48100000,
    "incomeBeforeTaxRatio": 0.0184928874,
    "incomeTaxExpense": 14800000,
    "netIncome": 33300000,
    "netIncomeRatio": 0.0128027682,
    "eps": 0.2,
    "epsdiluted": 0.2,
    "weightedAverageShsOut": 164500000,
    "weightedAverageShsOutDil": 164500000,
    "link": "https://www.sec.gov/Archives/edgar/data/1402057/000119312513435345/0001193125-13-435345-index.htm",
    "finalLink": "https://www.sec.gov/Archives/edgar/data/1402057/000119312513435345/d626569d10ka.htm"
  },
  {
    "date": "2012-09-30",
    "symbol": "CDW",
    "reportedCurrency": "USD",
    "cik": "0001402057",
    "fillingDate": "2012-11-09",
    "acceptedDate": "2012-11-09 10:07:36",
    "calendarYear": "2012",
    "period": "Q3",
    "revenue": 2623300000,
    "costOfRevenue": 2190600000,
    "grossProfit": 432700000,
    "grossProfitRatio": 0.1649449167,
    "researchAndDevelopmentExpenses": 0,
    "generalAndAdministrativeExpenses": 257000000,
    "sellingAndMarketingExpenses": 36000000,
    "sellingGeneralAndAdministrativeExpenses": 293000000,
    "otherExpenses": 0,
    "operatingExpenses": 293000000,
    "costAndExpenses": 2483600000,
    "interestIncome": 0,
    "interestExpense": 76700000,
    "depreciationAndAmortization": 53400000,
    "ebitda": 193300000,
    "ebitdaratio": 0.0736858156,
    "operatingIncome": 139700000,
    "operatingIncomeRatio": 0.0532535356,
    "totalOtherIncomeExpensesNet": -76500000,
    "incomeBeforeTax": 63200000,
    "incomeBeforeTaxRatio": 0.0240917928,
    "incomeTaxExpense": 25200000,
    "netIncome": 38000000,
    "netIncomeRatio": 0.0144855716,
    "eps": 0.26,
    "epsdiluted": 0.26,
    "weightedAverageShsOut": 145100000,
    "weightedAverageShsOutDil": 145900000,
    "link": "https://www.sec.gov/Archives/edgar/data/1402057/000140205712000014/0001402057-12-000014-index.htm",
    "finalLink": "https://www.sec.gov/Archives/edgar/data/1402057/000140205712000014/cdw-201293010xq.htm"
  },
  {
    "date": "2012-06-30",
    "symbol": "CDW",
    "reportedCurrency": "USD",
    "cik": "0001402057",
    "fillingDate": "2012-08-10",
    "acceptedDate": "2012-08-10 11:20:41",
    "calendarYear": "2012",
    "period": "Q2",
    "revenue": 2584700000,
    "costOfRevenue": 2157800000,
    "grossProfit": 426900000,
    "grossProfitRatio": 0.1651642357,
    "researchAndDevelopmentExpenses": 0,
    "generalAndAdministrativeExpenses": 259500000,
    "sellingAndMarketingExpenses": 31000000,
    "sellingGeneralAndAdministrativeExpenses": 290500000,
    "otherExpenses": 0,
    "operatingExpenses": 290500000,
    "costAndExpenses": 2448300000,
    "interestIncome": 0,
    "interestExpense": 76900000,
    "depreciationAndAmortization": 53200000,
    "ebitda": 189800000,
    "ebitdaratio": 0.0734321198,
    "operatingIncome": 136400000,
    "operatingIncomeRatio": 0.0527720819,
    "totalOtherIncomeExpensesNet": -76700000,
    "incomeBeforeTax": 59700000,
    "incomeBeforeTaxRatio": 0.0230974581,
    "incomeTaxExpense": 22900000,
    "netIncome": 36800000,
    "netIncomeRatio": 0.0142376291,
    "eps": 0.25,
    "epsdiluted": 0.25,
    "weightedAverageShsOut": 145100000,
    "weightedAverageShsOutDil": 145800000,
    "link": "https://www.sec.gov/Archives/edgar/data/1402057/000140205712000012/0001402057-12-000012-index.htm",
    "finalLink": "https://www.sec.gov/Archives/edgar/data/1402057/000140205712000012/cdw-201263010xq.htm"
  },
  {
    "date": "2012-03-31",
    "symbol": "CDW",
    "reportedCurrency": "USD",
    "cik": "0001402057",
    "fillingDate": "2012-05-15",
    "acceptedDate": "2012-05-15 10:27:35",
    "calendarYear": "2012",
    "period": "Q1",
    "revenue": 2319200000,
    "costOfRevenue": 1934600000,
    "grossProfit": 384600000,
    "grossProfitRatio": 0.1658330459,
    "researchAndDevelopmentExpenses": 0,
    "generalAndAdministrativeExpenses": 251600000,
    "sellingAndMarketingExpenses": 29400000,
    "sellingGeneralAndAdministrativeExpenses": 281000000,
    "otherExpenses": 0,
    "operatingExpenses": 281000000,
    "costAndExpenses": 2215600000,
    "interestIncome": 0,
    "interestExpense": 78900000,
    "depreciationAndAmortization": 52500000,
    "ebitda": 146500000,
    "ebitdaratio": 0.0631683339,
    "operatingIncome": 103600000,
    "operatingIncomeRatio": 0.0446705761,
    "totalOtherIncomeExpensesNet": -88500000,
    "incomeBeforeTax": 15100000,
    "incomeBeforeTaxRatio": 0.0065108658,
    "incomeTaxExpense": 4200000,
    "netIncome": 10900000,
    "netIncomeRatio": 0.0046998965,
    "eps": 0.0751,
    "epsdiluted": 0.0746,
    "weightedAverageShsOut": 145200000,
    "weightedAverageShsOutDil": 146100000,
    "link": "https://www.sec.gov/Archives/edgar/data/1402057/000140205712000009/0001402057-12-000009-index.htm",
    "finalLink": "https://www.sec.gov/Archives/edgar/data/1402057/000140205712000009/cdw-2012331x10q.htm"
  },
  {
    "date": "2011-12-31",
    "symbol": "CDW",
    "reportedCurrency": "USD",
    "cik": "0001402057",
    "fillingDate": "2012-03-09",
    "acceptedDate": "2012-03-09 14:23:58",
    "calendarYear": "2011",
    "period": "Q4",
    "revenue": 2479300000,
    "costOfRevenue": 2066000000,
    "grossProfit": 413300000,
    "grossProfitRatio": 0.1667002783,
    "researchAndDevelopmentExpenses": 0,
    "generalAndAdministrativeExpenses": 266400000,
    "sellingAndMarketingExpenses": 35800000,
    "sellingGeneralAndAdministrativeExpenses": 302200000,
    "otherExpenses": 0,
    "operatingExpenses": 302200000,
    "costAndExpenses": 2368200000,
    "interestIncome": 0,
    "interestExpense": -80900000,
    "depreciationAndAmortization": 0,
    "ebitda": 111100000,
    "ebitdaratio": 0.0448110354,
    "operatingIncome": 111100000,
    "operatingIncomeRatio": 0.0448110354,
    "totalOtherIncomeExpensesNet": -81200000,
    "incomeBeforeTax": 29900000,
    "incomeBeforeTaxRatio": 0.0120598556,
    "incomeTaxExpense": 10900000,
    "netIncome": 19000000,
    "netIncomeRatio": 0.0076634534,
    "eps": 0.13,
    "epsdiluted": 0.13,
    "weightedAverageShsOut": 145200000,
    "weightedAverageShsOutDil": 145200000,
    "link": "https://www.sec.gov/Archives/edgar/data/1402057/000140205712000006/0001402057-12-000006-index.htm",
    "finalLink": "https://www.sec.gov/Archives/edgar/data/1402057/000140205712000006/cdw-20111231x10k.htm"
  },
  {
    "date": "2011-09-30",
    "symbol": "CDW",
    "reportedCurrency": "USD",
    "cik": "0001402057",
    "fillingDate": "2011-11-14",
    "acceptedDate": "2011-11-14 15:53:42",
    "calendarYear": "2011",
    "period": "Q3",
    "revenue": 2581400000,
    "costOfRevenue": 2160600000,
    "grossProfit": 420800000,
    "grossProfitRatio": 0.1630123189,
    "researchAndDevelopmentExpenses": 0,
    "generalAndAdministrativeExpenses": 252800000,
    "sellingAndMarketingExpenses": 28300000,
    "sellingGeneralAndAdministrativeExpenses": 281100000,
    "otherExpenses": 0,
    "operatingExpenses": 281100000,
    "costAndExpenses": 2441700000,
    "interestIncome": 0,
    "interestExpense": -85500000,
    "depreciationAndAmortization": 0,
    "ebitda": 139700000,
    "ebitdaratio": 0.0541179205,
    "operatingIncome": 139700000,
    "operatingIncomeRatio": 0.0541179205,
    "totalOtherIncomeExpensesNet": -85000000,
    "incomeBeforeTax": 54700000,
    "incomeBeforeTaxRatio": 0.0211900519,
    "incomeTaxExpense": 17600000,
    "netIncome": 37100000,
    "netIncomeRatio": 0.0143720462,
    "eps": 0.26,
    "epsdiluted": 0.25,
    "weightedAverageShsOut": 145200000,
    "weightedAverageShsOutDil": 146100000,
    "link": "https://www.sec.gov/Archives/edgar/data/1402057/000119312511310778/0001193125-11-310778-index.htm",
    "finalLink": "https://www.sec.gov/Archives/edgar/data/1402057/000119312511310778/d237737d10q.htm"
  },
  {
    "date": "2011-06-30",
    "symbol": "CDW",
    "reportedCurrency": "USD",
    "cik": "0001402057",
    "fillingDate": "2011-08-15",
    "acceptedDate": "2011-08-15 15:13:50",
    "calendarYear": "2011",
    "period": "Q2",
    "revenue": 2412100000,
    "costOfRevenue": 2010300000,
    "grossProfit": 401800000,
    "grossProfitRatio": 0.1665768418,
    "researchAndDevelopmentExpenses": 0,
    "generalAndAdministrativeExpenses": 244400000,
    "sellingAndMarketingExpenses": 29200000,
    "sellingGeneralAndAdministrativeExpenses": 273600000,
    "otherExpenses": 0,
    "operatingExpenses": 273600000,
    "costAndExpenses": 2283900000,
    "interestIncome": 0,
    "interestExpense": -65700000,
    "depreciationAndAmortization": 50800000,
    "ebitda": 179000000,
    "ebitdaratio": 0.0742091953,
    "operatingIncome": 128200000,
    "operatingIncomeRatio": 0.0531487086,
    "totalOtherIncomeExpensesNet": -181400000,
    "incomeBeforeTax": -53200000,
    "incomeBeforeTaxRatio": -0.0220554703,
    "incomeTaxExpense": -18400000,
    "netIncome": -34800000,
    "netIncomeRatio": -0.0144272626,
    "eps": -0.24,
    "epsdiluted": -0.24,
    "weightedAverageShsOut": 145200000,
    "weightedAverageShsOutDil": 146100000,
    "link": "https://www.sec.gov/Archives/edgar/data/1402057/000119312511222961/0001193125-11-222961-index.htm",
    "finalLink": "https://www.sec.gov/Archives/edgar/data/1402057/000119312511222961/d10q.htm"
  },
  {
    "date": "2011-03-31",
    "symbol": "CDW",
    "reportedCurrency": "USD",
    "cik": "0001402057",
    "fillingDate": "2011-05-13",
    "acceptedDate": "2011-05-13 15:22:35",
    "calendarYear": "2011",
    "period": "Q1",
    "revenue": 2129600000,
    "costOfRevenue": 1778100000,
    "grossProfit": 351500000,
    "grossProfitRatio": 0.1650544703,
    "researchAndDevelopmentExpenses": 0,
    "generalAndAdministrativeExpenses": 230400000,
    "sellingAndMarketingExpenses": 29400000,
    "sellingGeneralAndAdministrativeExpenses": 259800000,
    "otherExpenses": 0,
    "operatingExpenses": 259800000,
    "costAndExpenses": 2037900000,
    "interestIncome": 0,
    "interestExpense": -92100000,
    "depreciationAndAmortization": 51600000,
    "ebitda": 143300000,
    "ebitdaratio": 0.0672896319,
    "operatingIncome": 91700000,
    "operatingIncomeRatio": 0.0430597295,
    "totalOtherIncomeExpensesNet": -94800000,
    "incomeBeforeTax": -3100000,
    "incomeBeforeTaxRatio": -0.0014556724,
    "incomeTaxExpense": 1100000,
    "netIncome": -4200000,
    "netIncomeRatio": -0.0019722014,
    "eps": -0.0289,
    "epsdiluted": -0.0287,
    "weightedAverageShsOut": 145200000,
    "weightedAverageShsOutDil": 146100000,
    "link": "https://www.sec.gov/Archives/edgar/data/1402057/000119312511139438/0001193125-11-139438-index.htm",
    "finalLink": "https://www.sec.gov/Archives/edgar/data/1402057/000119312511139438/d10q.htm"
  },
  {
    "date": "2010-12-31",
    "symbol": "CDW",
    "reportedCurrency": "USD",
    "cik": "0001402057",
    "fillingDate": "2011-03-04",
    "acceptedDate": "2011-03-04 15:43:42",
    "calendarYear": "2010",
    "period": "Q4",
    "revenue": 2269400000,
    "costOfRevenue": 1912700000,
    "grossProfit": 356700000,
    "grossProfitRatio": 0.1571781088,
    "researchAndDevelopmentExpenses": 0,
    "generalAndAdministrativeExpenses": 242400000,
    "sellingAndMarketingExpenses": 33100000,
    "sellingGeneralAndAdministrativeExpenses": 275500000,
    "otherExpenses": 0,
    "operatingExpenses": 275500000,
    "costAndExpenses": 2188200000,
    "interestIncome": 0,
    "interestExpense": 0,
    "depreciationAndAmortization": 50900000,
    "ebitda": 132100000,
    "ebitdaratio": 0.0582092183,
    "operatingIncome": 81200000,
    "operatingIncomeRatio": 0.0357803825,
    "totalOtherIncomeExpensesNet": -110500000,
    "incomeBeforeTax": -29300000,
    "incomeBeforeTaxRatio": -0.0129109016,
    "incomeTaxExpense": -5200000,
    "netIncome": -24100000,
    "netIncomeRatio": -0.010619547,
    "eps": -0.17,
    "epsdiluted": -0.17,
    "weightedAverageShsOut": 145200000,
    "weightedAverageShsOutDil": 145200000,
    "link": "https://www.sec.gov/Archives/edgar/data/1402057/000119312511056194/0001193125-11-056194-index.htm",
    "finalLink": "https://www.sec.gov/Archives/edgar/data/1402057/000119312511056194/d10k.htm"
  },
  {
    "date": "2010-09-30",
    "symbol": "CDW",
    "reportedCurrency": "USD",
    "cik": "0001402057",
    "fillingDate": "2010-11-15",
    "acceptedDate": "2010-11-15 16:45:16",
    "calendarYear": "2010",
    "period": "Q3",
    "revenue": 2374400000,
    "costOfRevenue": 2006000000,
    "grossProfit": 368400000,
    "grossProfitRatio": 0.1551549865,
    "researchAndDevelopmentExpenses": 0,
    "generalAndAdministrativeExpenses": 235800000,
    "sellingAndMarketingExpenses": 28000000,
    "sellingGeneralAndAdministrativeExpenses": 263800000,
    "otherExpenses": 0,
    "operatingExpenses": 263800000,
    "costAndExpenses": 2269800000,
    "interestIncome": 0,
    "interestExpense": 0,
    "depreciationAndAmortization": 53400000,
    "ebitda": 104600000,
    "ebitdaratio": 0.0440532345,
    "operatingIncome": 104600000,
    "operatingIncomeRatio": 0.0440532345,
    "totalOtherIncomeExpensesNet": -104900000,
    "incomeBeforeTax": -300000,
    "incomeBeforeTaxRatio": -0.0001263477,
    "incomeTaxExpense": 0,
    "netIncome": -300000,
    "netIncomeRatio": -0.0001263477,
    "eps": -0.0021,
    "epsdiluted": -0.0021,
    "weightedAverageShsOut": 145200000,
    "weightedAverageShsOutDil": 146100000,
    "link": "https://www.sec.gov/Archives/edgar/data/1402057/000119312510260785/0001193125-10-260785-index.htm",
    "finalLink": "https://www.sec.gov/Archives/edgar/data/1402057/000119312510260785/d10q.htm"
  },
  {
    "date": "2010-06-30",
    "symbol": "CDW",
    "reportedCurrency": "USD",
    "cik": "0001402057",
    "fillingDate": "2010-06-30",
    "acceptedDate": "2010-06-29 20:00:00",
    "calendarYear": "2010",
    "period": "Q2",
    "revenue": 2223300000,
    "costOfRevenue": 1863400000,
    "grossProfit": 359900000,
    "grossProfitRatio": 0.1618764899,
    "researchAndDevelopmentExpenses": 0,
    "generalAndAdministrativeExpenses": 239600000,
    "sellingAndMarketingExpenses": 24700000,
    "sellingGeneralAndAdministrativeExpenses": 264300000,
    "otherExpenses": 0,
    "operatingExpenses": 264300000,
    "costAndExpenses": 2127700000,
    "interestIncome": 0,
    "interestExpense": 0,
    "depreciationAndAmortization": 52700000,
    "ebitda": 148300000,
    "ebitdaratio": 0.0667026492,
    "operatingIncome": 95600000,
    "operatingIncomeRatio": 0.0429991454,
    "totalOtherIncomeExpensesNet": -106500000,
    "incomeBeforeTax": -10900000,
    "incomeBeforeTaxRatio": -0.0049026222,
    "incomeTaxExpense": -3900000,
    "netIncome": -7000000,
    "netIncomeRatio": -0.003148473,
    "eps": -0.0482,
    "epsdiluted": -0.0479,
    "weightedAverageShsOut": 145200000,
    "weightedAverageShsOutDil": 146100000,
    "link": "",
    "finalLink": ""
  },
  {
    "date": "2010-03-31",
    "symbol": "CDW",
    "reportedCurrency": "USD",
    "cik": "0001402057",
    "fillingDate": "2010-03-31",
    "acceptedDate": "2010-03-30 20:00:00",
    "calendarYear": "2010",
    "period": "Q1",
    "revenue": 1934100000,
    "costOfRevenue": 1628200000,
    "grossProfit": 305900000,
    "grossProfitRatio": 0.1581614187,
    "researchAndDevelopmentExpenses": 0,
    "generalAndAdministrativeExpenses": 214400000,
    "sellingAndMarketingExpenses": 20200000,
    "sellingGeneralAndAdministrativeExpenses": 234600000,
    "otherExpenses": 0,
    "operatingExpenses": 234600000,
    "costAndExpenses": 1862800000,
    "interestIncome": 0,
    "interestExpense": 0,
    "depreciationAndAmortization": 52400000,
    "ebitda": 123700000,
    "ebitdaratio": 0.0639573962,
    "operatingIncome": 71300000,
    "operatingIncomeRatio": 0.0368646916,
    "totalOtherIncomeExpensesNet": -67800000,
    "incomeBeforeTax": 3500000,
    "incomeBeforeTaxRatio": 0.0018096272,
    "incomeTaxExpense": 1300000,
    "netIncome": 2200000,
    "netIncomeRatio": 0.00113748,
    "eps": 0.0152,
    "epsdiluted": 0.0151,
    "weightedAverageShsOut": 145200000,
    "weightedAverageShsOutDil": 146100000,
    "link": "",
    "finalLink": ""
  },
  {
    "date": "2009-12-31",
    "symbol": "CDW",
    "reportedCurrency": "USD",
    "cik": "0001402057",
    "fillingDate": "2009-12-31",
    "acceptedDate": "2009-12-30 19:00:00",
    "calendarYear": "2009",
    "period": "Q4",
    "revenue": 1964500000,
    "costOfRevenue": 1661900000,
    "grossProfit": 302600000,
    "grossProfitRatio": 0.1540341054,
    "researchAndDevelopmentExpenses": 0,
    "generalAndAdministrativeExpenses": 221700000,
    "sellingAndMarketingExpenses": 22300000,
    "sellingGeneralAndAdministrativeExpenses": 244000000,
    "otherExpenses": 6800000,
    "operatingExpenses": 250800000,
    "costAndExpenses": 1912700000,
    "interestIncome": 0,
    "interestExpense": 0,
    "depreciationAndAmortization": 53100000,
    "ebitda": 111700000,
    "ebitdaratio": 0.0568592517,
    "operatingIncome": 51800000,
    "operatingIncomeRatio": 0.0263680326,
    "totalOtherIncomeExpensesNet": -114600000,
    "incomeBeforeTax": -62800000,
    "incomeBeforeTaxRatio": -0.0319674217,
    "incomeTaxExpense": -25400000,
    "netIncome": -37400000,
    "netIncomeRatio": -0.0190379231,
    "eps": -0.26,
    "epsdiluted": -0.26,
    "weightedAverageShsOut": 145200000,
    "weightedAverageShsOutDil": 145200000,
    "link": "",
    "finalLink": ""
  },
  {
    "date": "2009-09-30",
    "symbol": "CDW",
    "reportedCurrency": "USD",
    "cik": "0001402057",
    "fillingDate": "2009-09-30",
    "acceptedDate": "2009-09-29 20:00:00",
    "calendarYear": "2009",
    "period": "Q3",
    "revenue": 1963400000,
    "costOfRevenue": 1662100000,
    "grossProfit": 301300000,
    "grossProfitRatio": 0.1534582866,
    "researchAndDevelopmentExpenses": 0,
    "generalAndAdministrativeExpenses": 203400000,
    "sellingAndMarketingExpenses": 27600000,
    "sellingGeneralAndAdministrativeExpenses": 231000000,
    "otherExpenses": 0,
    "operatingExpenses": 231000000,
    "costAndExpenses": 1893100000,
    "interestIncome": 0,
    "interestExpense": 0,
    "depreciationAndAmortization": 0,
    "ebitda": 70300000,
    "ebitdaratio": 0.0358052358,
    "operatingIncome": 70300000,
    "operatingIncomeRatio": 0.0358052358,
    "totalOtherIncomeExpensesNet": -107900000,
    "incomeBeforeTax": -37600000,
    "incomeBeforeTaxRatio": -0.0191504533,
    "incomeTaxExpense": -12600000,
    "netIncome": -25000000,
    "netIncomeRatio": -0.0127330142,
    "eps": -0.17,
    "epsdiluted": -0.17,
    "weightedAverageShsOut": 145200000,
    "weightedAverageShsOutDil": 146100000,
    "link": "",
    "finalLink": ""
  },
  {
    "date": "2007-06-30",
    "symbol": "CDW",
    "reportedCurrency": "USD",
    "cik": "0001402057",
    "fillingDate": "2007-06-30",
    "acceptedDate": "2007-06-29 20:00:00",
    "calendarYear": "2007",
    "period": "Q2",
    "revenue": 2032838000,
    "costOfRevenue": 1704851000,
    "grossProfit": 327987000,
    "grossProfitRatio": 0.1613443865,
    "researchAndDevelopmentExpenses": 0,
    "generalAndAdministrativeExpenses": 172117000,
    "sellingAndMarketingExpenses": 32199000,
    "sellingGeneralAndAdministrativeExpenses": 204316000,
    "otherExpenses": 0,
    "operatingExpenses": 204316000,
    "costAndExpenses": 1909167000,
    "interestIncome": 0,
    "interestExpense": 0,
    "depreciationAndAmortization": 11076000,
    "ebitda": 134747000,
    "ebitdaratio": 0.0662851639,
    "operatingIncome": 123671000,
    "operatingIncomeRatio": 0.0608366235,
    "totalOtherIncomeExpensesNet": 5570000,
    "incomeBeforeTax": 129241000,
    "incomeBeforeTaxRatio": 0.0635766352,
    "incomeTaxExpense": 49150000,
    "netIncome": 80091000,
    "netIncomeRatio": 0.0393986142,
    "eps": 1.01,
    "epsdiluted": 0.99,
    "weightedAverageShsOut": 79103000,
    "weightedAverageShsOutDil": 80995000,
    "link": "",
    "finalLink": ""
  },
  {
    "date": "2007-03-31",
    "symbol": "CDW",
    "reportedCurrency": "USD",
    "cik": "0001402057",
    "fillingDate": "2007-03-31",
    "acceptedDate": "2007-03-30 20:00:00",
    "calendarYear": "2007",
    "period": "Q1",
    "revenue": 1859118000,
    "costOfRevenue": 1557799000,
    "grossProfit": 301319000,
    "grossProfitRatio": 0.1620763179,
    "researchAndDevelopmentExpenses": 0,
    "generalAndAdministrativeExpenses": 154185000,
    "sellingAndMarketingExpenses": 29179000,
    "sellingGeneralAndAdministrativeExpenses": 183364000,
    "otherExpenses": 0,
    "operatingExpenses": 183364000,
    "costAndExpenses": 1741163000,
    "interestIncome": 0,
    "interestExpense": 0,
    "depreciationAndAmortization": 10048000,
    "ebitda": 128003000,
    "ebitdaratio": 0.0688514661,
    "operatingIncome": 117955000,
    "operatingIncomeRatio": 0.0634467527,
    "totalOtherIncomeExpensesNet": 3959000,
    "incomeBeforeTax": 121914000,
    "incomeBeforeTaxRatio": 0.0655762571,
    "incomeTaxExpense": 45134000,
    "netIncome": 76780000,
    "netIncomeRatio": 0.0412991537,
    "eps": 0.98,
    "epsdiluted": 0.96,
    "weightedAverageShsOut": 78606000,
    "weightedAverageShsOutDil": 80224000,
    "link": "",
    "finalLink": ""
  },
  {
    "date": "2006-12-31",
    "symbol": "CDW",
    "reportedCurrency": "USD",
    "cik": "0001402057",
    "fillingDate": "2006-12-31",
    "acceptedDate": "2006-12-30 19:00:00",
    "calendarYear": "2006",
    "period": "Q4",
    "revenue": 1823929000,
    "costOfRevenue": 1539883000,
    "grossProfit": 284046000,
    "grossProfitRatio": 0.1557330357,
    "researchAndDevelopmentExpenses": 0,
    "generalAndAdministrativeExpenses": 147764000,
    "sellingAndMarketingExpenses": 28458000,
    "sellingGeneralAndAdministrativeExpenses": 176222000,
    "otherExpenses": 25000000,
    "operatingExpenses": 201222000,
    "costAndExpenses": 1741105000,
    "interestIncome": 0,
    "interestExpense": 0,
    "depreciationAndAmortization": 9058000,
    "ebitda": 91882000,
    "ebitdaratio": 0.0503758644,
    "operatingIncome": 82824000,
    "operatingIncomeRatio": 0.0454096623,
    "totalOtherIncomeExpensesNet": 3503000,
    "incomeBeforeTax": 86327000,
    "incomeBeforeTaxRatio": 0.0473302415,
    "incomeTaxExpense": 32770000,
    "netIncome": 53557000,
    "netIncomeRatio": 0.0293635333,
    "eps": 0.69,
    "epsdiluted": 0.69,
    "weightedAverageShsOut": 77890000,
    "weightedAverageShsOutDil": 77890000,
    "link": "",
    "finalLink": ""
  },
  {
    "date": "2006-09-30",
    "symbol": "CDW",
    "reportedCurrency": "USD",
    "cik": "0001402057",
    "fillingDate": "2006-09-30",
    "acceptedDate": "2006-09-29 20:00:00",
    "calendarYear": "2006",
    "period": "Q3",
    "revenue": 1739457000,
    "costOfRevenue": 1471586000,
    "grossProfit": 267871000,
    "grossProfitRatio": 0.1539969082,
    "researchAndDevelopmentExpenses": 0,
    "generalAndAdministrativeExpenses": 127416000,
    "sellingAndMarketingExpenses": 28964000,
    "sellingGeneralAndAdministrativeExpenses": 156380000,
    "otherExpenses": 0,
    "operatingExpenses": 156380000,
    "costAndExpenses": 1627966000,
    "interestIncome": 0,
    "interestExpense": 0,
    "depreciationAndAmortization": 6390000,
    "ebitda": 117881000,
    "ebitdaratio": 0.0677688497,
    "operatingIncome": 111491000,
    "operatingIncomeRatio": 0.0640952895,
    "totalOtherIncomeExpensesNet": 4806000,
    "incomeBeforeTax": 116297000,
    "incomeBeforeTaxRatio": 0.0668582207,
    "incomeTaxExpense": 38563000,
    "netIncome": 77734000,
    "netIncomeRatio": 0.0446886586,
    "eps": 1,
    "epsdiluted": 0.98,
    "weightedAverageShsOut": 77890000,
    "weightedAverageShsOutDil": 79459000,
    "link": "",
    "finalLink": ""
  },
  {
    "date": "2006-06-30",
    "symbol": "CDW",
    "reportedCurrency": "USD",
    "cik": "0001402057",
    "fillingDate": "2006-06-30",
    "acceptedDate": "2006-06-29 20:00:00",
    "calendarYear": "2006",
    "period": "Q2",
    "revenue": 1633458000,
    "costOfRevenue": 1369421000,
    "grossProfit": 264037000,
    "grossProfitRatio": 0.1616429685,
    "researchAndDevelopmentExpenses": 0,
    "generalAndAdministrativeExpenses": 126192000,
    "sellingAndMarketingExpenses": 30007000,
    "sellingGeneralAndAdministrativeExpenses": 156199000,
    "otherExpenses": 0,
    "operatingExpenses": 156199000,
    "costAndExpenses": 1525620000,
    "interestIncome": 0,
    "interestExpense": 0,
    "depreciationAndAmortization": 6111000,
    "ebitda": 113949000,
    "ebitdaratio": 0.0697593694,
    "operatingIncome": 107838000,
    "operatingIncomeRatio": 0.0660182264,
    "totalOtherIncomeExpensesNet": 5398000,
    "incomeBeforeTax": 113236000,
    "incomeBeforeTaxRatio": 0.0693228721,
    "incomeTaxExpense": 40125000,
    "netIncome": 73111000,
    "netIncomeRatio": 0.0447584205,
    "eps": 0.93,
    "epsdiluted": 0.91,
    "weightedAverageShsOut": 78994000,
    "weightedAverageShsOutDil": 80564000,
    "link": "",
    "finalLink": ""
  },
  {
    "date": "2006-03-31",
    "symbol": "CDW",
    "reportedCurrency": "USD",
    "cik": "0001402057",
    "fillingDate": "2006-03-31",
    "acceptedDate": "2006-03-30 19:00:00",
    "calendarYear": "2006",
    "period": "Q1",
    "revenue": 1588629000,
    "costOfRevenue": 1334740000,
    "grossProfit": 253889000,
    "grossProfitRatio": 0.1598164203,
    "researchAndDevelopmentExpenses": 0,
    "generalAndAdministrativeExpenses": 128748000,
    "sellingAndMarketingExpenses": 30895000,
    "sellingGeneralAndAdministrativeExpenses": 159643000,
    "otherExpenses": 0,
    "operatingExpenses": 159643000,
    "costAndExpenses": 1494383000,
    "interestIncome": 0,
    "interestExpense": 0,
    "depreciationAndAmortization": 6579000,
    "ebitda": 100825000,
    "ebitdaratio": 0.0634666747,
    "operatingIncome": 94246000,
    "operatingIncomeRatio": 0.059325368,
    "totalOtherIncomeExpensesNet": 4245000,
    "incomeBeforeTax": 98491000,
    "incomeBeforeTaxRatio": 0.0619974834,
    "incomeTaxExpense": 36813000,
    "netIncome": 61678000,
    "netIncomeRatio": 0.0388246721,
    "eps": 0.77,
    "epsdiluted": 0.75,
    "weightedAverageShsOut": 80004000,
    "weightedAverageShsOutDil": 81973000,
    "link": "",
    "finalLink": ""
  },
  {
    "date": "2005-12-31",
    "symbol": "CDW",
    "reportedCurrency": "USD",
    "cik": "0001402057",
    "fillingDate": "2005-12-31",
    "acceptedDate": "2005-12-30 19:00:00",
    "calendarYear": "2005",
    "period": "Q4",
    "revenue": 1606964000,
    "costOfRevenue": 1358184000,
    "grossProfit": 248780000,
    "grossProfitRatio": 0.1548136735,
    "researchAndDevelopmentExpenses": 0,
    "generalAndAdministrativeExpenses": 0,
    "sellingAndMarketingExpenses": 0,
    "sellingGeneralAndAdministrativeExpenses": 113249000,
    "otherExpenses": 28545000,
    "operatingExpenses": 141794000,
    "costAndExpenses": 1499978000,
    "interestIncome": 0,
    "interestExpense": 0,
    "depreciationAndAmortization": 5641000,
    "ebitda": 112627000,
    "ebitdaratio": 0.0700868221,
    "operatingIncome": 106986000,
    "operatingIncomeRatio": 0.0665764759,
    "totalOtherIncomeExpensesNet": 3627000,
    "incomeBeforeTax": 110613000,
    "incomeBeforeTaxRatio": 0.0688335271,
    "incomeTaxExpense": 40103000,
    "netIncome": 70510000,
    "netIncomeRatio": 0.043877772,
    "eps": 0.88,
    "epsdiluted": 0.88,
    "weightedAverageShsOut": 80051000,
    "weightedAverageShsOutDil": 80526000,
    "link": "",
    "finalLink": ""
  },
  {
    "date": "2005-09-30",
    "symbol": "CDW",
    "reportedCurrency": "USD",
    "cik": "0001402057",
    "fillingDate": "2005-09-30",
    "acceptedDate": "2005-09-29 20:00:00",
    "calendarYear": "2005",
    "period": "Q3",
    "revenue": 1670204000,
    "costOfRevenue": 1415261000,
    "grossProfit": 254943000,
    "grossProfitRatio": 0.152641833,
    "researchAndDevelopmentExpenses": 0,
    "generalAndAdministrativeExpenses": 112670000,
    "sellingAndMarketingExpenses": 29843000,
    "sellingGeneralAndAdministrativeExpenses": 142513000,
    "otherExpenses": 0,
    "operatingExpenses": 142513000,
    "costAndExpenses": 1557774000,
    "interestIncome": 0,
    "interestExpense": 0,
    "depreciationAndAmortization": 5443000,
    "ebitda": 117873000,
    "ebitdaratio": 0.0705740137,
    "operatingIncome": 112430000,
    "operatingIncomeRatio": 0.0673151304,
    "totalOtherIncomeExpensesNet": 3378000,
    "incomeBeforeTax": 115808000,
    "incomeBeforeTaxRatio": 0.0693376378,
    "incomeTaxExpense": 42684000,
    "netIncome": 73124000,
    "netIncomeRatio": 0.0437814782,
    "eps": 0.91,
    "epsdiluted": 0.88,
    "weightedAverageShsOut": 80526000,
    "weightedAverageShsOutDil": 82957000,
    "link": "",
    "finalLink": ""
  },
  {
    "date": "2005-06-30",
    "symbol": "CDW",
    "reportedCurrency": "USD",
    "cik": "0001402057",
    "fillingDate": "2005-06-30",
    "acceptedDate": "2005-06-29 20:00:00",
    "calendarYear": "2005",
    "period": "Q2",
    "revenue": 1539595000,
    "costOfRevenue": 1302117000,
    "grossProfit": 237478000,
    "grossProfitRatio": 0.1542470585,
    "researchAndDevelopmentExpenses": 0,
    "generalAndAdministrativeExpenses": 105325000,
    "sellingAndMarketingExpenses": 29665000,
    "sellingGeneralAndAdministrativeExpenses": 134990000,
    "otherExpenses": 0,
    "operatingExpenses": 134990000,
    "costAndExpenses": 1437107000,
    "interestIncome": 0,
    "interestExpense": 0,
    "depreciationAndAmortization": 5301000,
    "ebitda": 107789000,
    "ebitdaratio": 0.0700112692,
    "operatingIncome": 102488000,
    "operatingIncomeRatio": 0.0665681559,
    "totalOtherIncomeExpensesNet": 3510000,
    "incomeBeforeTax": 105998000,
    "incomeBeforeTaxRatio": 0.0688479763,
    "incomeTaxExpense": 38937000,
    "netIncome": 67061000,
    "netIncomeRatio": 0.043557559,
    "eps": 0.82,
    "epsdiluted": 0.8,
    "weightedAverageShsOut": 81337000,
    "weightedAverageShsOutDil": 83737000,
    "link": "",
    "finalLink": ""
  },
  {
    "date": "2005-03-31",
    "symbol": "CDW",
    "reportedCurrency": "USD",
    "cik": "0001402057",
    "fillingDate": "2005-03-31",
    "acceptedDate": "2005-03-30 19:00:00",
    "calendarYear": "2005",
    "period": "Q1",
    "revenue": 1475082000,
    "costOfRevenue": 1248653000,
    "grossProfit": 226429000,
    "grossProfitRatio": 0.1535026527,
    "researchAndDevelopmentExpenses": 0,
    "generalAndAdministrativeExpenses": 102238000,
    "sellingAndMarketingExpenses": 26461000,
    "sellingGeneralAndAdministrativeExpenses": 128699000,
    "otherExpenses": 0,
    "operatingExpenses": 128699000,
    "costAndExpenses": 1377352000,
    "interestIncome": 0,
    "interestExpense": 0,
    "depreciationAndAmortization": 5108000,
    "ebitda": 102838000,
    "ebitdaratio": 0.0697168022,
    "operatingIncome": 97730000,
    "operatingIncomeRatio": 0.0662539438,
    "totalOtherIncomeExpensesNet": 2809000,
    "incomeBeforeTax": 100539000,
    "incomeBeforeTaxRatio": 0.0681582448,
    "incomeTaxExpense": 39142000,
    "netIncome": 61397000,
    "netIncomeRatio": 0.0416227708,
    "eps": 0.74,
    "epsdiluted": 0.72,
    "weightedAverageShsOut": 82621000,
    "weightedAverageShsOutDil": 85309000,
    "link": "",
    "finalLink": ""
  },
  {
    "date": "2004-12-31",
    "symbol": "CDW",
    "reportedCurrency": "USD",
    "cik": "0001402057",
    "fillingDate": "2004-12-31",
    "acceptedDate": "2004-12-30 19:00:00",
    "calendarYear": "2004",
    "period": "Q4",
    "revenue": 1507127000,
    "costOfRevenue": 1283952000,
    "grossProfit": 223175000,
    "grossProfitRatio": 0.148079757,
    "researchAndDevelopmentExpenses": 0,
    "generalAndAdministrativeExpenses": 0,
    "sellingAndMarketingExpenses": 0,
    "sellingGeneralAndAdministrativeExpenses": 98514000,
    "otherExpenses": 23293000,
    "operatingExpenses": 121807000,
    "costAndExpenses": 1405759000,
    "interestIncome": 0,
    "interestExpense": 0,
    "depreciationAndAmortization": 4639000,
    "ebitda": 106007000,
    "ebitdaratio": 0.0703371381,
    "operatingIncome": 101368000,
    "operatingIncomeRatio": 0.0672590963,
    "totalOtherIncomeExpensesNet": 2314000,
    "incomeBeforeTax": 103682000,
    "incomeBeforeTaxRatio": 0.0687944679,
    "incomeTaxExpense": 40983000,
    "netIncome": 62699000,
    "netIncomeRatio": 0.0416016699,
    "eps": 0.75,
    "epsdiluted": 0.75,
    "weightedAverageShsOut": 83047000,
    "weightedAverageShsOutDil": 83047000,
    "link": "",
    "finalLink": ""
  },
  {
    "date": "2004-09-30",
    "symbol": "CDW",
    "reportedCurrency": "USD",
    "cik": "0001402057",
    "fillingDate": "2004-09-30",
    "acceptedDate": "2004-09-29 20:00:00",
    "calendarYear": "2004",
    "period": "Q3",
    "revenue": 1511054000,
    "costOfRevenue": 1283098000,
    "grossProfit": 227956000,
    "grossProfitRatio": 0.1508589369,
    "researchAndDevelopmentExpenses": 0,
    "generalAndAdministrativeExpenses": 0,
    "sellingAndMarketingExpenses": 0,
    "sellingGeneralAndAdministrativeExpenses": 97887000,
    "otherExpenses": 24005000,
    "operatingExpenses": 121892000,
    "costAndExpenses": 1404990000,
    "interestIncome": 0,
    "interestExpense": 0,
    "depreciationAndAmortization": 4445000,
    "ebitda": 110509000,
    "ebitdaratio": 0.0731337199,
    "operatingIncome": 106064000,
    "operatingIncomeRatio": 0.0701920646,
    "totalOtherIncomeExpensesNet": 1911000,
    "incomeBeforeTax": 107975000,
    "incomeBeforeTaxRatio": 0.0714567448,
    "incomeTaxExpense": 42797000,
    "netIncome": 65178000,
    "netIncomeRatio": 0.0431341302,
    "eps": 0.78,
    "epsdiluted": 0.76,
    "weightedAverageShsOut": 83047000,
    "weightedAverageShsOutDil": 85957000,
    "link": "",
    "finalLink": ""
  },
  {
    "date": "2004-06-30",
    "symbol": "CDW",
    "reportedCurrency": "USD",
    "cik": "0001402057",
    "fillingDate": "2004-06-30",
    "acceptedDate": "2004-06-29 20:00:00",
    "calendarYear": "2004",
    "period": "Q2",
    "revenue": 1382904000,
    "costOfRevenue": 1168374000,
    "grossProfit": 214530000,
    "grossProfitRatio": 0.1551300741,
    "researchAndDevelopmentExpenses": 0,
    "generalAndAdministrativeExpenses": 0,
    "sellingAndMarketingExpenses": 0,
    "sellingGeneralAndAdministrativeExpenses": 94096000,
    "otherExpenses": 25287000,
    "operatingExpenses": 119383000,
    "costAndExpenses": 1287757000,
    "interestIncome": 0,
    "interestExpense": 0,
    "depreciationAndAmortization": 4057000,
    "ebitda": 99204000,
    "ebitdaratio": 0.071735999,
    "operatingIncome": 95147000,
    "operatingIncomeRatio": 0.0688023174,
    "totalOtherIncomeExpensesNet": 1450000,
    "incomeBeforeTax": 96597000,
    "incomeBeforeTaxRatio": 0.0698508356,
    "incomeTaxExpense": 38322000,
    "netIncome": 58275000,
    "netIncomeRatio": 0.0421395845,
    "eps": 0.7,
    "epsdiluted": 0.67,
    "weightedAverageShsOut": 83537000,
    "weightedAverageShsOutDil": 86778000,
    "link": "",
    "finalLink": ""
  },
  {
    "date": "2004-03-31",
    "symbol": "CDW",
    "reportedCurrency": "USD",
    "cik": "0001402057",
    "fillingDate": "2004-03-31",
    "acceptedDate": "2004-03-30 19:00:00",
    "calendarYear": "2004",
    "period": "Q1",
    "revenue": 1336689000,
    "costOfRevenue": 1132226000,
    "grossProfit": 204463000,
    "grossProfitRatio": 0.1529622822,
    "researchAndDevelopmentExpenses": 0,
    "generalAndAdministrativeExpenses": 0,
    "sellingAndMarketingExpenses": 0,
    "sellingGeneralAndAdministrativeExpenses": 96066000,
    "otherExpenses": 18217000,
    "operatingExpenses": 114283000,
    "costAndExpenses": 1246509000,
    "interestIncome": 0,
    "interestExpense": 0,
    "depreciationAndAmortization": 3857000,
    "ebitda": 94037000,
    "ebitdaratio": 0.0703506949,
    "operatingIncome": 90180000,
    "operatingIncomeRatio": 0.0674652069,
    "totalOtherIncomeExpensesNet": 1426000,
    "incomeBeforeTax": 91606000,
    "incomeBeforeTaxRatio": 0.068532022,
    "incomeTaxExpense": 36313000,
    "netIncome": 55293000,
    "netIncomeRatio": 0.041365643,
    "eps": 0.66,
    "epsdiluted": 0.63,
    "weightedAverageShsOut": 83819000,
    "weightedAverageShsOutDil": 87275000,
    "link": "",
    "finalLink": ""
  },
  {
    "date": "2003-12-31",
    "symbol": "CDW",
    "reportedCurrency": "USD",
    "cik": "0001402057",
    "fillingDate": "2003-12-31",
    "acceptedDate": "2003-12-30 19:00:00",
    "calendarYear": "2003",
    "period": "Q4",
    "revenue": 1348916000,
    "costOfRevenue": 1155194000,
    "grossProfit": 193722000,
    "grossProfitRatio": 0.1436130938,
    "researchAndDevelopmentExpenses": 0,
    "generalAndAdministrativeExpenses": 0,
    "sellingAndMarketingExpenses": 0,
    "sellingGeneralAndAdministrativeExpenses": 103477000,
    "otherExpenses": 17287000,
    "operatingExpenses": 120764000,
    "costAndExpenses": 1275958000,
    "interestIncome": 0,
    "interestExpense": 0,
    "depreciationAndAmortization": 3849000,
    "ebitda": 76807000,
    "ebitdaratio": 0.0569397946,
    "operatingIncome": 72958000,
    "operatingIncomeRatio": 0.0540863923,
    "totalOtherIncomeExpensesNet": 685000,
    "incomeBeforeTax": 73643000,
    "incomeBeforeTaxRatio": 0.0545942075,
    "incomeTaxExpense": 29089000,
    "netIncome": 44554000,
    "netIncomeRatio": 0.0330294844,
    "eps": 0.54,
    "epsdiluted": 0.54,
    "weightedAverageShsOut": 82791000,
    "weightedAverageShsOutDil": 82791000,
    "link": "",
    "finalLink": ""
  },
  {
    "date": "2003-09-30",
    "symbol": "CDW",
    "reportedCurrency": "USD",
    "cik": "0001402057",
    "fillingDate": "2003-09-30",
    "acceptedDate": "2003-09-29 20:00:00",
    "calendarYear": "2003",
    "period": "Q3",
    "revenue": 1222785000,
    "costOfRevenue": 1046561000,
    "grossProfit": 176224000,
    "grossProfitRatio": 0.1441169134,
    "researchAndDevelopmentExpenses": 0,
    "generalAndAdministrativeExpenses": 0,
    "sellingAndMarketingExpenses": 0,
    "sellingGeneralAndAdministrativeExpenses": 84657000,
    "otherExpenses": 19004000,
    "operatingExpenses": 103661000,
    "costAndExpenses": 1150222000,
    "interestIncome": 0,
    "interestExpense": 0,
    "depreciationAndAmortization": 3759000,
    "ebitda": 76322000,
    "ebitdaratio": 0.0624165328,
    "operatingIncome": 72563000,
    "operatingIncomeRatio": 0.0593424028,
    "totalOtherIncomeExpensesNet": 1163000,
    "incomeBeforeTax": 73726000,
    "incomeBeforeTaxRatio": 0.0602935103,
    "incomeTaxExpense": 29122000,
    "netIncome": 44604000,
    "netIncomeRatio": 0.0364773856,
    "eps": 0.54,
    "epsdiluted": 0.52,
    "weightedAverageShsOut": 82791000,
    "weightedAverageShsOutDil": 85786000,
    "link": "",
    "finalLink": ""
  },
  {
    "date": "2003-06-30",
    "symbol": "CDW",
    "reportedCurrency": "USD",
    "cik": "0001402057",
    "fillingDate": "2003-06-30",
    "acceptedDate": "2003-06-29 20:00:00",
    "calendarYear": "2003",
    "period": "Q2",
    "revenue": 1075296000,
    "costOfRevenue": 918838000,
    "grossProfit": 156458000,
    "grossProfitRatio": 0.1455022617,
    "researchAndDevelopmentExpenses": 0,
    "generalAndAdministrativeExpenses": 0,
    "sellingAndMarketingExpenses": 0,
    "sellingGeneralAndAdministrativeExpenses": 68760000,
    "otherExpenses": 17213000,
    "operatingExpenses": 85973000,
    "costAndExpenses": 1004811000,
    "interestIncome": 0,
    "interestExpense": 0,
    "depreciationAndAmortization": 3635000,
    "ebitda": 74120000,
    "ebitdaratio": 0.0689298575,
    "operatingIncome": 70485000,
    "operatingIncomeRatio": 0.0655493929,
    "totalOtherIncomeExpensesNet": 1618000,
    "incomeBeforeTax": 72103000,
    "incomeBeforeTaxRatio": 0.0670540949,
    "incomeTaxExpense": 28481000,
    "netIncome": 43622000,
    "netIncomeRatio": 0.0405674345,
    "eps": 0.52,
    "epsdiluted": 0.51,
    "weightedAverageShsOut": 83354000,
    "weightedAverageShsOutDil": 85699000,
    "link": "",
    "finalLink": ""
  },
  {
    "date": "2003-03-31",
    "symbol": "CDW",
    "reportedCurrency": "USD",
    "cik": "0001402057",
    "fillingDate": "2003-03-31",
    "acceptedDate": "2003-03-30 19:00:00",
    "calendarYear": "2003",
    "period": "Q1",
    "revenue": 1017619000,
    "costOfRevenue": 870231000,
    "grossProfit": 147388000,
    "grossProfitRatio": 0.1448361322,
    "researchAndDevelopmentExpenses": 0,
    "generalAndAdministrativeExpenses": 0,
    "sellingAndMarketingExpenses": 0,
    "sellingGeneralAndAdministrativeExpenses": 68311000,
    "otherExpenses": 10625000,
    "operatingExpenses": 78936000,
    "costAndExpenses": 949167000,
    "interestIncome": 0,
    "interestExpense": 0,
    "depreciationAndAmortization": 3892000,
    "ebitda": 72344000,
    "ebitdaratio": 0.0710914399,
    "operatingIncome": 68452000,
    "operatingIncomeRatio": 0.0672668258,
    "totalOtherIncomeExpensesNet": 1640000,
    "incomeBeforeTax": 70092000,
    "incomeBeforeTaxRatio": 0.0688784309,
    "incomeTaxExpense": 27686000,
    "netIncome": 42406000,
    "netIncomeRatio": 0.0416717848,
    "eps": 0.51,
    "epsdiluted": 0.49,
    "weightedAverageShsOut": 83967000,
    "weightedAverageShsOutDil": 86542000,
    "link": "",
    "finalLink": ""
  },
  {
    "date": "2002-12-31",
    "symbol": "CDW",
    "reportedCurrency": "USD",
    "cik": "0001402057",
    "fillingDate": "2002-12-31",
    "acceptedDate": "2002-12-30 19:00:00",
    "calendarYear": "2002",
    "period": "Q4",
    "revenue": 1053953000,
    "costOfRevenue": 914569000,
    "grossProfit": 139384000,
    "grossProfitRatio": 0.1322487815,
    "researchAndDevelopmentExpenses": 0,
    "generalAndAdministrativeExpenses": 0,
    "sellingAndMarketingExpenses": 0,
    "sellingGeneralAndAdministrativeExpenses": 65215000,
    "otherExpenses": 802000,
    "operatingExpenses": 66017000,
    "costAndExpenses": 980586000,
    "interestIncome": 0,
    "interestExpense": 0,
    "depreciationAndAmortization": 3728000,
    "ebitda": 77095000,
    "ebitdaratio": 0.0731484231,
    "operatingIncome": 73367000,
    "operatingIncomeRatio": 0.0696112635,
    "totalOtherIncomeExpensesNet": 1916000,
    "incomeBeforeTax": 75283000,
    "incomeBeforeTaxRatio": 0.0714291814,
    "incomeTaxExpense": 29737000,
    "netIncome": 45546000,
    "netIncomeRatio": 0.0432144507,
    "eps": 0.54,
    "epsdiluted": 0.54,
    "weightedAverageShsOut": 83812000,
    "weightedAverageShsOutDil": 84206000,
    "link": "",
    "finalLink": ""
  },
  {
    "date": "2002-09-30",
    "symbol": "CDW",
    "reportedCurrency": "USD",
    "cik": "0001402057",
    "fillingDate": "2002-09-30",
    "acceptedDate": "2002-09-29 20:00:00",
    "calendarYear": "2002",
    "period": "Q3",
    "revenue": 1150970000,
    "costOfRevenue": 993930000,
    "grossProfit": 157040000,
    "grossProfitRatio": 0.1364414364,
    "researchAndDevelopmentExpenses": 0,
    "generalAndAdministrativeExpenses": 0,
    "sellingAndMarketingExpenses": 0,
    "sellingGeneralAndAdministrativeExpenses": 67186000,
    "otherExpenses": 931000,
    "operatingExpenses": 68117000,
    "costAndExpenses": 1062047000,
    "interestIncome": 0,
    "interestExpense": 0,
    "depreciationAndAmortization": 3616000,
    "ebitda": 92539000,
    "ebitdaratio": 0.0804008793,
    "operatingIncome": 88923000,
    "operatingIncomeRatio": 0.0772591814,
    "totalOtherIncomeExpensesNet": 1811000,
    "incomeBeforeTax": 90734000,
    "incomeBeforeTaxRatio": 0.0788326368,
    "incomeTaxExpense": 35840000,
    "netIncome": 54894000,
    "netIncomeRatio": 0.0476936845,
    "eps": 0.65,
    "epsdiluted": 0.63,
    "weightedAverageShsOut": 84206000,
    "weightedAverageShsOutDil": 87326000,
    "link": "",
    "finalLink": ""
  },
  {
    "date": "2002-06-30",
    "symbol": "CDW",
    "reportedCurrency": "USD",
    "cik": "0001402057",
    "fillingDate": "2002-06-30",
    "acceptedDate": "2002-06-29 20:00:00",
    "calendarYear": "2002",
    "period": "Q2",
    "revenue": 1056820000,
    "costOfRevenue": 919572000,
    "grossProfit": 137248000,
    "grossProfitRatio": 0.1298688518,
    "researchAndDevelopmentExpenses": 0,
    "generalAndAdministrativeExpenses": 0,
    "sellingAndMarketingExpenses": 0,
    "sellingGeneralAndAdministrativeExpenses": 64974000,
    "otherExpenses": 1580000,
    "operatingExpenses": 66554000,
    "costAndExpenses": 986126000,
    "interestIncome": 0,
    "interestExpense": 0,
    "depreciationAndAmortization": 4007000,
    "ebitda": 74701000,
    "ebitdaratio": 0.0706846956,
    "operatingIncome": 70694000,
    "operatingIncomeRatio": 0.0668931322,
    "totalOtherIncomeExpensesNet": 2120000,
    "incomeBeforeTax": 72814000,
    "incomeBeforeTaxRatio": 0.0688991503,
    "incomeTaxExpense": 28761000,
    "netIncome": 44053000,
    "netIncomeRatio": 0.0416844874,
    "eps": 0.51,
    "epsdiluted": 0.49,
    "weightedAverageShsOut": 85624000,
    "weightedAverageShsOutDil": 89127000,
    "link": "",
    "finalLink": ""
  },
  {
    "date": "2002-03-31",
    "symbol": "CDW",
    "reportedCurrency": "USD",
    "cik": "0001402057",
    "fillingDate": "2002-03-31",
    "acceptedDate": "2002-03-30 19:00:00",
    "calendarYear": "2002",
    "period": "Q1",
    "revenue": 1002836000,
    "costOfRevenue": 872673000,
    "grossProfit": 130163000,
    "grossProfitRatio": 0.1297949017,
    "researchAndDevelopmentExpenses": 0,
    "generalAndAdministrativeExpenses": 0,
    "sellingAndMarketingExpenses": 0,
    "sellingGeneralAndAdministrativeExpenses": 64236000,
    "otherExpenses": 733000,
    "operatingExpenses": 64969000,
    "costAndExpenses": 937642000,
    "interestIncome": 0,
    "interestExpense": 0,
    "depreciationAndAmortization": 4213000,
    "ebitda": 69407000,
    "ebitdaratio": 0.0692107184,
    "operatingIncome": 65194000,
    "operatingIncomeRatio": 0.0650096327,
    "totalOtherIncomeExpensesNet": 2172000,
    "incomeBeforeTax": 67366000,
    "incomeBeforeTaxRatio": 0.0671754903,
    "incomeTaxExpense": 26610000,
    "netIncome": 40756000,
    "netIncomeRatio": 0.0406407429,
    "eps": 0.47,
    "epsdiluted": 0.45,
    "weightedAverageShsOut": 85842000,
    "weightedAverageShsOutDil": 89750000,
    "link": "",
    "finalLink": ""
  },
  {
    "date": "2001-12-31",
    "symbol": "CDW",
    "reportedCurrency": "USD",
    "cik": "0001402057",
    "fillingDate": "2001-12-31",
    "acceptedDate": "2001-12-30 19:00:00",
    "calendarYear": "2001",
    "period": "Q4",
    "revenue": 988190000,
    "costOfRevenue": 857871000,
    "grossProfit": 130319000,
    "grossProfitRatio": 0.131876461,
    "researchAndDevelopmentExpenses": 0,
    "generalAndAdministrativeExpenses": 0,
    "sellingAndMarketingExpenses": 0,
    "sellingGeneralAndAdministrativeExpenses": 62477000,
    "otherExpenses": 456000,
    "operatingExpenses": 62933000,
    "costAndExpenses": 920804000,
    "interestIncome": 0,
    "interestExpense": 0,
    "depreciationAndAmortization": 4359000,
    "ebitda": 71745000,
    "ebitdaratio": 0.0726024348,
    "operatingIncome": 67386000,
    "operatingIncomeRatio": 0.0681913397,
    "totalOtherIncomeExpensesNet": 2231000,
    "incomeBeforeTax": 69617000,
    "incomeBeforeTaxRatio": 0.0704490027,
    "incomeTaxExpense": 27672000,
    "netIncome": 41945000,
    "netIncomeRatio": 0.0424462907,
    "eps": 0.49,
    "epsdiluted": 0.49,
    "weightedAverageShsOut": 85440000,
    "weightedAverageShsOutDil": 85843000,
    "link": "",
    "finalLink": ""
  },
  {
    "date": "2001-09-30",
    "symbol": "CDW",
    "reportedCurrency": "USD",
    "cik": "0001402057",
    "fillingDate": "2001-09-30",
    "acceptedDate": "2001-09-29 20:00:00",
    "calendarYear": "2001",
    "period": "Q3",
    "revenue": 991065000,
    "costOfRevenue": 857091000,
    "grossProfit": 133974000,
    "grossProfitRatio": 0.1351818498,
    "researchAndDevelopmentExpenses": 0,
    "generalAndAdministrativeExpenses": 0,
    "sellingAndMarketingExpenses": 0,
    "sellingGeneralAndAdministrativeExpenses": 64476000,
    "otherExpenses": 648000,
    "operatingExpenses": 65124000,
    "costAndExpenses": 922215000,
    "interestIncome": 0,
    "interestExpense": 0,
    "depreciationAndAmortization": 3945000,
    "ebitda": 72795000,
    "ebitdaratio": 0.0734512873,
    "operatingIncome": 68850000,
    "operatingIncomeRatio": 0.0694707209,
    "totalOtherIncomeExpensesNet": 2910000,
    "incomeBeforeTax": 71760000,
    "incomeBeforeTaxRatio": 0.0724069562,
    "incomeTaxExpense": 28525000,
    "netIncome": 43235000,
    "netIncomeRatio": 0.0436247875,
    "eps": 0.5,
    "epsdiluted": 0.49,
    "weightedAverageShsOut": 85843000,
    "weightedAverageShsOutDil": 89042000,
    "link": "",
    "finalLink": ""
  },
  {
    "date": "2001-06-30",
    "symbol": "CDW",
    "reportedCurrency": "USD",
    "cik": "0001402057",
    "fillingDate": "2001-06-30",
    "acceptedDate": "2001-06-29 20:00:00",
    "calendarYear": "2001",
    "period": "Q2",
    "revenue": 995045000,
    "costOfRevenue": 862422000,
    "grossProfit": 132623000,
    "grossProfitRatio": 0.1332834193,
    "researchAndDevelopmentExpenses": 0,
    "generalAndAdministrativeExpenses": 0,
    "sellingAndMarketingExpenses": 0,
    "sellingGeneralAndAdministrativeExpenses": 62532000,
    "otherExpenses": 1592000,
    "operatingExpenses": 64124000,
    "costAndExpenses": 926546000,
    "interestIncome": 0,
    "interestExpense": 0,
    "depreciationAndAmortization": 3898000,
    "ebitda": 72397000,
    "ebitdaratio": 0.0727575135,
    "operatingIncome": 68499000,
    "operatingIncomeRatio": 0.0688401027,
    "totalOtherIncomeExpensesNet": 2919000,
    "incomeBeforeTax": 71418000,
    "incomeBeforeTaxRatio": 0.0717736384,
    "incomeTaxExpense": 28388000,
    "netIncome": 43030000,
    "netIncomeRatio": 0.0432442754,
    "eps": 0.5,
    "epsdiluted": 0.48,
    "weightedAverageShsOut": 85598000,
    "weightedAverageShsOutDil": 88889000,
    "link": "",
    "finalLink": ""
  },
  {
    "date": "2001-03-31",
    "symbol": "CDW",
    "reportedCurrency": "USD",
    "cik": "0001402057",
    "fillingDate": "2001-03-31",
    "acceptedDate": "2001-03-30 19:00:00",
    "calendarYear": "2001",
    "period": "Q1",
    "revenue": 987245000,
    "costOfRevenue": 857126000,
    "grossProfit": 130119000,
    "grossProfitRatio": 0.1318001104,
    "researchAndDevelopmentExpenses": 0,
    "generalAndAdministrativeExpenses": 0,
    "sellingAndMarketingExpenses": 0,
    "sellingGeneralAndAdministrativeExpenses": 63843000,
    "otherExpenses": 2813000,
    "operatingExpenses": 66656000,
    "costAndExpenses": 923782000,
    "interestIncome": 0,
    "interestExpense": 0,
    "depreciationAndAmortization": 3181000,
    "ebitda": 66644000,
    "ebitdaratio": 0.0675050266,
    "operatingIncome": 63463000,
    "operatingIncomeRatio": 0.0642829288,
    "totalOtherIncomeExpensesNet": 3718000,
    "incomeBeforeTax": 67181000,
    "incomeBeforeTaxRatio": 0.0680489645,
    "incomeTaxExpense": 26705000,
    "netIncome": 40476000,
    "netIncomeRatio": 0.0409989415,
    "eps": 0.47,
    "epsdiluted": 0.45,
    "weightedAverageShsOut": 86194000,
    "weightedAverageShsOutDil": 89089000,
    "link": "",
    "finalLink": ""
  },
  {
    "date": "2000-12-31",
    "symbol": "CDW",
    "reportedCurrency": "USD",
    "cik": "0001402057",
    "fillingDate": "2000-12-31",
    "acceptedDate": "2000-12-30 19:00:00",
    "calendarYear": "2000",
    "period": "Q4",
    "revenue": 1007071000,
    "costOfRevenue": 879796000,
    "grossProfit": 127275000,
    "grossProfitRatio": 0.1263813574,
    "researchAndDevelopmentExpenses": 0,
    "generalAndAdministrativeExpenses": 0,
    "sellingAndMarketingExpenses": 0,
    "sellingGeneralAndAdministrativeExpenses": 48126000,
    "otherExpenses": 12479000,
    "operatingExpenses": 60605000,
    "costAndExpenses": 940401000,
    "interestIncome": 0,
    "interestExpense": 0,
    "depreciationAndAmortization": 3162000,
    "ebitda": 69832000,
    "ebitdaratio": 0.0693416849,
    "operatingIncome": 66670000,
    "operatingIncomeRatio": 0.0662018865,
    "totalOtherIncomeExpensesNet": 2865000,
    "incomeBeforeTax": 69535000,
    "incomeBeforeTaxRatio": 0.0690467703,
    "incomeTaxExpense": 27536000,
    "netIncome": 41999000,
    "netIncomeRatio": 0.0417041102,
    "eps": 0.48,
    "epsdiluted": 0.48,
    "weightedAverageShsOut": 87236000,
    "weightedAverageShsOutDil": 87236000,
    "link": "",
    "finalLink": ""
  },
  {
    "date": "2000-09-30",
    "symbol": "CDW",
    "reportedCurrency": "USD",
    "cik": "0001402057",
    "fillingDate": "2000-09-30",
    "acceptedDate": "2000-09-29 20:00:00",
    "calendarYear": "2000",
    "period": "Q3",
    "revenue": 1028051000,
    "costOfRevenue": 896917000,
    "grossProfit": 131134000,
    "grossProfitRatio": 0.1275559286,
    "researchAndDevelopmentExpenses": 0,
    "generalAndAdministrativeExpenses": 0,
    "sellingAndMarketingExpenses": 0,
    "sellingGeneralAndAdministrativeExpenses": 59358000,
    "otherExpenses": 0,
    "operatingExpenses": 59358000,
    "costAndExpenses": 956275000,
    "interestIncome": 0,
    "interestExpense": 0,
    "depreciationAndAmortization": 2787000,
    "ebitda": 74563000,
    "ebitdaratio": 0.072528503,
    "operatingIncome": 71776000,
    "operatingIncomeRatio": 0.069817548,
    "totalOtherIncomeExpensesNet": 2611000,
    "incomeBeforeTax": 74387000,
    "incomeBeforeTaxRatio": 0.0723573052,
    "incomeTaxExpense": 29457000,
    "netIncome": 44930000,
    "netIncomeRatio": 0.0437040575,
    "eps": 0.52,
    "epsdiluted": 0.49,
    "weightedAverageShsOut": 87236000,
    "weightedAverageShsOutDil": 91872000,
    "link": "",
    "finalLink": ""
  },
  {
    "date": "2000-06-30",
    "symbol": "CDW",
    "reportedCurrency": "USD",
    "cik": "0001402057",
    "fillingDate": "2000-06-30",
    "acceptedDate": "2000-06-29 20:00:00",
    "calendarYear": "2000",
    "period": "Q2",
    "revenue": 943342000,
    "costOfRevenue": 821121000,
    "grossProfit": 122221000,
    "grossProfitRatio": 0.1295617072,
    "researchAndDevelopmentExpenses": 0,
    "generalAndAdministrativeExpenses": 0,
    "sellingAndMarketingExpenses": 0,
    "sellingGeneralAndAdministrativeExpenses": 57907000,
    "otherExpenses": 0,
    "operatingExpenses": 57907000,
    "costAndExpenses": 879028000,
    "interestIncome": 0,
    "interestExpense": 0,
    "depreciationAndAmortization": 2575000,
    "ebitda": 66889000,
    "ebitdaratio": 0.0709064157,
    "operatingIncome": 64314000,
    "operatingIncomeRatio": 0.0681767588,
    "totalOtherIncomeExpensesNet": 1993000,
    "incomeBeforeTax": 66307000,
    "incomeBeforeTaxRatio": 0.0702894602,
    "incomeTaxExpense": 26258000,
    "netIncome": 40049000,
    "netIncomeRatio": 0.0424543803,
    "eps": 0.46,
    "epsdiluted": 0.44,
    "weightedAverageShsOut": 86951000,
    "weightedAverageShsOutDil": 91154000,
    "link": "",
    "finalLink": ""
  },
  {
    "date": "2000-03-31",
    "symbol": "CDW",
    "reportedCurrency": "USD",
    "cik": "0001402057",
    "fillingDate": "2000-03-31",
    "acceptedDate": "2000-03-30 19:00:00",
    "calendarYear": "2000",
    "period": "Q1",
    "revenue": 863988000,
    "costOfRevenue": 754775000,
    "grossProfit": 109213000,
    "grossProfitRatio": 0.1264056908,
    "researchAndDevelopmentExpenses": 0,
    "generalAndAdministrativeExpenses": 0,
    "sellingAndMarketingExpenses": 0,
    "sellingGeneralAndAdministrativeExpenses": 52365000,
    "otherExpenses": 0,
    "operatingExpenses": 52365000,
    "costAndExpenses": 807140000,
    "interestIncome": 0,
    "interestExpense": 0,
    "depreciationAndAmortization": 1954000,
    "ebitda": 58802000,
    "ebitdaratio": 0.0680588156,
    "operatingIncome": 56848000,
    "operatingIncomeRatio": 0.0657972101,
    "totalOtherIncomeExpensesNet": 1580000,
    "incomeBeforeTax": 58428000,
    "incomeBeforeTaxRatio": 0.0676259392,
    "incomeTaxExpense": 23137000,
    "netIncome": 35291000,
    "netIncomeRatio": 0.0408466321,
    "eps": 0.41,
    "epsdiluted": 0.4,
    "weightedAverageShsOut": 85733565,
    "weightedAverageShsOutDil": 87835065,
    "link": "",
    "finalLink": ""
  },
  {
    "date": "1999-12-31",
    "symbol": "CDW",
    "reportedCurrency": "USD",
    "cik": "0001402057",
    "fillingDate": "1999-12-31",
    "acceptedDate": "1999-12-30 19:00:00",
    "calendarYear": "1999",
    "period": "Q4",
    "revenue": 741239000,
    "costOfRevenue": 651100000,
    "grossProfit": 90139000,
    "grossProfitRatio": 0.1216058518,
    "researchAndDevelopmentExpenses": 0,
    "generalAndAdministrativeExpenses": 0,
    "sellingAndMarketingExpenses": 0,
    "sellingGeneralAndAdministrativeExpenses": 47227000,
    "otherExpenses": -5100000,
    "operatingExpenses": 42127000,
    "costAndExpenses": 693227000,
    "interestIncome": 0,
    "interestExpense": 0,
    "depreciationAndAmortization": 11888000,
    "ebitda": 59900000,
    "ebitdaratio": 0.0808106427,
    "operatingIncome": 48012000,
    "operatingIncomeRatio": 0.0647726307,
    "totalOtherIncomeExpensesNet": 1481000,
    "incomeBeforeTax": 49493000,
    "incomeBeforeTaxRatio": 0.0667706367,
    "incomeTaxExpense": 19608000,
    "netIncome": 29885000,
    "netIncomeRatio": 0.0403176303,
    "eps": 0.35,
    "epsdiluted": 0.35,
    "weightedAverageShsOut": 84516129,
    "weightedAverageShsOutDil": 84516129,
    "link": "",
    "finalLink": ""
  },
  {
    "date": "1999-09-30",
    "symbol": "CDW",
    "reportedCurrency": "USD",
    "cik": "0001402057",
    "fillingDate": "1999-09-30",
    "acceptedDate": "1999-09-29 20:00:00",
    "calendarYear": "1999",
    "period": "Q3",
    "revenue": 683000000,
    "costOfRevenue": 595500000,
    "grossProfit": 87500000,
    "grossProfitRatio": 0.1281112738,
    "researchAndDevelopmentExpenses": 0,
    "generalAndAdministrativeExpenses": 0,
    "sellingAndMarketingExpenses": 0,
    "sellingGeneralAndAdministrativeExpenses": 43500000,
    "otherExpenses": 1900000,
    "operatingExpenses": 45400000,
    "costAndExpenses": 640900000,
    "interestIncome": 0,
    "interestExpense": 0,
    "depreciationAndAmortization": -1900000,
    "ebitda": 44000000,
    "ebitdaratio": 0.0644216691,
    "operatingIncome": 42100000,
    "operatingIncomeRatio": 0.0616398243,
    "totalOtherIncomeExpensesNet": 1300000,
    "incomeBeforeTax": 43400000,
    "incomeBeforeTaxRatio": 0.0635431918,
    "incomeTaxExpense": 17200000,
    "netIncome": 26200000,
    "netIncomeRatio": 0.0383601757,
    "eps": 0.31,
    "epsdiluted": 0.3,
    "weightedAverageShsOut": 84516129,
    "weightedAverageShsOutDil": 87333333,
    "link": "",
    "finalLink": ""
  },
  {
    "date": "1999-06-30",
    "symbol": "CDW",
    "reportedCurrency": "USD",
    "cik": "0001402057",
    "fillingDate": "1999-06-30",
    "acceptedDate": "1999-06-29 20:00:00",
    "calendarYear": "1999",
    "period": "Q2",
    "revenue": 597554000,
    "costOfRevenue": 521107000,
    "grossProfit": 76447000,
    "grossProfitRatio": 0.1279332077,
    "researchAndDevelopmentExpenses": 0,
    "generalAndAdministrativeExpenses": 0,
    "sellingAndMarketingExpenses": 0,
    "sellingGeneralAndAdministrativeExpenses": 38679000,
    "otherExpenses": 1700000,
    "operatingExpenses": 40379000,
    "costAndExpenses": 561486000,
    "interestIncome": 0,
    "interestExpense": 0,
    "depreciationAndAmortization": -1700000,
    "ebitda": 37768000,
    "ebitdaratio": 0.0632043297,
    "operatingIncome": 36068000,
    "operatingIncomeRatio": 0.0603593985,
    "totalOtherIncomeExpensesNet": 853000,
    "incomeBeforeTax": 36921000,
    "incomeBeforeTaxRatio": 0.0617868845,
    "incomeTaxExpense": 14620000,
    "netIncome": 22301000,
    "netIncomeRatio": 0.0373204765,
    "eps": 0.26,
    "epsdiluted": 0.25,
    "weightedAverageShsOut": 86236000,
    "weightedAverageShsOutDil": 87850000,
    "link": "",
    "finalLink": ""
  },
  {
    "date": "1999-03-31",
    "symbol": "CDW",
    "reportedCurrency": "USD",
    "cik": "0001402057",
    "fillingDate": "1999-03-31",
    "acceptedDate": "1999-03-30 19:00:00",
    "calendarYear": "1999",
    "period": "Q1",
    "revenue": 539406000,
    "costOfRevenue": 470000000,
    "grossProfit": 69406000,
    "grossProfitRatio": 0.1286711679,
    "researchAndDevelopmentExpenses": 0,
    "generalAndAdministrativeExpenses": 0,
    "sellingAndMarketingExpenses": 0,
    "sellingGeneralAndAdministrativeExpenses": 36200000,
    "otherExpenses": 1500000,
    "operatingExpenses": 37700000,
    "costAndExpenses": 507700000,
    "interestIncome": 0,
    "interestExpense": 0,
    "depreciationAndAmortization": -1500000,
    "ebitda": 33206000,
    "ebitdaratio": 0.0615603089,
    "operatingIncome": 31706000,
    "operatingIncomeRatio": 0.0587794722,
    "totalOtherIncomeExpensesNet": 894000,
    "incomeBeforeTax": 32600000,
    "incomeBeforeTaxRatio": 0.0604368509,
    "incomeTaxExpense": 12900000,
    "netIncome": 19700000,
    "netIncomeRatio": 0.0365216553,
    "eps": 0.23,
    "epsdiluted": 0.23,
    "weightedAverageShsOut": 85652174,
    "weightedAverageShsOutDil": 85652174,
    "link": "",
    "finalLink": ""
  },
  {
    "date": "1998-12-31",
    "symbol": "CDW",
    "reportedCurrency": "USD",
    "cik": "0001402057",
    "fillingDate": "1998-12-31",
    "acceptedDate": "1998-12-30 19:00:00",
    "calendarYear": "1998",
    "period": "Q4",
    "revenue": 477189000,
    "costOfRevenue": 420214000,
    "grossProfit": 56975000,
    "grossProfitRatio": 0.1193971361,
    "researchAndDevelopmentExpenses": 0,
    "generalAndAdministrativeExpenses": 0,
    "sellingAndMarketingExpenses": 0,
    "sellingGeneralAndAdministrativeExpenses": 31137000,
    "otherExpenses": -3400000,
    "operatingExpenses": 27737000,
    "costAndExpenses": 447951000,
    "interestIncome": 0,
    "interestExpense": 0,
    "depreciationAndAmortization": 8158000,
    "ebitda": 37396000,
    "ebitdaratio": 0.0783672717,
    "operatingIncome": 29238000,
    "operatingIncomeRatio": 0.0612713202,
    "totalOtherIncomeExpensesNet": 1173000,
    "incomeBeforeTax": 30411000,
    "incomeBeforeTaxRatio": 0.0637294657,
    "incomeTaxExpense": 12070000,
    "netIncome": 18341000,
    "netIncomeRatio": 0.0384355046,
    "eps": 0.21,
    "epsdiluted": 0.21,
    "weightedAverageShsOut": 85500000,
    "weightedAverageShsOutDil": 85500000,
    "link": "",
    "finalLink": ""
  },
  {
    "date": "1998-09-30",
    "symbol": "CDW",
    "reportedCurrency": "USD",
    "cik": "0001402057",
    "fillingDate": "1998-09-30",
    "acceptedDate": "1998-09-29 20:00:00",
    "calendarYear": "1998",
    "period": "Q3",
    "revenue": 462700000,
    "costOfRevenue": 402700000,
    "grossProfit": 60000000,
    "grossProfitRatio": 0.1296736546,
    "researchAndDevelopmentExpenses": 0,
    "generalAndAdministrativeExpenses": 0,
    "sellingAndMarketingExpenses": 0,
    "sellingGeneralAndAdministrativeExpenses": 31700000,
    "otherExpenses": 1200000,
    "operatingExpenses": 32900000,
    "costAndExpenses": 435600000,
    "interestIncome": 0,
    "interestExpense": 0,
    "depreciationAndAmortization": -1200000,
    "ebitda": 28300000,
    "ebitdaratio": 0.0611627404,
    "operatingIncome": 27100000,
    "operatingIncomeRatio": 0.0585692673,
    "totalOtherIncomeExpensesNet": 1200000,
    "incomeBeforeTax": 28300000,
    "incomeBeforeTaxRatio": 0.0611627404,
    "incomeTaxExpense": 11200000,
    "netIncome": 17100000,
    "netIncomeRatio": 0.0369569916,
    "eps": 0.2,
    "epsdiluted": 0.2,
    "weightedAverageShsOut": 85500000,
    "weightedAverageShsOutDil": 85500000,
    "link": "",
    "finalLink": ""
  },
  {
    "date": "1998-06-30",
    "symbol": "CDW",
    "reportedCurrency": "USD",
    "cik": "0001402057",
    "fillingDate": "1998-06-30",
    "acceptedDate": "1998-06-29 20:00:00",
    "calendarYear": "1998",
    "period": "Q2",
    "revenue": 408900000,
    "costOfRevenue": 356200000,
    "grossProfit": 52700000,
    "grossProfitRatio": 0.1288823673,
    "researchAndDevelopmentExpenses": 0,
    "generalAndAdministrativeExpenses": 0,
    "sellingAndMarketingExpenses": 0,
    "sellingGeneralAndAdministrativeExpenses": 26900000,
    "otherExpenses": 1000000,
    "operatingExpenses": 27900000,
    "costAndExpenses": 384100000,
    "interestIncome": 0,
    "interestExpense": 0,
    "depreciationAndAmortization": -1000000,
    "ebitda": 25800000,
    "ebitdaratio": 0.0630961115,
    "operatingIncome": 24800000,
    "operatingIncomeRatio": 0.0606505258,
    "totalOtherIncomeExpensesNet": 1000000,
    "incomeBeforeTax": 25800000,
    "incomeBeforeTaxRatio": 0.0630961115,
    "incomeTaxExpense": 10200000,
    "netIncome": 15600000,
    "netIncomeRatio": 0.0381511372,
    "eps": 0.18,
    "epsdiluted": 0.18,
    "weightedAverageShsOut": 86666667,
    "weightedAverageShsOutDil": 86666667,
    "link": "",
    "finalLink": ""
  },
  {
    "date": "1998-03-31",
    "symbol": "CDW",
    "reportedCurrency": "USD",
    "cik": "0001402057",
    "fillingDate": "1998-03-31",
    "acceptedDate": "1998-03-30 19:00:00",
    "calendarYear": "1998",
    "period": "Q1",
    "revenue": 384600000,
    "costOfRevenue": 334200000,
    "grossProfit": 50400000,
    "grossProfitRatio": 0.1310452418,
    "researchAndDevelopmentExpenses": 0,
    "generalAndAdministrativeExpenses": 0,
    "sellingAndMarketingExpenses": 0,
    "sellingGeneralAndAdministrativeExpenses": 25800000,
    "otherExpenses": 1200000,
    "operatingExpenses": 27000000,
    "costAndExpenses": 361200000,
    "interestIncome": 0,
    "interestExpense": 0,
    "depreciationAndAmortization": -1200000,
    "ebitda": 24600000,
    "ebitdaratio": 0.0639625585,
    "operatingIncome": 23400000,
    "operatingIncomeRatio": 0.0608424337,
    "totalOtherIncomeExpensesNet": 1100000,
    "incomeBeforeTax": 24500000,
    "incomeBeforeTaxRatio": 0.0637025481,
    "incomeTaxExpense": 9700000,
    "netIncome": 14800000,
    "netIncomeRatio": 0.0384815393,
    "eps": 0.18,
    "epsdiluted": 0.17,
    "weightedAverageShsOut": 82222222,
    "weightedAverageShsOutDil": 87058824,
    "link": "",
    "finalLink": ""
  },
  {
    "date": "1997-12-31",
    "symbol": "CDW",
    "reportedCurrency": "USD",
    "cik": "0001402057",
    "fillingDate": "1997-12-31",
    "acceptedDate": "1997-12-30 19:00:00",
    "calendarYear": "1997",
    "period": "Q4",
    "revenue": 350729000,
    "costOfRevenue": 305324000,
    "grossProfit": 45405000,
    "grossProfitRatio": 0.129458927,
    "researchAndDevelopmentExpenses": 0,
    "generalAndAdministrativeExpenses": 0,
    "sellingAndMarketingExpenses": 0,
    "sellingGeneralAndAdministrativeExpenses": 24115000,
    "otherExpenses": -800000,
    "operatingExpenses": 23315000,
    "costAndExpenses": 328639000,
    "interestIncome": 0,
    "interestExpense": 0,
    "depreciationAndAmortization": 3472000,
    "ebitda": 25562000,
    "ebitdaratio": 0.0728824819,
    "operatingIncome": 22090000,
    "operatingIncomeRatio": 0.0629831009,
    "totalOtherIncomeExpensesNet": 1018000,
    "incomeBeforeTax": 23108000,
    "incomeBeforeTaxRatio": 0.0658856268,
    "incomeTaxExpense": 9207000,
    "netIncome": 13901000,
    "netIncomeRatio": 0.0396345897,
    "eps": 0.16,
    "epsdiluted": 0.16,
    "weightedAverageShsOut": 86666667,
    "weightedAverageShsOutDil": 86666667,
    "link": "",
    "finalLink": ""
  },
  {
    "date": "1997-09-30",
    "symbol": "CDW",
    "reportedCurrency": "USD",
    "cik": "0001402057",
    "fillingDate": "1997-09-30",
    "acceptedDate": "1997-09-29 20:00:00",
    "calendarYear": "1997",
    "period": "Q3",
    "revenue": 323900000,
    "costOfRevenue": 280700000,
    "grossProfit": 43200000,
    "grossProfitRatio": 0.1333744983,
    "researchAndDevelopmentExpenses": 0,
    "generalAndAdministrativeExpenses": 0,
    "sellingAndMarketingExpenses": 0,
    "sellingGeneralAndAdministrativeExpenses": 22600000,
    "otherExpenses": 200000,
    "operatingExpenses": 22800000,
    "costAndExpenses": 303500000,
    "interestIncome": 0,
    "interestExpense": 0,
    "depreciationAndAmortization": -200000,
    "ebitda": 20600000,
    "ebitdaratio": 0.0635998765,
    "operatingIncome": 20400000,
    "operatingIncomeRatio": 0.062982402,
    "totalOtherIncomeExpensesNet": 1100000,
    "incomeBeforeTax": 21500000,
    "incomeBeforeTaxRatio": 0.0663785119,
    "incomeTaxExpense": 8500000,
    "netIncome": 13000000,
    "netIncomeRatio": 0.0401358444,
    "eps": 0.15,
    "epsdiluted": 0.15,
    "weightedAverageShsOut": 86666667,
    "weightedAverageShsOutDil": 86666667,
    "link": "",
    "finalLink": ""
  },
  {
    "date": "1997-06-30",
    "symbol": "CDW",
    "reportedCurrency": "USD",
    "cik": "0001402057",
    "fillingDate": "1997-06-30",
    "acceptedDate": "1997-06-29 20:00:00",
    "calendarYear": "1997",
    "period": "Q2",
    "revenue": 304500000,
    "costOfRevenue": 262700000,
    "grossProfit": 41800000,
    "grossProfitRatio": 0.13727422,
    "researchAndDevelopmentExpenses": 0,
    "generalAndAdministrativeExpenses": 0,
    "sellingAndMarketingExpenses": 0,
    "sellingGeneralAndAdministrativeExpenses": 21600000,
    "otherExpenses": 200000,
    "operatingExpenses": 21800000,
    "costAndExpenses": 284500000,
    "interestIncome": 0,
    "interestExpense": 0,
    "depreciationAndAmortization": -200000,
    "ebitda": 20200000,
    "ebitdaratio": 0.0663382594,
    "operatingIncome": 20000000,
    "operatingIncomeRatio": 0.065681445,
    "totalOtherIncomeExpensesNet": 1000000,
    "incomeBeforeTax": 21000000,
    "incomeBeforeTaxRatio": 0.0689655172,
    "incomeTaxExpense": 8300000,
    "netIncome": 12700000,
    "netIncomeRatio": 0.0417077176,
    "eps": 0.15,
    "epsdiluted": 0.15,
    "weightedAverageShsOut": 84666667,
    "weightedAverageShsOutDil": 84666667,
    "link": "",
    "finalLink": ""
  },
  {
    "date": "1997-03-31",
    "symbol": "CDW",
    "reportedCurrency": "USD",
    "cik": "0001402057",
    "fillingDate": "1997-03-31",
    "acceptedDate": "1997-03-30 19:00:00",
    "calendarYear": "1997",
    "period": "Q1",
    "revenue": 297800000,
    "costOfRevenue": 257400000,
    "grossProfit": 40400000,
    "grossProfitRatio": 0.1356615178,
    "researchAndDevelopmentExpenses": 0,
    "generalAndAdministrativeExpenses": 0,
    "sellingAndMarketingExpenses": 0,
    "sellingGeneralAndAdministrativeExpenses": 22000000,
    "otherExpenses": 400000,
    "operatingExpenses": 22400000,
    "costAndExpenses": 279800000,
    "interestIncome": 0,
    "interestExpense": 0,
    "depreciationAndAmortization": -400000,
    "ebitda": 18400000,
    "ebitdaratio": 0.0617864338,
    "operatingIncome": 18000000,
    "operatingIncomeRatio": 0.0604432505,
    "totalOtherIncomeExpensesNet": 900000,
    "incomeBeforeTax": 18900000,
    "incomeBeforeTaxRatio": 0.063465413,
    "incomeTaxExpense": 7500000,
    "netIncome": 11400000,
    "netIncomeRatio": 0.0382807253,
    "eps": 0.14,
    "epsdiluted": 0.13,
    "weightedAverageShsOut": 81428571,
    "weightedAverageShsOutDil": 87692308,
    "link": "",
    "finalLink": ""
  },
  {
    "date": "1996-12-31",
    "symbol": "CDW",
    "reportedCurrency": "USD",
    "cik": "0001402057",
    "fillingDate": "1996-12-31",
    "acceptedDate": "1996-12-30 19:00:00",
    "calendarYear": "1996",
    "period": "Q4",
    "revenue": 262195000,
    "costOfRevenue": 229413000,
    "grossProfit": 32782000,
    "grossProfitRatio": 0.1250290814,
    "researchAndDevelopmentExpenses": 0,
    "generalAndAdministrativeExpenses": 0,
    "sellingAndMarketingExpenses": 0,
    "sellingGeneralAndAdministrativeExpenses": 17679000,
    "otherExpenses": 2100000,
    "operatingExpenses": 19779000,
    "costAndExpenses": 249192000,
    "interestIncome": 0,
    "interestExpense": 0,
    "depreciationAndAmortization": 3875000,
    "ebitda": 16878000,
    "ebitdaratio": 0.0643719369,
    "operatingIncome": 13003000,
    "operatingIncomeRatio": 0.0495928603,
    "totalOtherIncomeExpensesNet": 4781000,
    "incomeBeforeTax": 17784000,
    "incomeBeforeTaxRatio": 0.0678273804,
    "incomeTaxExpense": 7084000,
    "netIncome": 10700000,
    "netIncomeRatio": 0.0408093213,
    "eps": 0.13,
    "epsdiluted": 0.13,
    "weightedAverageShsOut": 80833333,
    "weightedAverageShsOutDil": 80833333,
    "link": "",
    "finalLink": ""
  },
  {
    "date": "1996-09-30",
    "symbol": "CDW",
    "reportedCurrency": "USD",
    "cik": "0001402057",
    "fillingDate": "1996-09-30",
    "acceptedDate": "1996-09-29 20:00:00",
    "calendarYear": "1996",
    "period": "Q3",
    "revenue": 240300000,
    "costOfRevenue": 208100000,
    "grossProfit": 32200000,
    "grossProfitRatio": 0.1339991677,
    "researchAndDevelopmentExpenses": 0,
    "generalAndAdministrativeExpenses": 0,
    "sellingAndMarketingExpenses": 0,
    "sellingGeneralAndAdministrativeExpenses": 16300000,
    "otherExpenses": 600000,
    "operatingExpenses": 16900000,
    "costAndExpenses": 225000000,
    "interestIncome": 0,
    "interestExpense": 0,
    "depreciationAndAmortization": -600000,
    "ebitda": 15900000,
    "ebitdaratio": 0.0661672909,
    "operatingIncome": 15300000,
    "operatingIncomeRatio": 0.063670412,
    "totalOtherIncomeExpensesNet": 900000,
    "incomeBeforeTax": 16200000,
    "incomeBeforeTaxRatio": 0.0674157303,
    "incomeTaxExpense": 6500000,
    "netIncome": 9700000,
    "netIncomeRatio": 0.0403662089,
    "eps": 0.12,
    "epsdiluted": 0.11,
    "weightedAverageShsOut": 80833333,
    "weightedAverageShsOutDil": 88181818,
    "link": "",
    "finalLink": ""
  },
  {
    "date": "1996-06-30",
    "symbol": "CDW",
    "reportedCurrency": "USD",
    "cik": "0001402057",
    "fillingDate": "1996-06-30",
    "acceptedDate": "1996-06-29 20:00:00",
    "calendarYear": "1996",
    "period": "Q2",
    "revenue": 218700000,
    "costOfRevenue": 188300000,
    "grossProfit": 30400000,
    "grossProfitRatio": 0.1390032007,
    "researchAndDevelopmentExpenses": 0,
    "generalAndAdministrativeExpenses": 0,
    "sellingAndMarketingExpenses": 0,
    "sellingGeneralAndAdministrativeExpenses": 16600000,
    "otherExpenses": 800000,
    "operatingExpenses": 17400000,
    "costAndExpenses": 205700000,
    "interestIncome": 0,
    "interestExpense": 0,
    "depreciationAndAmortization": -800000,
    "ebitda": 13800000,
    "ebitdaratio": 0.0631001372,
    "operatingIncome": 13000000,
    "operatingIncomeRatio": 0.0594421582,
    "totalOtherIncomeExpensesNet": 900000,
    "incomeBeforeTax": 13900000,
    "incomeBeforeTaxRatio": 0.0635573845,
    "incomeTaxExpense": 5400000,
    "netIncome": 8500000,
    "netIncomeRatio": 0.0388660265,
    "eps": 0.1,
    "epsdiluted": 0.1,
    "weightedAverageShsOut": 85000000,
    "weightedAverageShsOutDil": 85000000,
    "link": "",
    "finalLink": ""
  },
  {
    "date": "1996-03-31",
    "symbol": "CDW",
    "reportedCurrency": "USD",
    "cik": "0001402057",
    "fillingDate": "1996-03-31",
    "acceptedDate": "1996-03-30 19:00:00",
    "calendarYear": "1996",
    "period": "Q1",
    "revenue": 206700000,
    "costOfRevenue": 179600000,
    "grossProfit": 27100000,
    "grossProfitRatio": 0.1311078858,
    "researchAndDevelopmentExpenses": 0,
    "generalAndAdministrativeExpenses": 0,
    "sellingAndMarketingExpenses": 0,
    "sellingGeneralAndAdministrativeExpenses": 14400000,
    "otherExpenses": 500000,
    "operatingExpenses": 14900000,
    "costAndExpenses": 194500000,
    "interestIncome": 0,
    "interestExpense": 0,
    "depreciationAndAmortization": -500000,
    "ebitda": 12700000,
    "ebitdaratio": 0.061441703,
    "operatingIncome": 12200000,
    "operatingIncomeRatio": 0.0590227383,
    "totalOtherIncomeExpensesNet": -3200000,
    "incomeBeforeTax": 9000000,
    "incomeBeforeTaxRatio": 0.0435413643,
    "incomeTaxExpense": 3500000,
    "netIncome": 5500000,
    "netIncomeRatio": 0.0266086115,
    "eps": 0.07,
    "epsdiluted": 0.07,
    "weightedAverageShsOut": 78571429,
    "weightedAverageShsOutDil": 78571429,
    "link": "",
    "finalLink": ""
  },
  {
    "date": "1995-12-31",
    "symbol": "CDW",
    "reportedCurrency": "USD",
    "cik": "0001402057",
    "fillingDate": "1995-12-31",
    "acceptedDate": "1995-12-30 19:00:00",
    "calendarYear": "1995",
    "period": "Q4",
    "revenue": 180100000,
    "costOfRevenue": 156600000,
    "grossProfit": 23500000,
    "grossProfitRatio": 0.130483065,
    "researchAndDevelopmentExpenses": 0,
    "generalAndAdministrativeExpenses": 0,
    "sellingAndMarketingExpenses": 0,
    "sellingGeneralAndAdministrativeExpenses": 13400000,
    "otherExpenses": 600000,
    "operatingExpenses": 14000000,
    "costAndExpenses": 170600000,
    "interestIncome": 0,
    "interestExpense": 0,
    "depreciationAndAmortization": -600000,
    "ebitda": 10100000,
    "ebitdaratio": 0.0560799556,
    "operatingIncome": 9500000,
    "operatingIncomeRatio": 0.0527484731,
    "totalOtherIncomeExpensesNet": 800000,
    "incomeBeforeTax": 10300000,
    "incomeBeforeTaxRatio": 0.0571904498,
    "incomeTaxExpense": 4000000,
    "netIncome": 6300000,
    "netIncomeRatio": 0.0349805664,
    "eps": 0.0832,
    "epsdiluted": 0.0832,
    "weightedAverageShsOut": 75714286,
    "weightedAverageShsOutDil": 75714286,
    "link": "",
    "finalLink": ""
  },
  {
    "date": "1995-09-30",
    "symbol": "CDW",
    "reportedCurrency": "USD",
    "cik": "0001402057",
    "fillingDate": "1995-09-30",
    "acceptedDate": "1995-09-29 20:00:00",
    "calendarYear": "1995",
    "period": "Q3",
    "revenue": 161100000,
    "costOfRevenue": 140100000,
    "grossProfit": 21000000,
    "grossProfitRatio": 0.1303538175,
    "researchAndDevelopmentExpenses": 0,
    "generalAndAdministrativeExpenses": 0,
    "sellingAndMarketingExpenses": 0,
    "sellingGeneralAndAdministrativeExpenses": 12400000,
    "otherExpenses": 600000,
    "operatingExpenses": 13000000,
    "costAndExpenses": 153100000,
    "interestIncome": 0,
    "interestExpense": 0,
    "depreciationAndAmortization": -600000,
    "ebitda": 8600000,
    "ebitdaratio": 0.0533829919,
    "operatingIncome": 8000000,
    "operatingIncomeRatio": 0.0496585971,
    "totalOtherIncomeExpensesNet": 700000,
    "incomeBeforeTax": 8700000,
    "incomeBeforeTaxRatio": 0.0540037244,
    "incomeTaxExpense": 3400000,
    "netIncome": 5300000,
    "netIncomeRatio": 0.0328988206,
    "eps": 0.07,
    "epsdiluted": 0.07,
    "weightedAverageShsOut": 75714286,
    "weightedAverageShsOutDil": 75714286,
    "link": "",
    "finalLink": ""
  },
  {
    "date": "1995-06-30",
    "symbol": "CDW",
    "reportedCurrency": "USD",
    "cik": "0001402057",
    "fillingDate": "1995-06-30",
    "acceptedDate": "1995-06-29 20:00:00",
    "calendarYear": "1995",
    "period": "Q2",
    "revenue": 146200000,
    "costOfRevenue": 127100000,
    "grossProfit": 19100000,
    "grossProfitRatio": 0.1306429549,
    "researchAndDevelopmentExpenses": 0,
    "generalAndAdministrativeExpenses": 0,
    "sellingAndMarketingExpenses": 0,
    "sellingGeneralAndAdministrativeExpenses": 11700000,
    "otherExpenses": 500000,
    "operatingExpenses": 12200000,
    "costAndExpenses": 139300000,
    "interestIncome": 0,
    "interestExpense": 0,
    "depreciationAndAmortization": -500000,
    "ebitda": 7400000,
    "ebitdaratio": 0.0506155951,
    "operatingIncome": 6900000,
    "operatingIncomeRatio": 0.0471956224,
    "totalOtherIncomeExpensesNet": 200000,
    "incomeBeforeTax": 7100000,
    "incomeBeforeTaxRatio": 0.0485636115,
    "incomeTaxExpense": 2800000,
    "netIncome": 4300000,
    "netIncomeRatio": 0.0294117647,
    "eps": 0.06,
    "epsdiluted": 0.06,
    "weightedAverageShsOut": 71666667,
    "weightedAverageShsOutDil": 71666667,
    "link": "",
    "finalLink": ""
  },
  {
    "date": "1995-03-31",
    "symbol": "CDW",
    "reportedCurrency": "USD",
    "cik": "0001402057",
    "fillingDate": "1995-03-31",
    "acceptedDate": "1995-03-30 19:00:00",
    "calendarYear": "1995",
    "period": "Q1",
    "revenue": 141400000,
    "costOfRevenue": 122500000,
    "grossProfit": 18900000,
    "grossProfitRatio": 0.1336633663,
    "researchAndDevelopmentExpenses": 0,
    "generalAndAdministrativeExpenses": 0,
    "sellingAndMarketingExpenses": 0,
    "sellingGeneralAndAdministrativeExpenses": 11700000,
    "otherExpenses": 500000,
    "operatingExpenses": 12200000,
    "costAndExpenses": 134700000,
    "interestIncome": 0,
    "interestExpense": 0,
    "depreciationAndAmortization": -500000,
    "ebitda": 7200000,
    "ebitdaratio": 0.0509193777,
    "operatingIncome": 6700000,
    "operatingIncomeRatio": 0.0473833098,
    "totalOtherIncomeExpensesNet": 200000,
    "incomeBeforeTax": 6900000,
    "incomeBeforeTaxRatio": 0.0487977369,
    "incomeTaxExpense": 2700000,
    "netIncome": 4200000,
    "netIncomeRatio": 0.0297029703,
    "eps": 0.05,
    "epsdiluted": 0.05,
    "weightedAverageShsOut": 84000000,
    "weightedAverageShsOutDil": 84000000,
    "link": "",
    "finalLink": ""
  },
  {
    "date": "1994-12-31",
    "symbol": "CDW",
    "reportedCurrency": "USD",
    "cik": "0001402057",
    "fillingDate": "1994-12-31",
    "acceptedDate": "1994-12-30 19:00:00",
    "calendarYear": "1994",
    "period": "Q4",
    "revenue": 121100000,
    "costOfRevenue": 104300000,
    "grossProfit": 16800000,
    "grossProfitRatio": 0.1387283237,
    "researchAndDevelopmentExpenses": 0,
    "generalAndAdministrativeExpenses": 0,
    "sellingAndMarketingExpenses": 0,
    "sellingGeneralAndAdministrativeExpenses": 9700000,
    "otherExpenses": 600000,
    "operatingExpenses": 10300000,
    "costAndExpenses": 114600000,
    "interestIncome": 0,
    "interestExpense": 0,
    "depreciationAndAmortization": -600000,
    "ebitda": 7100000,
    "ebitdaratio": 0.058629232,
    "operatingIncome": 6500000,
    "operatingIncomeRatio": 0.0536746491,
    "totalOtherIncomeExpensesNet": 200000,
    "incomeBeforeTax": 6700000,
    "incomeBeforeTaxRatio": 0.0553261767,
    "incomeTaxExpense": 2600000,
    "netIncome": 4100000,
    "netIncomeRatio": 0.0338563171,
    "eps": 0.0603,
    "epsdiluted": 0.0603,
    "weightedAverageShsOut": 68000000,
    "weightedAverageShsOutDil": 68000000,
    "link": "",
    "finalLink": ""
  },
  {
    "date": "1994-09-30",
    "symbol": "CDW",
    "reportedCurrency": "USD",
    "cik": "0001402057",
    "fillingDate": "1994-09-30",
    "acceptedDate": "1994-09-29 20:00:00",
    "calendarYear": "1994",
    "period": "Q3",
    "revenue": 112400000,
    "costOfRevenue": 97600000,
    "grossProfit": 14800000,
    "grossProfitRatio": 0.1316725979,
    "researchAndDevelopmentExpenses": 0,
    "generalAndAdministrativeExpenses": 0,
    "sellingAndMarketingExpenses": 0,
    "sellingGeneralAndAdministrativeExpenses": 9000000,
    "otherExpenses": 400000,
    "operatingExpenses": 9400000,
    "costAndExpenses": 107000000,
    "interestIncome": 0,
    "interestExpense": 0,
    "depreciationAndAmortization": -400000,
    "ebitda": 5800000,
    "ebitdaratio": 0.0516014235,
    "operatingIncome": 5400000,
    "operatingIncomeRatio": 0.0480427046,
    "totalOtherIncomeExpensesNet": 200000,
    "incomeBeforeTax": 5600000,
    "incomeBeforeTaxRatio": 0.0498220641,
    "incomeTaxExpense": 2200000,
    "netIncome": 3400000,
    "netIncomeRatio": 0.0302491103,
    "eps": 0.05,
    "epsdiluted": 0.05,
    "weightedAverageShsOut": 68000000,
    "weightedAverageShsOutDil": 68000000,
    "link": "",
    "finalLink": ""
  },
  {
    "date": "1994-06-30",
    "symbol": "CDW",
    "reportedCurrency": "USD",
    "cik": "0001402057",
    "fillingDate": "1994-06-30",
    "acceptedDate": "1994-06-29 20:00:00",
    "calendarYear": "1994",
    "period": "Q2",
    "revenue": 92200000,
    "costOfRevenue": 79600000,
    "grossProfit": 12600000,
    "grossProfitRatio": 0.136659436,
    "researchAndDevelopmentExpenses": 0,
    "generalAndAdministrativeExpenses": 0,
    "sellingAndMarketingExpenses": 0,
    "sellingGeneralAndAdministrativeExpenses": 8300000,
    "otherExpenses": 400000,
    "operatingExpenses": 8700000,
    "costAndExpenses": 88300000,
    "interestIncome": 0,
    "interestExpense": 0,
    "depreciationAndAmortization": -400000,
    "ebitda": 4300000,
    "ebitdaratio": 0.046637744,
    "operatingIncome": 3900000,
    "operatingIncomeRatio": 0.0422993492,
    "totalOtherIncomeExpensesNet": 0,
    "incomeBeforeTax": 3900000,
    "incomeBeforeTaxRatio": 0.0422993492,
    "incomeTaxExpense": 1500000,
    "netIncome": 2400000,
    "netIncomeRatio": 0.0260303688,
    "eps": 0.04,
    "epsdiluted": 0.04,
    "weightedAverageShsOut": 60000000,
    "weightedAverageShsOutDil": 60000000,
    "link": "",
    "finalLink": ""
  },
  {
    "date": "1994-03-31",
    "symbol": "CDW",
    "reportedCurrency": "USD",
    "cik": "0001402057",
    "fillingDate": "1994-03-31",
    "acceptedDate": "1994-03-30 19:00:00",
    "calendarYear": "1994",
    "period": "Q1",
    "revenue": 87600000,
    "costOfRevenue": 76200000,
    "grossProfit": 11400000,
    "grossProfitRatio": 0.1301369863,
    "researchAndDevelopmentExpenses": 0,
    "generalAndAdministrativeExpenses": 0,
    "sellingAndMarketingExpenses": 0,
    "sellingGeneralAndAdministrativeExpenses": 7600000,
    "otherExpenses": 300000,
    "operatingExpenses": 7900000,
    "costAndExpenses": 84100000,
    "interestIncome": 0,
    "interestExpense": 0,
    "depreciationAndAmortization": -300000,
    "ebitda": 3800000,
    "ebitdaratio": 0.0433789954,
    "operatingIncome": 3500000,
    "operatingIncomeRatio": 0.0399543379,
    "totalOtherIncomeExpensesNet": 0,
    "incomeBeforeTax": 3500000,
    "incomeBeforeTaxRatio": 0.0399543379,
    "incomeTaxExpense": 1400000,
    "netIncome": 2100000,
    "netIncomeRatio": 0.0239726027,
    "eps": 0.03,
    "epsdiluted": 0.03,
    "weightedAverageShsOut": 70000000,
    "weightedAverageShsOutDil": 70000000,
    "link": "",
    "finalLink": ""
  },
  {
    "date": "1993-12-31",
    "symbol": "CDW",
    "reportedCurrency": "USD",
    "cik": "0001402057",
    "fillingDate": "1993-12-31",
    "acceptedDate": "1993-12-30 19:00:00",
    "calendarYear": "1993",
    "period": "Q4",
    "revenue": 77400000,
    "costOfRevenue": 67000000,
    "grossProfit": 10400000,
    "grossProfitRatio": 0.1343669251,
    "researchAndDevelopmentExpenses": 0,
    "generalAndAdministrativeExpenses": 0,
    "sellingAndMarketingExpenses": 0,
    "sellingGeneralAndAdministrativeExpenses": 6100000,
    "otherExpenses": 300000,
    "operatingExpenses": 6400000,
    "costAndExpenses": 73400000,
    "interestIncome": 0,
    "interestExpense": 0,
    "depreciationAndAmortization": -300000,
    "ebitda": 4300000,
    "ebitdaratio": 0.0555555556,
    "operatingIncome": 4000000,
    "operatingIncomeRatio": 0.0516795866,
    "totalOtherIncomeExpensesNet": 0,
    "incomeBeforeTax": 4000000,
    "incomeBeforeTaxRatio": 0.0516795866,
    "incomeTaxExpense": 1600000,
    "netIncome": 2400000,
    "netIncomeRatio": 0.0310077519,
    "eps": 0.036,
    "epsdiluted": 0.036,
    "weightedAverageShsOut": 66666667,
    "weightedAverageShsOutDil": 66666667,
    "link": "",
    "finalLink": ""
  },
  {
    "date": "1993-09-30",
    "symbol": "CDW",
    "reportedCurrency": "USD",
    "cik": "0001402057",
    "fillingDate": "1993-09-30",
    "acceptedDate": "1993-09-29 20:00:00",
    "calendarYear": "1993",
    "period": "Q3",
    "revenue": 71800000,
    "costOfRevenue": 62000000,
    "grossProfit": 9800000,
    "grossProfitRatio": 0.1364902507,
    "researchAndDevelopmentExpenses": 0,
    "generalAndAdministrativeExpenses": 0,
    "sellingAndMarketingExpenses": 0,
    "sellingGeneralAndAdministrativeExpenses": 6000000,
    "otherExpenses": 500000,
    "operatingExpenses": 6500000,
    "costAndExpenses": 68500000,
    "interestIncome": 0,
    "interestExpense": 0,
    "depreciationAndAmortization": -400000,
    "ebitda": 3800000,
    "ebitdaratio": 0.0529247911,
    "operatingIncome": 3300000,
    "operatingIncomeRatio": 0.0459610028,
    "totalOtherIncomeExpensesNet": 0,
    "incomeBeforeTax": 3300000,
    "incomeBeforeTaxRatio": 0.0459610028,
    "incomeTaxExpense": 1300000,
    "netIncome": 2000000,
    "netIncomeRatio": 0.0278551532,
    "eps": 0.03,
    "epsdiluted": 0.03,
    "weightedAverageShsOut": 66666667,
    "weightedAverageShsOutDil": 66666667,
    "link": "",
    "finalLink": ""
  }
]