[
  {
    "date": "2025-06-30",
    "symbol": "CEG",
    "reportedCurrency": "USD",
    "cik": "0001868275",
    "fillingDate": "2025-08-07",
    "acceptedDate": "2025-08-07 12:04:27",
    "calendarYear": "2025",
    "period": "Q2",
    "revenue": 6101000000,
    "costOfRevenue": 5003000000,
    "grossProfit": 1098000000,
    "grossProfitRatio": 0.1799704966,
    "researchAndDevelopmentExpenses": 0,
    "generalAndAdministrativeExpenses": 0,
    "sellingAndMarketingExpenses": 0,
    "sellingGeneralAndAdministrativeExpenses": 0,
    "otherExpenses": 147000000,
    "operatingExpenses": 147000000,
    "costAndExpenses": 5150000000,
    "interestIncome": 0,
    "interestExpense": 118000000,
    "depreciationAndAmortization": 254000000,
    "ebitda": 1645000000,
    "ebitdaratio": 0.2696279298,
    "operatingIncome": 951000000,
    "operatingIncomeRatio": 0.1558760859,
    "totalOtherIncomeExpensesNet": 322000000,
    "incomeBeforeTax": 1273000000,
    "incomeBeforeTaxRatio": 0.208654319,
    "incomeTaxExpense": 440000000,
    "netIncome": 839000000,
    "netIncomeRatio": 0.1375184396,
    "eps": 2.67,
    "epsdiluted": 2.67,
    "weightedAverageShsOut": 314000000,
    "weightedAverageShsOutDil": 314000000,
    "link": "https://www.sec.gov/Archives/edgar/data/1868275/000186827525000073/0001868275-25-000073-index.htm",
    "finalLink": "https://www.sec.gov/Archives/edgar/data/1168165/000186827525000073/ceg-20250630.htm"
  },
  {
    "date": "2025-03-31",
    "symbol": "CEG",
    "reportedCurrency": "USD",
    "cik": "0001868275",
    "fillingDate": "2025-05-06",
    "acceptedDate": "2025-05-06 10:53:28",
    "calendarYear": "2025",
    "period": "Q1",
    "revenue": 6788000000,
    "costOfRevenue": 5929000000,
    "grossProfit": 859000000,
    "grossProfitRatio": 0.1265468474,
    "researchAndDevelopmentExpenses": 0,
    "generalAndAdministrativeExpenses": 0,
    "sellingAndMarketingExpenses": 0,
    "sellingGeneralAndAdministrativeExpenses": 13000000,
    "otherExpenses": 395000000,
    "operatingExpenses": 408000000,
    "costAndExpenses": 6337000000,
    "interestIncome": 0,
    "interestExpense": 146000000,
    "depreciationAndAmortization": 640000000,
    "ebitda": 1078000000,
    "ebitdaratio": 0.1588096641,
    "operatingIncome": 451000000,
    "operatingIncomeRatio": 0.0664407778,
    "totalOtherIncomeExpensesNet": -300000000,
    "incomeBeforeTax": 151000000,
    "incomeBeforeTaxRatio": 0.0222451385,
    "incomeTaxExpense": 22000000,
    "netIncome": 118000000,
    "netIncomeRatio": 0.0173836181,
    "eps": 0.38,
    "epsdiluted": 0.38,
    "weightedAverageShsOut": 313000000,
    "weightedAverageShsOutDil": 314000000,
    "link": "https://www.sec.gov/Archives/edgar/data/1868275/000186827525000044/0001868275-25-000044-index.htm",
    "finalLink": "https://www.sec.gov/Archives/edgar/data/1168165/000186827525000044/ceg-20250331.htm"
  },
  {
    "date": "2024-12-31",
    "symbol": "CEG",
    "reportedCurrency": "USD",
    "cik": "0001868275",
    "fillingDate": "2025-02-18",
    "acceptedDate": "2025-02-18 10:21:43",
    "calendarYear": "2024",
    "period": "Q4",
    "revenue": 5382000000,
    "costOfRevenue": 4096000000,
    "grossProfit": 1286000000,
    "grossProfitRatio": 0.2389446302,
    "researchAndDevelopmentExpenses": 0,
    "generalAndAdministrativeExpenses": 0,
    "sellingAndMarketingExpenses": 0,
    "sellingGeneralAndAdministrativeExpenses": 4000000,
    "otherExpenses": 310000000,
    "operatingExpenses": 314000000,
    "costAndExpenses": 4410000000,
    "interestIncome": 0,
    "interestExpense": 90000000,
    "depreciationAndAmortization": 651000000,
    "ebitda": 1538000000,
    "ebitdaratio": 0.2857673727,
    "operatingIncome": 972000000,
    "operatingIncomeRatio": 0.1806020067,
    "totalOtherIncomeExpensesNet": -116000000,
    "incomeBeforeTax": 856000000,
    "incomeBeforeTaxRatio": 0.1590486808,
    "incomeTaxExpense": 6000000,
    "netIncome": 852000000,
    "netIncomeRatio": 0.1583054627,
    "eps": 2.71,
    "epsdiluted": 2.71,
    "weightedAverageShsOut": 314000000,
    "weightedAverageShsOutDil": 314000000,
    "link": "https://www.sec.gov/Archives/edgar/data/1868275/000186827525000023/0001868275-25-000023-index.htm",
    "finalLink": "https://www.sec.gov/Archives/edgar/data/1868275/000186827525000023/ceg-20241231.htm"
  },
  {
    "date": "2024-09-30",
    "symbol": "CEG",
    "reportedCurrency": "USD",
    "cik": "0001868275",
    "fillingDate": "2024-11-04",
    "acceptedDate": "2024-11-04 11:41:03",
    "calendarYear": "2024",
    "period": "Q3",
    "revenue": 6550000000,
    "costOfRevenue": 4654000000,
    "grossProfit": 1896000000,
    "grossProfitRatio": 0.2894656489,
    "researchAndDevelopmentExpenses": 0,
    "generalAndAdministrativeExpenses": 0,
    "sellingAndMarketingExpenses": 0,
    "sellingGeneralAndAdministrativeExpenses": 2000000,
    "otherExpenses": 427000000,
    "operatingExpenses": 429000000,
    "costAndExpenses": 5083000000,
    "interestIncome": 0,
    "interestExpense": 147000000,
    "depreciationAndAmortization": 661000000,
    "ebitda": 2128000000,
    "ebitdaratio": 0.3248854962,
    "operatingIncome": 1467000000,
    "operatingIncomeRatio": 0.2239694656,
    "totalOtherIncomeExpensesNet": 178000000,
    "incomeBeforeTax": 1645000000,
    "incomeBeforeTaxRatio": 0.2511450382,
    "incomeTaxExpense": 449000000,
    "netIncome": 1200000000,
    "netIncomeRatio": 0.1832061069,
    "eps": 3.83,
    "epsdiluted": 3.82,
    "weightedAverageShsOut": 313000000,
    "weightedAverageShsOutDil": 314000000,
    "link": "https://www.sec.gov/Archives/edgar/data/1868275/000186827524000069/0001868275-24-000069-index.htm",
    "finalLink": "https://www.sec.gov/Archives/edgar/data/1168165/000186827524000069/ceg-20240930.htm"
  },
  {
    "date": "2024-06-30",
    "symbol": "CEG",
    "reportedCurrency": "USD",
    "cik": "0001868275",
    "fillingDate": "2024-08-06",
    "acceptedDate": "2024-08-06 11:32:31",
    "calendarYear": "2024",
    "period": "Q2",
    "revenue": 5475000000,
    "costOfRevenue": 3932000000,
    "grossProfit": 1543000000,
    "grossProfitRatio": 0.281826484,
    "researchAndDevelopmentExpenses": 0,
    "generalAndAdministrativeExpenses": 0,
    "sellingAndMarketingExpenses": 0,
    "sellingGeneralAndAdministrativeExpenses": 4000000,
    "otherExpenses": 439000000,
    "operatingExpenses": 443000000,
    "costAndExpenses": 4375000000,
    "interestIncome": 0,
    "interestExpense": 142000000,
    "depreciationAndAmortization": 694000000,
    "ebitda": 1795000000,
    "ebitdaratio": 0.3278538813,
    "operatingIncome": 1100000000,
    "operatingIncomeRatio": 0.200913242,
    "totalOtherIncomeExpensesNet": -137000000,
    "incomeBeforeTax": 963000000,
    "incomeBeforeTaxRatio": 0.175890411,
    "incomeTaxExpense": 154000000,
    "netIncome": 814000000,
    "netIncomeRatio": 0.1486757991,
    "eps": 2.58,
    "epsdiluted": 2.58,
    "weightedAverageShsOut": 315000000,
    "weightedAverageShsOutDil": 316000000,
    "link": "https://www.sec.gov/Archives/edgar/data/1868275/000186827524000054/0001868275-24-000054-index.htm",
    "finalLink": "https://www.sec.gov/Archives/edgar/data/1168165/000186827524000054/ceg-20240630.htm"
  },
  {
    "date": "2024-03-31",
    "symbol": "CEG",
    "reportedCurrency": "USD",
    "cik": "0001868275",
    "fillingDate": "2024-05-09",
    "acceptedDate": "2024-05-09 11:00:35",
    "calendarYear": "2024",
    "period": "Q1",
    "revenue": 6161000000,
    "costOfRevenue": 4903000000,
    "grossProfit": 1258000000,
    "grossProfitRatio": 0.2041876319,
    "researchAndDevelopmentExpenses": 0,
    "generalAndAdministrativeExpenses": 0,
    "sellingAndMarketingExpenses": 0,
    "sellingGeneralAndAdministrativeExpenses": 2000000,
    "otherExpenses": 443000000,
    "operatingExpenses": 445000000,
    "costAndExpenses": 5348000000,
    "interestIncome": 0,
    "interestExpense": 127000000,
    "depreciationAndAmortization": 694000000,
    "ebitda": 1505000000,
    "ebitdaratio": 0.2442785262,
    "operatingIncome": 813000000,
    "operatingIncomeRatio": 0.1319590975,
    "totalOtherIncomeExpensesNet": 235000000,
    "incomeBeforeTax": 1048000000,
    "incomeBeforeTaxRatio": 0.1701022561,
    "incomeTaxExpense": 165000000,
    "netIncome": 883000000,
    "netIncomeRatio": 0.1433208895,
    "eps": 2.79,
    "epsdiluted": 2.78,
    "weightedAverageShsOut": 317000000,
    "weightedAverageShsOutDil": 318000000,
    "link": "https://www.sec.gov/Archives/edgar/data/1868275/000186827524000026/0001868275-24-000026-index.htm",
    "finalLink": "https://www.sec.gov/Archives/edgar/data/1168165/000186827524000026/ceg-20240331.htm"
  },
  {
    "date": "2023-12-31",
    "symbol": "CEG",
    "reportedCurrency": "USD",
    "cik": "0001868275",
    "fillingDate": "2024-02-27",
    "acceptedDate": "2024-02-27 11:57:04",
    "calendarYear": "2023",
    "period": "Q4",
    "revenue": 5796000000,
    "costOfRevenue": 5529000000,
    "grossProfit": 267000000,
    "grossProfitRatio": 0.0460662526,
    "researchAndDevelopmentExpenses": 0,
    "generalAndAdministrativeExpenses": 0,
    "sellingAndMarketingExpenses": 0,
    "sellingGeneralAndAdministrativeExpenses": 13000000,
    "otherExpenses": 321000000,
    "operatingExpenses": 334000000,
    "costAndExpenses": 5863000000,
    "interestIncome": 0,
    "interestExpense": 139000000,
    "depreciationAndAmortization": 674000000,
    "ebitda": 532000000,
    "ebitdaratio": 0.0917874396,
    "operatingIncome": -67000000,
    "operatingIncomeRatio": -0.0115596963,
    "totalOtherIncomeExpensesNet": 210000000,
    "incomeBeforeTax": 143000000,
    "incomeBeforeTaxRatio": 0.0246721877,
    "incomeTaxExpense": 182000000,
    "netIncome": -36000000,
    "netIncomeRatio": -0.0062111801,
    "eps": -0.11,
    "epsdiluted": -0.11,
    "weightedAverageShsOut": 320000000,
    "weightedAverageShsOutDil": 320000000,
    "link": "https://www.sec.gov/Archives/edgar/data/1868275/000186827524000014/0001868275-24-000014-index.htm",
    "finalLink": "https://www.sec.gov/Archives/edgar/data/1168165/000186827524000014/ceg-20231231.htm"
  },
  {
    "date": "2023-09-30",
    "symbol": "CEG",
    "reportedCurrency": "USD",
    "cik": "0001868275",
    "fillingDate": "2023-11-06",
    "acceptedDate": "2023-11-06 11:44:43",
    "calendarYear": "2023",
    "period": "Q3",
    "revenue": 6111000000,
    "costOfRevenue": 4626000000,
    "grossProfit": 1485000000,
    "grossProfitRatio": 0.2430044183,
    "researchAndDevelopmentExpenses": 0,
    "generalAndAdministrativeExpenses": 0,
    "sellingAndMarketingExpenses": 0,
    "sellingGeneralAndAdministrativeExpenses": 14000000,
    "otherExpenses": 494000000,
    "operatingExpenses": 508000000,
    "costAndExpenses": 5134000000,
    "interestIncome": 0,
    "interestExpense": 82000000,
    "depreciationAndAmortization": 621000000,
    "ebitda": 1706000000,
    "ebitdaratio": 0.2791687122,
    "operatingIncome": 977000000,
    "operatingIncomeRatio": 0.1598756341,
    "totalOtherIncomeExpensesNet": -82000000,
    "incomeBeforeTax": 895000000,
    "incomeBeforeTaxRatio": 0.1464572083,
    "incomeTaxExpense": 205000000,
    "netIncome": 731000000,
    "netIncomeRatio": 0.1196203567,
    "eps": 2.27,
    "epsdiluted": 2.26,
    "weightedAverageShsOut": 322000000,
    "weightedAverageShsOutDil": 323000000,
    "link": "https://www.sec.gov/Archives/edgar/data/1868275/000186827523000080/0001868275-23-000080-index.htm",
    "finalLink": "https://www.sec.gov/Archives/edgar/data/1168165/000186827523000080/ceg-20230930.htm"
  },
  {
    "date": "2023-06-30",
    "symbol": "CEG",
    "reportedCurrency": "USD",
    "cik": "0001868275",
    "fillingDate": "2023-08-03",
    "acceptedDate": "2023-08-03 11:28:30",
    "calendarYear": "2023",
    "period": "Q2",
    "revenue": 5446000000,
    "costOfRevenue": 4328000000,
    "grossProfit": 1118000000,
    "grossProfitRatio": 0.205288285,
    "researchAndDevelopmentExpenses": 0,
    "generalAndAdministrativeExpenses": 0,
    "sellingAndMarketingExpenses": 0,
    "sellingGeneralAndAdministrativeExpenses": 14000000,
    "otherExpenses": 435000000,
    "operatingExpenses": 449000000,
    "costAndExpenses": 4777000000,
    "interestIncome": 0,
    "interestExpense": 103000000,
    "depreciationAndAmortization": 614000000,
    "ebitda": 1333000000,
    "ebitdaratio": 0.2447668013,
    "operatingIncome": 669000000,
    "operatingIncomeRatio": 0.1228424532,
    "totalOtherIncomeExpensesNet": 497000000,
    "incomeBeforeTax": 1166000000,
    "incomeBeforeTaxRatio": 0.2141020933,
    "incomeTaxExpense": 342000000,
    "netIncome": 833000000,
    "netIncomeRatio": 0.1529562982,
    "eps": 2.57,
    "epsdiluted": 2.56,
    "weightedAverageShsOut": 324000000,
    "weightedAverageShsOutDil": 325000000,
    "link": "https://www.sec.gov/Archives/edgar/data/1868275/000186827523000064/0001868275-23-000064-index.htm",
    "finalLink": "https://www.sec.gov/Archives/edgar/data/1168165/000186827523000064/ceg-20230630.htm"
  },
  {
    "date": "2023-03-31",
    "symbol": "CEG",
    "reportedCurrency": "USD",
    "cik": "0001868275",
    "fillingDate": "2023-05-04",
    "acceptedDate": "2023-05-04 10:40:17",
    "calendarYear": "2023",
    "period": "Q1",
    "revenue": 7565000000,
    "costOfRevenue": 7138000000,
    "grossProfit": 427000000,
    "grossProfitRatio": 0.0564441507,
    "researchAndDevelopmentExpenses": 0,
    "generalAndAdministrativeExpenses": 0,
    "sellingAndMarketingExpenses": 0,
    "sellingGeneralAndAdministrativeExpenses": 14000000,
    "otherExpenses": 382000000,
    "operatingExpenses": 396000000,
    "costAndExpenses": 7534000000,
    "interestIncome": 0,
    "interestExpense": 107000000,
    "depreciationAndAmortization": 605000000,
    "ebitda": 647000000,
    "ebitdaratio": 0.0855254461,
    "operatingIncome": 31000000,
    "operatingIncomeRatio": 0.0040978189,
    "totalOtherIncomeExpensesNet": 202000000,
    "incomeBeforeTax": 233000000,
    "incomeBeforeTaxRatio": 0.0307997356,
    "incomeTaxExpense": 131000000,
    "netIncome": 96000000,
    "netIncomeRatio": 0.0126900198,
    "eps": 0.29,
    "epsdiluted": 0.29,
    "weightedAverageShsOut": 328000000,
    "weightedAverageShsOutDil": 328000000,
    "link": "https://www.sec.gov/Archives/edgar/data/1868275/000186827523000032/0001868275-23-000032-index.htm",
    "finalLink": "https://www.sec.gov/Archives/edgar/data/1168165/000186827523000032/ceg-20230331.htm"
  },
  {
    "date": "2022-12-31",
    "symbol": "CEG",
    "reportedCurrency": "USD",
    "cik": "0001868275",
    "fillingDate": "2023-02-16",
    "acceptedDate": "2023-02-16 11:04:17",
    "calendarYear": "2022",
    "period": "Q4",
    "revenue": 7333000000,
    "costOfRevenue": 7042000000,
    "grossProfit": 291000000,
    "grossProfitRatio": 0.039683622,
    "researchAndDevelopmentExpenses": 0,
    "generalAndAdministrativeExpenses": 0,
    "sellingAndMarketingExpenses": 0,
    "sellingGeneralAndAdministrativeExpenses": 31000000,
    "otherExpenses": 432000000,
    "operatingExpenses": 463000000,
    "costAndExpenses": 7505000000,
    "interestIncome": 0,
    "interestExpense": 64000000,
    "depreciationAndAmortization": 617000000,
    "ebitda": 529000000,
    "ebitdaratio": 0.0721396427,
    "operatingIncome": -172000000,
    "operatingIncomeRatio": -0.0234556116,
    "totalOtherIncomeExpensesNet": 316000000,
    "incomeBeforeTax": 144000000,
    "incomeBeforeTaxRatio": 0.0196372562,
    "incomeTaxExpense": 116000000,
    "netIncome": 34000000,
    "netIncomeRatio": 0.0046365744,
    "eps": 0.1,
    "epsdiluted": 0.1,
    "weightedAverageShsOut": 328000000,
    "weightedAverageShsOutDil": 329000000,
    "link": "https://www.sec.gov/Archives/edgar/data/1868275/000186827523000014/0001868275-23-000014-index.htm",
    "finalLink": "https://www.sec.gov/Archives/edgar/data/1168165/000186827523000014/ceg-20221231.htm"
  },
  {
    "date": "2022-09-30",
    "symbol": "CEG",
    "reportedCurrency": "USD",
    "cik": "0001868275",
    "fillingDate": "2022-11-08",
    "acceptedDate": "2022-11-08 12:42:04",
    "calendarYear": "2022",
    "period": "Q3",
    "revenue": 6051000000,
    "costOfRevenue": 5704000000,
    "grossProfit": 347000000,
    "grossProfitRatio": 0.0573458932,
    "researchAndDevelopmentExpenses": 0,
    "generalAndAdministrativeExpenses": 0,
    "sellingAndMarketingExpenses": 0,
    "sellingGeneralAndAdministrativeExpenses": 27000000,
    "otherExpenses": 361000000,
    "operatingExpenses": 388000000,
    "costAndExpenses": 6092000000,
    "interestIncome": 0,
    "interestExpense": 75000000,
    "depreciationAndAmortization": 603000000,
    "ebitda": 570000000,
    "ebitdaratio": 0.0941993059,
    "operatingIncome": -41000000,
    "operatingIncomeRatio": -0.0067757395,
    "totalOtherIncomeExpensesNet": -275000000,
    "incomeBeforeTax": -316000000,
    "incomeBeforeTaxRatio": -0.0522227731,
    "incomeTaxExpense": -123000000,
    "netIncome": -188000000,
    "netIncomeRatio": -0.0310692448,
    "eps": -0.58,
    "epsdiluted": -0.58,
    "weightedAverageShsOut": 327000000,
    "weightedAverageShsOutDil": 328000000,
    "link": "https://www.sec.gov/Archives/edgar/data/1868275/000186827522000094/0001868275-22-000094-index.htm",
    "finalLink": "https://www.sec.gov/Archives/edgar/data/1168165/000186827522000094/ceg-20220930.htm"
  },
  {
    "date": "2022-06-30",
    "symbol": "CEG",
    "reportedCurrency": "USD",
    "cik": "0001868275",
    "fillingDate": "2022-08-04",
    "acceptedDate": "2022-08-04 13:17:02",
    "calendarYear": "2022",
    "period": "Q2",
    "revenue": 5465000000,
    "costOfRevenue": 4750000000,
    "grossProfit": 715000000,
    "grossProfitRatio": 0.1308325709,
    "researchAndDevelopmentExpenses": 0,
    "generalAndAdministrativeExpenses": 0,
    "sellingAndMarketingExpenses": 0,
    "sellingGeneralAndAdministrativeExpenses": 33000000,
    "otherExpenses": 410000000,
    "operatingExpenses": 443000000,
    "costAndExpenses": 5193000000,
    "interestIncome": 29000000,
    "interestExpense": 56000000,
    "depreciationAndAmortization": 605000000,
    "ebitda": 943000000,
    "ebitdaratio": 0.1725526075,
    "operatingIncome": 272000000,
    "operatingIncomeRatio": 0.0497712717,
    "totalOtherIncomeExpensesNet": -565000000,
    "incomeBeforeTax": -293000000,
    "incomeBeforeTaxRatio": -0.0536139067,
    "incomeTaxExpense": -180000000,
    "netIncome": -111000000,
    "netIncomeRatio": -0.0203110704,
    "eps": -0.34,
    "epsdiluted": -0.34,
    "weightedAverageShsOut": 327000000,
    "weightedAverageShsOutDil": 328000000,
    "link": "https://www.sec.gov/Archives/edgar/data/1868275/000186827522000067/0001868275-22-000067-index.htm",
    "finalLink": "https://www.sec.gov/Archives/edgar/data/1168165/000186827522000067/ceg-20220630.htm"
  },
  {
    "date": "2022-03-31",
    "symbol": "CEG",
    "reportedCurrency": "USD",
    "cik": "0001868275",
    "fillingDate": "2022-05-12",
    "acceptedDate": "2022-05-12 13:51:36",
    "calendarYear": "2022",
    "period": "Q1",
    "revenue": 5591000000,
    "costOfRevenue": 4755000000,
    "grossProfit": 836000000,
    "grossProfitRatio": 0.149526024,
    "researchAndDevelopmentExpenses": 0,
    "generalAndAdministrativeExpenses": 0,
    "sellingAndMarketingExpenses": 0,
    "sellingGeneralAndAdministrativeExpenses": 18000000,
    "otherExpenses": 383000000,
    "operatingExpenses": 401000000,
    "costAndExpenses": 5156000000,
    "interestIncome": 19000000,
    "interestExpense": 56000000,
    "depreciationAndAmortization": 602000000,
    "ebitda": 1039000000,
    "ebitdaratio": 0.1858343767,
    "operatingIncome": 435000000,
    "operatingIncomeRatio": 0.0778036129,
    "totalOtherIncomeExpensesNet": -305000000,
    "incomeBeforeTax": 130000000,
    "incomeBeforeTaxRatio": 0.0232516544,
    "incomeTaxExpense": 19000000,
    "netIncome": 106000000,
    "netIncomeRatio": 0.0189590413,
    "eps": 0.32,
    "epsdiluted": 0.32,
    "weightedAverageShsOut": 327000000,
    "weightedAverageShsOutDil": 328000000,
    "link": "https://www.sec.gov/Archives/edgar/data/1868275/000186827522000044/0001868275-22-000044-index.htm",
    "finalLink": "https://www.sec.gov/Archives/edgar/data/1168165/000186827522000044/ceg-20220331.htm"
  },
  {
    "date": "2021-12-31",
    "symbol": "CEG",
    "reportedCurrency": "USD",
    "cik": "0001868275",
    "fillingDate": "2022-02-25",
    "acceptedDate": "2022-02-25 14:23:03",
    "calendarYear": "2021",
    "period": "Q4",
    "revenue": 5532000000,
    "costOfRevenue": 5803000000,
    "grossProfit": -271000000,
    "grossProfitRatio": -0.0489877079,
    "researchAndDevelopmentExpenses": 0,
    "generalAndAdministrativeExpenses": 0,
    "sellingAndMarketingExpenses": 0,
    "sellingGeneralAndAdministrativeExpenses": 0,
    "otherExpenses": -269000000,
    "operatingExpenses": -269000000,
    "costAndExpenses": 5534000000,
    "interestIncome": 25000000,
    "interestExpense": 72000000,
    "depreciationAndAmortization": 589000000,
    "ebitda": -71000000,
    "ebitdaratio": -0.0128344179,
    "operatingIncome": -2000000,
    "operatingIncomeRatio": -0.0003615329,
    "totalOtherIncomeExpensesNet": 82000000,
    "incomeBeforeTax": 80000000,
    "incomeBeforeTaxRatio": 0.014461316,
    "incomeTaxExpense": 41000000,
    "netIncome": 42000000,
    "netIncomeRatio": 0.0075921909,
    "eps": 0.13,
    "epsdiluted": 0.13,
    "weightedAverageShsOut": 326000000,
    "weightedAverageShsOutDil": 326664009,
    "link": "https://www.sec.gov/Archives/edgar/data/1868275/000186827522000020/0001868275-22-000020-index.htm",
    "finalLink": "https://www.sec.gov/Archives/edgar/data/1168165/000186827522000020/ceg-20211231.htm"
  },
  {
    "date": "2021-09-30",
    "symbol": "CEG",
    "reportedCurrency": "USD",
    "cik": "0001868275",
    "fillingDate": "2021-09-30",
    "acceptedDate": "2021-09-29 20:00:00",
    "calendarYear": "2021",
    "period": "Q3",
    "revenue": 4406000000,
    "costOfRevenue": 2509000000,
    "grossProfit": 1897000000,
    "grossProfitRatio": 0.430549251,
    "researchAndDevelopmentExpenses": 0,
    "generalAndAdministrativeExpenses": 0,
    "sellingAndMarketingExpenses": 0,
    "sellingGeneralAndAdministrativeExpenses": 0,
    "otherExpenses": 891000000,
    "operatingExpenses": 891000000,
    "costAndExpenses": 3400000000,
    "interestIncome": 26000000,
    "interestExpense": 77000000,
    "depreciationAndAmortization": 648000000,
    "ebitda": 2180000000,
    "ebitdaratio": 0.4947798457,
    "operatingIncome": 1006000000,
    "operatingIncomeRatio": 0.2283250113,
    "totalOtherIncomeExpensesNet": -207000000,
    "incomeBeforeTax": 799000000,
    "incomeBeforeTaxRatio": 0.1813436223,
    "incomeTaxExpense": 166000000,
    "netIncome": 607000000,
    "netIncomeRatio": 0.1377666818,
    "eps": 1.86,
    "epsdiluted": 1.86,
    "weightedAverageShsOut": 326300000,
    "weightedAverageShsOutDil": 326300000,
    "link": "",
    "finalLink": ""
  },
  {
    "date": "2021-06-30",
    "symbol": "CEG",
    "reportedCurrency": "USD",
    "cik": "0001868275",
    "fillingDate": "2021-06-30",
    "acceptedDate": "2021-06-30 00:00:00",
    "calendarYear": "2021",
    "period": "Q2",
    "revenue": 4153000000,
    "costOfRevenue": 3408000000,
    "grossProfit": 745000000,
    "grossProfitRatio": 0.1793883939,
    "researchAndDevelopmentExpenses": 0,
    "generalAndAdministrativeExpenses": 0,
    "sellingAndMarketingExpenses": 0,
    "sellingGeneralAndAdministrativeExpenses": 0,
    "otherExpenses": 1053000000,
    "operatingExpenses": 1053000000,
    "costAndExpenses": 4461000000,
    "interestIncome": 28000000,
    "interestExpense": 76000000,
    "depreciationAndAmortization": 678000000,
    "ebitda": 1038000000,
    "ebitdaratio": 0.2499398026,
    "operatingIncome": -308000000,
    "operatingIncomeRatio": -0.0741632555,
    "totalOtherIncomeExpensesNet": 334000000,
    "incomeBeforeTax": 26000000,
    "incomeBeforeTaxRatio": 0.0062605346,
    "incomeTaxExpense": 13000000,
    "netIncome": -61000000,
    "netIncomeRatio": -0.0146881772,
    "eps": -0.19,
    "epsdiluted": -0.19,
    "weightedAverageShsOut": 326300000,
    "weightedAverageShsOutDil": 326300000,
    "link": "",
    "finalLink": ""
  },
  {
    "date": "2021-03-31",
    "symbol": "CEG",
    "reportedCurrency": "USD",
    "cik": "0001868275",
    "fillingDate": "2021-03-31",
    "acceptedDate": "2021-03-31 00:00:00",
    "calendarYear": "2021",
    "period": "Q1",
    "revenue": 5559000000,
    "costOfRevenue": 5611000000,
    "grossProfit": -52000000,
    "grossProfitRatio": -0.0093542004,
    "researchAndDevelopmentExpenses": 0,
    "generalAndAdministrativeExpenses": 0,
    "sellingAndMarketingExpenses": 0,
    "sellingGeneralAndAdministrativeExpenses": 0,
    "otherExpenses": 990000000,
    "operatingExpenses": 990000000,
    "costAndExpenses": 6601000000,
    "interestIncome": 18000000,
    "interestExpense": 72000000,
    "depreciationAndAmortization": 672000000,
    "ebitda": 233000000,
    "ebitdaratio": 0.0419140133,
    "operatingIncome": -1042000000,
    "operatingIncomeRatio": -0.1874437849,
    "totalOtherIncomeExpensesNet": 52000000,
    "incomeBeforeTax": -990000000,
    "incomeBeforeTaxRatio": -0.1780895845,
    "incomeTaxExpense": -221000000,
    "netIncome": -793000000,
    "netIncomeRatio": -0.142651556,
    "eps": -2.43,
    "epsdiluted": -2.43,
    "weightedAverageShsOut": 326300000,
    "weightedAverageShsOutDil": 326300000,
    "link": "",
    "finalLink": ""
  },
  {
    "date": "2020-12-31",
    "symbol": "CEG",
    "reportedCurrency": "USD",
    "cik": "0001868275",
    "fillingDate": "2020-12-31",
    "acceptedDate": "2020-12-30 19:00:00",
    "calendarYear": "2020",
    "period": "Q4",
    "revenue": 4331000000,
    "costOfRevenue": 3985000000,
    "grossProfit": 346000000,
    "grossProfitRatio": 0.0798891711,
    "researchAndDevelopmentExpenses": 0,
    "generalAndAdministrativeExpenses": 0,
    "sellingAndMarketingExpenses": 0,
    "sellingGeneralAndAdministrativeExpenses": 0,
    "otherExpenses": 700000000,
    "operatingExpenses": 700000000,
    "costAndExpenses": 4685000000,
    "interestIncome": 21000000,
    "interestExpense": 80000000,
    "depreciationAndAmortization": 683000000,
    "ebitda": 636000000,
    "ebitdaratio": 0.1468483029,
    "operatingIncome": -354000000,
    "operatingIncomeRatio": -0.0817363196,
    "totalOtherIncomeExpensesNet": 522000000,
    "incomeBeforeTax": 168000000,
    "incomeBeforeTaxRatio": 0.0387901178,
    "incomeTaxExpense": 74000000,
    "netIncome": 19000000,
    "netIncomeRatio": 0.0043869776,
    "eps": 0.0582,
    "epsdiluted": 0.0582,
    "weightedAverageShsOut": 326300000,
    "weightedAverageShsOutDil": 326664009,
    "link": "",
    "finalLink": ""
  },
  {
    "date": "2020-09-30",
    "symbol": "CEG",
    "reportedCurrency": "USD",
    "cik": "0001868275",
    "fillingDate": "2020-09-30",
    "acceptedDate": "2020-09-29 20:00:00",
    "calendarYear": "2020",
    "period": "Q3",
    "revenue": 4659000000,
    "costOfRevenue": 3264000000,
    "grossProfit": 1395000000,
    "grossProfitRatio": 0.2994204765,
    "researchAndDevelopmentExpenses": 0,
    "generalAndAdministrativeExpenses": 0,
    "sellingAndMarketingExpenses": 0,
    "sellingGeneralAndAdministrativeExpenses": 0,
    "otherExpenses": 1463000000,
    "operatingExpenses": 1463000000,
    "costAndExpenses": 4727000000,
    "interestIncome": 0,
    "interestExpense": 57000000,
    "depreciationAndAmortization": 678000000,
    "ebitda": 1666000000,
    "ebitdaratio": 0.3575874651,
    "operatingIncome": -68000000,
    "operatingIncomeRatio": -0.0145954067,
    "totalOtherIncomeExpensesNet": 196000000,
    "incomeBeforeTax": 128000000,
    "incomeBeforeTaxRatio": 0.0274737068,
    "incomeTaxExpense": 11000000,
    "netIncome": 49000000,
    "netIncomeRatio": 0.0105172784,
    "eps": 0.15,
    "epsdiluted": 0.15,
    "weightedAverageShsOut": 326300000,
    "weightedAverageShsOutDil": 326300000,
    "link": null,
    "finalLink": null
  },
  {
    "date": "2020-06-30",
    "symbol": "CEG",
    "reportedCurrency": "USD",
    "cik": "0001868275",
    "fillingDate": "2020-06-30",
    "acceptedDate": "2020-06-29 20:00:00",
    "calendarYear": "2020",
    "period": "Q2",
    "revenue": 3880000000,
    "costOfRevenue": 3131000000,
    "grossProfit": 749000000,
    "grossProfitRatio": 0.1930412371,
    "researchAndDevelopmentExpenses": 0,
    "generalAndAdministrativeExpenses": 0,
    "sellingAndMarketingExpenses": 0,
    "sellingGeneralAndAdministrativeExpenses": 0,
    "otherExpenses": 404000000,
    "operatingExpenses": 404000000,
    "costAndExpenses": 3535000000,
    "interestIncome": 0,
    "interestExpense": 68000000,
    "depreciationAndAmortization": 659000000,
    "ebitda": 992000000,
    "ebitdaratio": 0.2556701031,
    "operatingIncome": 345000000,
    "operatingIncomeRatio": 0.0889175258,
    "totalOtherIncomeExpensesNet": 379000000,
    "incomeBeforeTax": 724000000,
    "incomeBeforeTaxRatio": 0.1865979381,
    "incomeTaxExpense": 195000000,
    "netIncome": 476000000,
    "netIncomeRatio": 0.1226804124,
    "eps": 1.46,
    "epsdiluted": 1.46,
    "weightedAverageShsOut": 326300000,
    "weightedAverageShsOutDil": 326300000,
    "link": null,
    "finalLink": null
  },
  {
    "date": "2020-03-31",
    "symbol": "CEG",
    "reportedCurrency": "USD",
    "cik": "0001868275",
    "fillingDate": "2020-03-31",
    "acceptedDate": "2020-03-30 20:00:00",
    "calendarYear": "2020",
    "period": "Q1",
    "revenue": 4733000000,
    "costOfRevenue": 3959000000,
    "grossProfit": 774000000,
    "grossProfitRatio": 0.1635326431,
    "researchAndDevelopmentExpenses": 0,
    "generalAndAdministrativeExpenses": 0,
    "sellingAndMarketingExpenses": 0,
    "sellingGeneralAndAdministrativeExpenses": 0,
    "otherExpenses": 441000000,
    "operatingExpenses": 441000000,
    "costAndExpenses": 4400000000,
    "interestIncome": 0,
    "interestExpense": 82000000,
    "depreciationAndAmortization": 661000000,
    "ebitda": 1002000000,
    "ebitdaratio": 0.2117050497,
    "operatingIncome": 333000000,
    "operatingIncomeRatio": 0.0703570674,
    "totalOtherIncomeExpensesNet": -707000000,
    "incomeBeforeTax": -374000000,
    "incomeBeforeTaxRatio": -0.0790196493,
    "incomeTaxExpense": -213000000,
    "netIncome": 45000000,
    "netIncomeRatio": 0.0095077118,
    "eps": 0.14,
    "epsdiluted": 0.14,
    "weightedAverageShsOut": 326300000,
    "weightedAverageShsOutDil": 326300000,
    "link": null,
    "finalLink": null
  },
  {
    "date": "2019-12-31",
    "symbol": "CEG",
    "reportedCurrency": "USD",
    "cik": "0001868275",
    "fillingDate": "2019-12-31",
    "acceptedDate": "2019-12-30 19:00:00",
    "calendarYear": "2019",
    "period": "Q4",
    "revenue": 4644000000,
    "costOfRevenue": 4039000000,
    "grossProfit": 605000000,
    "grossProfitRatio": 0.1302756245,
    "researchAndDevelopmentExpenses": 0,
    "generalAndAdministrativeExpenses": 0,
    "sellingAndMarketingExpenses": 0,
    "sellingGeneralAndAdministrativeExpenses": 0,
    "otherExpenses": 244000000,
    "operatingExpenses": 244000000,
    "costAndExpenses": 4283000000,
    "interestIncome": 0,
    "interestExpense": 0,
    "depreciationAndAmortization": 686000000,
    "ebitda": 852000000,
    "ebitdaratio": 0.1834625323,
    "operatingIncome": 361000000,
    "operatingIncomeRatio": 0.0777347115,
    "totalOtherIncomeExpensesNet": 134000000,
    "incomeBeforeTax": 495000000,
    "incomeBeforeTaxRatio": 0.1065891473,
    "incomeTaxExpense": 62000000,
    "netIncome": 397000000,
    "netIncomeRatio": 0.0854866494,
    "eps": 1.22,
    "epsdiluted": 1.22,
    "weightedAverageShsOut": 326663937,
    "weightedAverageShsOutDil": 326663937,
    "link": null,
    "finalLink": null
  },
  {
    "date": "2019-09-30",
    "symbol": "CEG",
    "reportedCurrency": "USD",
    "cik": "0001868275",
    "fillingDate": "2019-09-30",
    "acceptedDate": "2019-09-29 20:00:00",
    "calendarYear": "2019",
    "period": "Q3",
    "revenue": 4774000000,
    "costOfRevenue": 3699000000,
    "grossProfit": 1075000000,
    "grossProfitRatio": 0.2251780478,
    "researchAndDevelopmentExpenses": 0,
    "generalAndAdministrativeExpenses": 0,
    "sellingAndMarketingExpenses": 0,
    "sellingGeneralAndAdministrativeExpenses": 0,
    "otherExpenses": 593000000,
    "operatingExpenses": 593000000,
    "costAndExpenses": 4292000000,
    "interestIncome": 0,
    "interestExpense": 0,
    "depreciationAndAmortization": 722000000,
    "ebitda": 1335000000,
    "ebitdaratio": 0.2796397151,
    "operatingIncome": 482000000,
    "operatingIncomeRatio": 0.1009635526,
    "totalOtherIncomeExpensesNet": -182000000,
    "incomeBeforeTax": 300000000,
    "incomeBeforeTaxRatio": 0.0628403854,
    "incomeTaxExpense": 56000000,
    "netIncome": 257000000,
    "netIncomeRatio": 0.0538332635,
    "eps": 0.79,
    "epsdiluted": 0.79,
    "weightedAverageShsOut": 326663937,
    "weightedAverageShsOutDil": 326663937,
    "link": null,
    "finalLink": null
  },
  {
    "date": "2019-06-30",
    "symbol": "CEG",
    "reportedCurrency": "USD",
    "cik": "0001868275",
    "fillingDate": "2019-06-30",
    "acceptedDate": "2019-06-29 20:00:00",
    "calendarYear": "2019",
    "period": "Q2",
    "revenue": 4210000000,
    "costOfRevenue": 3558000000,
    "grossProfit": 652000000,
    "grossProfitRatio": 0.1548693587,
    "researchAndDevelopmentExpenses": 0,
    "generalAndAdministrativeExpenses": 0,
    "sellingAndMarketingExpenses": 0,
    "sellingGeneralAndAdministrativeExpenses": 0,
    "otherExpenses": 505000000,
    "operatingExpenses": 505000000,
    "costAndExpenses": 4063000000,
    "interestIncome": 0,
    "interestExpense": 0,
    "depreciationAndAmortization": 716000000,
    "ebitda": 905000000,
    "ebitdaratio": 0.2149643705,
    "operatingIncome": 147000000,
    "operatingIncomeRatio": 0.0349168646,
    "totalOtherIncomeExpensesNet": 15000000,
    "incomeBeforeTax": 162000000,
    "incomeBeforeTaxRatio": 0.03847981,
    "incomeTaxExpense": 44000000,
    "netIncome": 108000000,
    "netIncomeRatio": 0.0256532067,
    "eps": 0.33,
    "epsdiluted": 0.33,
    "weightedAverageShsOut": 326663937,
    "weightedAverageShsOutDil": 326663937,
    "link": null,
    "finalLink": null
  },
  {
    "date": "2019-03-31",
    "symbol": "CEG",
    "reportedCurrency": "USD",
    "cik": "0001868275",
    "fillingDate": "2019-03-31",
    "acceptedDate": "2019-03-30 20:00:00",
    "calendarYear": "2019",
    "period": "Q1",
    "revenue": 5296000000,
    "costOfRevenue": 4499000000,
    "grossProfit": 797000000,
    "grossProfitRatio": 0.1504909366,
    "researchAndDevelopmentExpenses": 0,
    "generalAndAdministrativeExpenses": 0,
    "sellingAndMarketingExpenses": 0,
    "sellingGeneralAndAdministrativeExpenses": 0,
    "otherExpenses": 464000000,
    "operatingExpenses": 464000000,
    "costAndExpenses": 4963000000,
    "interestIncome": 0,
    "interestExpense": 0,
    "depreciationAndAmortization": 710000000,
    "ebitda": 1046000000,
    "ebitdaratio": 0.1975075529,
    "operatingIncome": 333000000,
    "operatingIncomeRatio": 0.0628776435,
    "totalOtherIncomeExpensesNet": 228000000,
    "incomeBeforeTax": 561000000,
    "incomeBeforeTaxRatio": 0.105929003,
    "incomeTaxExpense": 139000000,
    "netIncome": 363000000,
    "netIncomeRatio": 0.0685422961,
    "eps": 1.11,
    "epsdiluted": 1.11,
    "weightedAverageShsOut": 326663937,
    "weightedAverageShsOutDil": 326663937,
    "link": null,
    "finalLink": null
  },
  {
    "date": "2018-12-31",
    "symbol": "CEG",
    "reportedCurrency": "USD",
    "cik": "0001868275",
    "fillingDate": "2018-12-31",
    "acceptedDate": "2018-12-30 19:00:00",
    "calendarYear": "2018",
    "period": "Q4",
    "revenue": 5069000000,
    "costOfRevenue": 4528000000,
    "grossProfit": 541000000,
    "grossProfitRatio": 0.1067271651,
    "researchAndDevelopmentExpenses": 0,
    "generalAndAdministrativeExpenses": 0,
    "sellingAndMarketingExpenses": 0,
    "sellingGeneralAndAdministrativeExpenses": 0,
    "otherExpenses": 507000000,
    "operatingExpenses": 507000000,
    "costAndExpenses": 5035000000,
    "interestIncome": 0,
    "interestExpense": 0,
    "depreciationAndAmortization": 704000000,
    "ebitda": 792000000,
    "ebitdaratio": 0.1562438351,
    "operatingIncome": 34000000,
    "operatingIncomeRatio": 0.0067074374,
    "totalOtherIncomeExpensesNet": -438000000,
    "incomeBeforeTax": -404000000,
    "incomeBeforeTaxRatio": -0.0797001381,
    "incomeTaxExpense": -180000000,
    "netIncome": -177000000,
    "netIncomeRatio": -0.0349181298,
    "eps": -0.54,
    "epsdiluted": -0.54,
    "weightedAverageShsOut": 326300000,
    "weightedAverageShsOutDil": 326300000,
    "link": null,
    "finalLink": null
  },
  {
    "date": "2018-09-30",
    "symbol": "CEG",
    "reportedCurrency": "USD",
    "cik": "0001868275",
    "fillingDate": "2018-09-30",
    "acceptedDate": "2018-09-29 20:00:00",
    "calendarYear": "2018",
    "period": "Q3",
    "revenue": 5278000000,
    "costOfRevenue": 4346000000,
    "grossProfit": 932000000,
    "grossProfitRatio": 0.1765820387,
    "researchAndDevelopmentExpenses": 0,
    "generalAndAdministrativeExpenses": 0,
    "sellingAndMarketingExpenses": 0,
    "sellingGeneralAndAdministrativeExpenses": 0,
    "otherExpenses": 621000000,
    "operatingExpenses": 621000000,
    "costAndExpenses": 4967000000,
    "interestIncome": 0,
    "interestExpense": 0,
    "depreciationAndAmortization": 703000000,
    "ebitda": 1194000000,
    "ebitdaratio": 0.2262220538,
    "operatingIncome": 311000000,
    "operatingIncomeRatio": 0.0589238348,
    "totalOtherIncomeExpensesNet": 67000000,
    "incomeBeforeTax": 378000000,
    "incomeBeforeTaxRatio": 0.0716180371,
    "incomeTaxExpense": 78000000,
    "netIncome": 234000000,
    "netIncomeRatio": 0.0443349754,
    "eps": 0.72,
    "epsdiluted": 0.72,
    "weightedAverageShsOut": 326300000,
    "weightedAverageShsOutDil": 326300000,
    "link": null,
    "finalLink": null
  },
  {
    "date": "2018-06-30",
    "symbol": "CEG",
    "reportedCurrency": "USD",
    "cik": "0001868275",
    "fillingDate": "2018-06-30",
    "acceptedDate": "2018-06-29 20:00:00",
    "calendarYear": "2018",
    "period": "Q2",
    "revenue": 4579000000,
    "costOfRevenue": 3696000000,
    "grossProfit": 883000000,
    "grossProfitRatio": 0.1928368639,
    "researchAndDevelopmentExpenses": 0,
    "generalAndAdministrativeExpenses": 0,
    "sellingAndMarketingExpenses": 0,
    "sellingGeneralAndAdministrativeExpenses": 0,
    "otherExpenses": 601000000,
    "operatingExpenses": 601000000,
    "costAndExpenses": 4297000000,
    "interestIncome": 0,
    "interestExpense": 0,
    "depreciationAndAmortization": 706000000,
    "ebitda": 1160000000,
    "ebitdaratio": 0.2533304215,
    "operatingIncome": 282000000,
    "operatingIncomeRatio": 0.061585499,
    "totalOtherIncomeExpensesNet": -78000000,
    "incomeBeforeTax": 204000000,
    "incomeBeforeTaxRatio": 0.0445512121,
    "incomeTaxExpense": 23000000,
    "netIncome": 178000000,
    "netIncomeRatio": 0.0388731164,
    "eps": 0.55,
    "epsdiluted": 0.55,
    "weightedAverageShsOut": 326300000,
    "weightedAverageShsOutDil": 326300000,
    "link": null,
    "finalLink": null
  },
  {
    "date": "2018-03-31",
    "symbol": "CEG",
    "reportedCurrency": "USD",
    "cik": "0001868275",
    "fillingDate": "2018-03-31",
    "acceptedDate": "2018-03-30 20:00:00",
    "calendarYear": "2018",
    "period": "Q1",
    "revenue": 5512000000,
    "costOfRevenue": 4606000000,
    "grossProfit": 906000000,
    "grossProfitRatio": 0.1643686502,
    "researchAndDevelopmentExpenses": 0,
    "generalAndAdministrativeExpenses": 0,
    "sellingAndMarketingExpenses": 0,
    "sellingGeneralAndAdministrativeExpenses": 0,
    "otherExpenses": 559000000,
    "operatingExpenses": 559000000,
    "costAndExpenses": 5165000000,
    "interestIncome": 0,
    "interestExpense": 0,
    "depreciationAndAmortization": 706000000,
    "ebitda": 1178000000,
    "ebitdaratio": 0.2137155298,
    "operatingIncome": 347000000,
    "operatingIncomeRatio": 0.0629535559,
    "totalOtherIncomeExpensesNet": -152000000,
    "incomeBeforeTax": 195000000,
    "incomeBeforeTaxRatio": 0.0353773585,
    "incomeTaxExpense": 9000000,
    "netIncome": 136000000,
    "netIncomeRatio": 0.0246734398,
    "eps": 0.42,
    "epsdiluted": 0.42,
    "weightedAverageShsOut": 326300000,
    "weightedAverageShsOutDil": 326300000,
    "link": null,
    "finalLink": null
  },
  {
    "date": "2017-12-31",
    "symbol": "CEG",
    "reportedCurrency": "USD",
    "cik": "0001868275",
    "fillingDate": "2017-12-31",
    "acceptedDate": "2017-12-30 19:00:00",
    "calendarYear": "2017",
    "period": "Q4",
    "revenue": 4657000000,
    "costOfRevenue": 3746000000,
    "grossProfit": 911000000,
    "grossProfitRatio": 0.1956194975,
    "researchAndDevelopmentExpenses": 0,
    "generalAndAdministrativeExpenses": 0,
    "sellingAndMarketingExpenses": 0,
    "sellingGeneralAndAdministrativeExpenses": 0,
    "otherExpenses": 407000000,
    "operatingExpenses": 407000000,
    "costAndExpenses": 4153000000,
    "interestIncome": 0,
    "interestExpense": 0,
    "depreciationAndAmortization": 712000000,
    "ebitda": 1195000000,
    "ebitdaratio": 0.2566029633,
    "operatingIncome": 504000000,
    "operatingIncomeRatio": 0.1082241787,
    "totalOtherIncomeExpensesNet": 404000000,
    "incomeBeforeTax": 908000000,
    "incomeBeforeTaxRatio": 0.194975306,
    "incomeTaxExpense": -1382000000,
    "netIncome": 2223000000,
    "netIncomeRatio": 0.4773459309,
    "eps": 6.81,
    "epsdiluted": 6.81,
    "weightedAverageShsOut": 326300000,
    "weightedAverageShsOutDil": 326300000,
    "link": null,
    "finalLink": null
  },
  {
    "date": "2017-09-30",
    "symbol": "CEG",
    "reportedCurrency": "USD",
    "cik": "0001868275",
    "fillingDate": "2017-09-30",
    "acceptedDate": "2017-09-29 20:00:00",
    "calendarYear": "2017",
    "period": "Q3",
    "revenue": 4750000000,
    "costOfRevenue": 3686000000,
    "grossProfit": 1064000000,
    "grossProfitRatio": 0.224,
    "researchAndDevelopmentExpenses": 0,
    "generalAndAdministrativeExpenses": 0,
    "sellingAndMarketingExpenses": 0,
    "sellingGeneralAndAdministrativeExpenses": 0,
    "otherExpenses": 567000000,
    "operatingExpenses": 567000000,
    "costAndExpenses": 4253000000,
    "interestIncome": 0,
    "interestExpense": 0,
    "depreciationAndAmortization": 667000000,
    "ebitda": 1292000000,
    "ebitdaratio": 0.272,
    "operatingIncome": 497000000,
    "operatingIncomeRatio": 0.1046315789,
    "totalOtherIncomeExpensesNet": 88000000,
    "incomeBeforeTax": 585000000,
    "incomeBeforeTaxRatio": 0.1231578947,
    "incomeTaxExpense": 239000000,
    "netIncome": 304000000,
    "netIncomeRatio": 0.064,
    "eps": 0.93,
    "epsdiluted": 0.93,
    "weightedAverageShsOut": 326300000,
    "weightedAverageShsOutDil": 326300000,
    "link": null,
    "finalLink": null
  },
  {
    "date": "2017-06-30",
    "symbol": "CEG",
    "reportedCurrency": "USD",
    "cik": "0001868275",
    "fillingDate": "2017-06-30",
    "acceptedDate": "2017-06-29 20:00:00",
    "calendarYear": "2017",
    "period": "Q2",
    "revenue": 4216000000,
    "costOfRevenue": 3664000000,
    "grossProfit": 552000000,
    "grossProfitRatio": 0.1309297913,
    "researchAndDevelopmentExpenses": 0,
    "generalAndAdministrativeExpenses": 0,
    "sellingAndMarketingExpenses": 0,
    "sellingGeneralAndAdministrativeExpenses": 0,
    "otherExpenses": 979000000,
    "operatingExpenses": 979000000,
    "costAndExpenses": 4643000000,
    "interestIncome": 0,
    "interestExpense": 0,
    "depreciationAndAmortization": 737000000,
    "ebitda": 852000000,
    "ebitdaratio": 0.2020872865,
    "operatingIncome": -427000000,
    "operatingIncomeRatio": -0.1012808349,
    "totalOtherIncomeExpensesNet": 43000000,
    "incomeBeforeTax": -384000000,
    "incomeBeforeTaxRatio": -0.0910815939,
    "incomeTaxExpense": -148000000,
    "netIncome": -235000000,
    "netIncomeRatio": -0.055740038,
    "eps": -0.72,
    "epsdiluted": -0.72,
    "weightedAverageShsOut": 326300000,
    "weightedAverageShsOutDil": 326300000,
    "link": null,
    "finalLink": null
  },
  {
    "date": "2017-03-31",
    "symbol": "CEG",
    "reportedCurrency": "USD",
    "cik": "0001868275",
    "fillingDate": "2017-03-31",
    "acceptedDate": "2017-03-30 20:00:00",
    "calendarYear": "2017",
    "period": "Q1",
    "revenue": 4878000000,
    "costOfRevenue": 4258000000,
    "grossProfit": 620000000,
    "grossProfitRatio": 0.127101271,
    "researchAndDevelopmentExpenses": 0,
    "generalAndAdministrativeExpenses": 0,
    "sellingAndMarketingExpenses": 0,
    "sellingGeneralAndAdministrativeExpenses": 0,
    "otherExpenses": 247000000,
    "operatingExpenses": 247000000,
    "costAndExpenses": 4505000000,
    "interestIncome": 0,
    "interestExpense": 0,
    "depreciationAndAmortization": 678000000,
    "ebitda": 853000000,
    "ebitdaratio": 0.1748667487,
    "operatingIncome": 373000000,
    "operatingIncomeRatio": 0.0764657647,
    "totalOtherIncomeExpensesNet": 149000000,
    "incomeBeforeTax": 522000000,
    "incomeBeforeTaxRatio": 0.1070110701,
    "incomeTaxExpense": 123000000,
    "netIncome": 418000000,
    "netIncomeRatio": 0.0856908569,
    "eps": 1.28,
    "epsdiluted": 1.28,
    "weightedAverageShsOut": 326300000,
    "weightedAverageShsOutDil": 326300000,
    "link": null,
    "finalLink": null
  },
  {
    "date": "2016-12-31",
    "symbol": "CEG",
    "reportedCurrency": "USD",
    "cik": "0001868275",
    "fillingDate": "2016-12-31",
    "acceptedDate": "2016-12-30 19:00:00",
    "calendarYear": "2016",
    "period": "Q4",
    "revenue": 4388000000,
    "costOfRevenue": 3694000000,
    "grossProfit": 694000000,
    "grossProfitRatio": 0.1581586144,
    "researchAndDevelopmentExpenses": 0,
    "generalAndAdministrativeExpenses": 0,
    "sellingAndMarketingExpenses": 0,
    "sellingGeneralAndAdministrativeExpenses": 0,
    "otherExpenses": 601000000,
    "operatingExpenses": 601000000,
    "costAndExpenses": 4295000000,
    "interestIncome": 0,
    "interestExpense": 0,
    "depreciationAndAmortization": 1499000000,
    "ebitda": 2165000000,
    "ebitdaratio": 0.4933910665,
    "operatingIncome": 93000000,
    "operatingIncomeRatio": 0.0211941659,
    "totalOtherIncomeExpensesNet": -14000000,
    "incomeBeforeTax": 79000000,
    "incomeBeforeTaxRatio": 0.0180036463,
    "incomeTaxExpense": 77000000,
    "netIncome": -42000000,
    "netIncomeRatio": -0.0095715588,
    "eps": -0.13,
    "epsdiluted": -0.13,
    "weightedAverageShsOut": 326300000,
    "weightedAverageShsOutDil": 326300000,
    "link": null,
    "finalLink": null
  },
  {
    "date": "2016-09-30",
    "symbol": "CEG",
    "reportedCurrency": "USD",
    "cik": "0001868275",
    "fillingDate": "2016-09-30",
    "acceptedDate": "2016-09-29 20:00:00",
    "calendarYear": "2016",
    "period": "Q3",
    "revenue": 5035000000,
    "costOfRevenue": 3764000000,
    "grossProfit": 1271000000,
    "grossProfitRatio": 0.2524329692,
    "researchAndDevelopmentExpenses": 0,
    "generalAndAdministrativeExpenses": 0,
    "sellingAndMarketingExpenses": 0,
    "sellingGeneralAndAdministrativeExpenses": 0,
    "otherExpenses": 929000000,
    "operatingExpenses": 929000000,
    "costAndExpenses": 4693000000,
    "interestIncome": 0,
    "interestExpense": 0,
    "depreciationAndAmortization": 553000000,
    "ebitda": 1180000000,
    "ebitdaratio": 0.2343594836,
    "operatingIncome": 342000000,
    "operatingIncomeRatio": 0.0679245283,
    "totalOtherIncomeExpensesNet": 102000000,
    "incomeBeforeTax": 444000000,
    "incomeBeforeTaxRatio": 0.088182721,
    "incomeTaxExpense": 173000000,
    "netIncome": 236000000,
    "netIncomeRatio": 0.0468718967,
    "eps": 0.72,
    "epsdiluted": 0.72,
    "weightedAverageShsOut": 326300000,
    "weightedAverageShsOutDil": 326300000,
    "link": null,
    "finalLink": null
  },
  {
    "date": "2016-06-30",
    "symbol": "CEG",
    "reportedCurrency": "USD",
    "cik": "0001868275",
    "fillingDate": "2016-06-30",
    "acceptedDate": "2016-06-29 20:00:00",
    "calendarYear": "2016",
    "period": "Q2",
    "revenue": 3589000000,
    "costOfRevenue": 3066000000,
    "grossProfit": 523000000,
    "grossProfitRatio": 0.1457230426,
    "researchAndDevelopmentExpenses": 0,
    "generalAndAdministrativeExpenses": 0,
    "sellingAndMarketingExpenses": 0,
    "sellingGeneralAndAdministrativeExpenses": 0,
    "otherExpenses": 536000000,
    "operatingExpenses": 536000000,
    "costAndExpenses": 3602000000,
    "interestIncome": 0,
    "interestExpense": 0,
    "depreciationAndAmortization": 800000000,
    "ebitda": 797000000,
    "ebitdaratio": 0.2220674283,
    "operatingIncome": -13000000,
    "operatingIncomeRatio": -0.0036221789,
    "totalOtherIncomeExpensesNet": 10000000,
    "incomeBeforeTax": -3000000,
    "incomeBeforeTaxRatio": -0.0008358874,
    "incomeTaxExpense": -31000000,
    "netIncome": -8000000,
    "netIncomeRatio": -0.0022290332,
    "eps": -0.0245,
    "epsdiluted": -0.0245,
    "weightedAverageShsOut": 326300000,
    "weightedAverageShsOutDil": 326300000,
    "link": null,
    "finalLink": null
  },
  {
    "date": "2016-03-31",
    "symbol": "CEG",
    "reportedCurrency": "USD",
    "cik": "0001868275",
    "fillingDate": "2016-03-31",
    "acceptedDate": "2016-03-30 20:00:00",
    "calendarYear": "2016",
    "period": "Q1",
    "revenue": 4739000000,
    "costOfRevenue": 3760000000,
    "grossProfit": 979000000,
    "grossProfitRatio": 0.2065836674,
    "researchAndDevelopmentExpenses": 0,
    "generalAndAdministrativeExpenses": 0,
    "sellingAndMarketingExpenses": 0,
    "sellingGeneralAndAdministrativeExpenses": 0,
    "otherExpenses": 564000000,
    "operatingExpenses": 564000000,
    "costAndExpenses": 4324000000,
    "interestIncome": 0,
    "interestExpense": 0,
    "depreciationAndAmortization": 667000000,
    "ebitda": 1231000000,
    "ebitdaratio": 0.2597594429,
    "operatingIncome": 415000000,
    "operatingIncomeRatio": 0.0875712176,
    "totalOtherIncomeExpensesNet": -7000000,
    "incomeBeforeTax": 408000000,
    "incomeBeforeTaxRatio": 0.0860941127,
    "incomeTaxExpense": 151000000,
    "netIncome": 310000000,
    "netIncomeRatio": 0.0654146444,
    "eps": 0.95,
    "epsdiluted": 0.95,
    "weightedAverageShsOut": 326300000,
    "weightedAverageShsOutDil": 326300000,
    "link": null,
    "finalLink": null
  },
  {
    "date": "2015-12-31",
    "symbol": "CEG",
    "reportedCurrency": "USD",
    "cik": "0001868275",
    "fillingDate": "2015-12-31",
    "acceptedDate": "2015-12-30 19:00:00",
    "calendarYear": "2015",
    "period": "Q4",
    "revenue": 4294000000,
    "costOfRevenue": 3657000000,
    "grossProfit": 637000000,
    "grossProfitRatio": 0.14834653,
    "researchAndDevelopmentExpenses": 0,
    "generalAndAdministrativeExpenses": 0,
    "sellingAndMarketingExpenses": 0,
    "sellingGeneralAndAdministrativeExpenses": 0,
    "otherExpenses": 407000000,
    "operatingExpenses": 407000000,
    "costAndExpenses": 4064000000,
    "interestIncome": 0,
    "interestExpense": 0,
    "depreciationAndAmortization": 702000000,
    "ebitda": 939000000,
    "ebitdaratio": 0.218677224,
    "operatingIncome": 230000000,
    "operatingIncomeRatio": 0.0535631113,
    "totalOtherIncomeExpensesNet": 11000000,
    "incomeBeforeTax": 241000000,
    "incomeBeforeTaxRatio": 0.0561248253,
    "incomeTaxExpense": 109000000,
    "netIncome": 154000000,
    "netIncomeRatio": 0.0358639963,
    "eps": 0.47,
    "epsdiluted": 0.47,
    "weightedAverageShsOut": 326300000,
    "weightedAverageShsOutDil": 326300000,
    "link": null,
    "finalLink": null
  },
  {
    "date": "2015-09-30",
    "symbol": "CEG",
    "reportedCurrency": "USD",
    "cik": "0001868275",
    "fillingDate": "2015-09-30",
    "acceptedDate": "2015-09-29 20:00:00",
    "calendarYear": "2015",
    "period": "Q3",
    "revenue": 4768000000,
    "costOfRevenue": 3753000000,
    "grossProfit": 1015000000,
    "grossProfitRatio": 0.2128775168,
    "researchAndDevelopmentExpenses": 0,
    "generalAndAdministrativeExpenses": 0,
    "sellingAndMarketingExpenses": 0,
    "sellingGeneralAndAdministrativeExpenses": 0,
    "otherExpenses": 393000000,
    "operatingExpenses": 393000000,
    "costAndExpenses": 4146000000,
    "interestIncome": 0,
    "interestExpense": 0,
    "depreciationAndAmortization": 632000000,
    "ebitda": 1260000000,
    "ebitdaratio": 0.264261745,
    "operatingIncome": 622000000,
    "operatingIncomeRatio": 0.1304530201,
    "totalOtherIncomeExpensesNet": -326000000,
    "incomeBeforeTax": 296000000,
    "incomeBeforeTaxRatio": 0.0620805369,
    "incomeTaxExpense": -36000000,
    "netIncome": 377000000,
    "netIncomeRatio": 0.0790687919,
    "eps": 1.16,
    "epsdiluted": 1.16,
    "weightedAverageShsOut": 326300000,
    "weightedAverageShsOutDil": 326300000,
    "link": null,
    "finalLink": null
  },
  {
    "date": "2015-06-30",
    "symbol": "CEG",
    "reportedCurrency": "USD",
    "cik": "0001868275",
    "fillingDate": "2015-06-30",
    "acceptedDate": "2015-06-29 20:00:00",
    "calendarYear": "2015",
    "period": "Q2",
    "revenue": 4232000000,
    "costOfRevenue": 3149000000,
    "grossProfit": 1083000000,
    "grossProfitRatio": 0.2559073724,
    "researchAndDevelopmentExpenses": 0,
    "generalAndAdministrativeExpenses": 0,
    "sellingAndMarketingExpenses": 0,
    "sellingGeneralAndAdministrativeExpenses": 0,
    "otherExpenses": 380000000,
    "operatingExpenses": 380000000,
    "costAndExpenses": 3529000000,
    "interestIncome": 0,
    "interestExpense": 0,
    "depreciationAndAmortization": 664000000,
    "ebitda": 1368000000,
    "ebitdaratio": 0.3232514178,
    "operatingIncome": 703000000,
    "operatingIncomeRatio": 0.1661153119,
    "totalOtherIncomeExpensesNet": -132000000,
    "incomeBeforeTax": 571000000,
    "incomeBeforeTaxRatio": 0.1349243856,
    "incomeTaxExpense": 181000000,
    "netIncome": 398000000,
    "netIncomeRatio": 0.0940453686,
    "eps": 1.22,
    "epsdiluted": 1.22,
    "weightedAverageShsOut": 326300000,
    "weightedAverageShsOutDil": 326300000,
    "link": null,
    "finalLink": null
  },
  {
    "date": "2015-03-31",
    "symbol": "CEG",
    "reportedCurrency": "USD",
    "cik": "0001868275",
    "fillingDate": "2015-03-31",
    "acceptedDate": "2015-03-30 20:00:00",
    "calendarYear": "2015",
    "period": "Q1",
    "revenue": 5842000000,
    "costOfRevenue": 4712000000,
    "grossProfit": 1130000000,
    "grossProfitRatio": 0.1934269086,
    "researchAndDevelopmentExpenses": 0,
    "generalAndAdministrativeExpenses": 0,
    "sellingAndMarketingExpenses": 0,
    "sellingGeneralAndAdministrativeExpenses": 0,
    "otherExpenses": 409000000,
    "operatingExpenses": 409000000,
    "costAndExpenses": 5121000000,
    "interestIncome": 0,
    "interestExpense": 0,
    "depreciationAndAmortization": 591000000,
    "ebitda": 1345000000,
    "ebitdaratio": 0.2302293735,
    "operatingIncome": 721000000,
    "operatingIncomeRatio": 0.1234166381,
    "totalOtherIncomeExpensesNet": -10000000,
    "incomeBeforeTax": 711000000,
    "incomeBeforeTaxRatio": 0.1217048956,
    "incomeTaxExpense": 226000000,
    "netIncome": 443000000,
    "netIncomeRatio": 0.0758301951,
    "eps": 1.36,
    "epsdiluted": 1.36,
    "weightedAverageShsOut": 326300000,
    "weightedAverageShsOutDil": 326300000,
    "link": null,
    "finalLink": null
  },
  {
    "date": "2014-12-31",
    "symbol": "CEG",
    "reportedCurrency": "USD",
    "cik": "0001868275",
    "fillingDate": "2014-12-31",
    "acceptedDate": "2014-12-30 19:00:00",
    "calendarYear": "2014",
    "period": "Q4",
    "revenue": 4802000000,
    "costOfRevenue": 4118000000,
    "grossProfit": 684000000,
    "grossProfitRatio": 0.1424406497,
    "researchAndDevelopmentExpenses": 0,
    "generalAndAdministrativeExpenses": 0,
    "sellingAndMarketingExpenses": 0,
    "sellingGeneralAndAdministrativeExpenses": 0,
    "otherExpenses": 790000000,
    "operatingExpenses": 790000000,
    "costAndExpenses": 4908000000,
    "interestIncome": 0,
    "interestExpense": 0,
    "depreciationAndAmortization": 666000000,
    "ebitda": 987000000,
    "ebitdaratio": 0.2055393586,
    "operatingIncome": -106000000,
    "operatingIncomeRatio": -0.0220741358,
    "totalOtherIncomeExpensesNet": 72000000,
    "incomeBeforeTax": -34000000,
    "incomeBeforeTaxRatio": -0.0070803832,
    "incomeTaxExpense": -16000000,
    "netIncome": -91000000,
    "netIncomeRatio": -0.0189504373,
    "eps": -0.28,
    "epsdiluted": -0.28,
    "weightedAverageShsOut": 326300000,
    "weightedAverageShsOutDil": 326300000,
    "link": null,
    "finalLink": null
  },
  {
    "date": "2014-09-30",
    "symbol": "CEG",
    "reportedCurrency": "USD",
    "cik": "0001868275",
    "fillingDate": "2014-09-30",
    "acceptedDate": "2014-09-29 20:00:00",
    "calendarYear": "2014",
    "period": "Q3",
    "revenue": 4412000000,
    "costOfRevenue": 3036000000,
    "grossProfit": 1376000000,
    "grossProfitRatio": 0.3118766999,
    "researchAndDevelopmentExpenses": 0,
    "generalAndAdministrativeExpenses": 0,
    "sellingAndMarketingExpenses": 0,
    "sellingGeneralAndAdministrativeExpenses": 0,
    "otherExpenses": 151000000,
    "operatingExpenses": 151000000,
    "costAndExpenses": 3187000000,
    "interestIncome": 0,
    "interestExpense": 0,
    "depreciationAndAmortization": 611000000,
    "ebitda": 1607000000,
    "ebitdaratio": 0.3642339075,
    "operatingIncome": 1225000000,
    "operatingIncomeRatio": 0.2776518586,
    "totalOtherIncomeExpensesNet": -85000000,
    "incomeBeforeTax": 1140000000,
    "incomeBeforeTaxRatio": 0.2583862194,
    "incomeTaxExpense": 291000000,
    "netIncome": 771000000,
    "netIncomeRatio": 0.17475068,
    "eps": 2.36,
    "epsdiluted": 2.36,
    "weightedAverageShsOut": 326300000,
    "weightedAverageShsOutDil": 326300000,
    "link": null,
    "finalLink": null
  },
  {
    "date": "2014-06-30",
    "symbol": "CEG",
    "reportedCurrency": "USD",
    "cik": "0001868275",
    "fillingDate": "2014-06-30",
    "acceptedDate": "2014-06-29 20:00:00",
    "calendarYear": "2014",
    "period": "Q2",
    "revenue": 3789000000,
    "costOfRevenue": 3146000000,
    "grossProfit": 643000000,
    "grossProfitRatio": 0.1697017683,
    "researchAndDevelopmentExpenses": 0,
    "generalAndAdministrativeExpenses": 0,
    "sellingAndMarketingExpenses": 0,
    "sellingGeneralAndAdministrativeExpenses": 0,
    "otherExpenses": 202000000,
    "operatingExpenses": 202000000,
    "costAndExpenses": 3348000000,
    "interestIncome": 0,
    "interestExpense": 0,
    "depreciationAndAmortization": 685000000,
    "ebitda": 956000000,
    "ebitdaratio": 0.2523093164,
    "operatingIncome": 441000000,
    "operatingIncomeRatio": 0.1163895487,
    "totalOtherIncomeExpensesNet": 130000000,
    "incomeBeforeTax": 571000000,
    "incomeBeforeTaxRatio": 0.150699393,
    "incomeTaxExpense": 199000000,
    "netIncome": 340000000,
    "netIncomeRatio": 0.0897334389,
    "eps": 1.04,
    "epsdiluted": 1.04,
    "weightedAverageShsOut": 326300000,
    "weightedAverageShsOutDil": 326300000,
    "link": null,
    "finalLink": null
  },
  {
    "date": "2014-03-31",
    "symbol": "CEG",
    "reportedCurrency": "USD",
    "cik": "0001868275",
    "fillingDate": "2014-03-31",
    "acceptedDate": "2014-03-30 20:00:00",
    "calendarYear": "2014",
    "period": "Q1",
    "revenue": 4390000000,
    "costOfRevenue": 4430000000,
    "grossProfit": -40000000,
    "grossProfitRatio": -0.0091116173,
    "researchAndDevelopmentExpenses": 0,
    "generalAndAdministrativeExpenses": 0,
    "sellingAndMarketingExpenses": 0,
    "sellingGeneralAndAdministrativeExpenses": 0,
    "otherExpenses": 344000000,
    "operatingExpenses": 344000000,
    "costAndExpenses": 4774000000,
    "interestIncome": 0,
    "interestExpense": 0,
    "depreciationAndAmortization": 557000000,
    "ebitda": 201000000,
    "ebitdaratio": 0.045785877,
    "operatingIncome": -384000000,
    "operatingIncomeRatio": -0.0874715262,
    "totalOtherIncomeExpensesNet": 0,
    "incomeBeforeTax": -384000000,
    "incomeBeforeTaxRatio": -0.0874715262,
    "incomeTaxExpense": -199000000,
    "netIncome": -185000000,
    "netIncomeRatio": -0.0421412301,
    "eps": -0.57,
    "epsdiluted": -0.57,
    "weightedAverageShsOut": 326300000,
    "weightedAverageShsOutDil": 326300000,
    "link": null,
    "finalLink": null
  },
  {
    "date": "2013-12-31",
    "symbol": "CEG",
    "reportedCurrency": "USD",
    "cik": "0001868275",
    "fillingDate": "2013-12-31",
    "acceptedDate": "2013-12-30 19:00:00",
    "calendarYear": "2013",
    "period": "Q4",
    "revenue": 3772000000,
    "costOfRevenue": 3116000000,
    "grossProfit": 656000000,
    "grossProfitRatio": 0.1739130435,
    "researchAndDevelopmentExpenses": 0,
    "generalAndAdministrativeExpenses": 0,
    "sellingAndMarketingExpenses": 0,
    "sellingGeneralAndAdministrativeExpenses": 0,
    "otherExpenses": 238000000,
    "operatingExpenses": 238000000,
    "costAndExpenses": 3354000000,
    "interestIncome": 0,
    "interestExpense": 0,
    "depreciationAndAmortization": 622000000,
    "ebitda": 968000000,
    "ebitdaratio": 0.2566277837,
    "operatingIncome": 418000000,
    "operatingIncomeRatio": 0.1108165429,
    "totalOtherIncomeExpensesNet": 148000000,
    "incomeBeforeTax": 566000000,
    "incomeBeforeTaxRatio": 0.1500530223,
    "incomeTaxExpense": 301000000,
    "netIncome": 269000000,
    "netIncomeRatio": 0.0713149523,
    "eps": 0.82,
    "epsdiluted": 0.82,
    "weightedAverageShsOut": 326300000,
    "weightedAverageShsOutDil": 326300000,
    "link": null,
    "finalLink": null
  },
  {
    "date": "2013-09-30",
    "symbol": "CEG",
    "reportedCurrency": "USD",
    "cik": "0001868275",
    "fillingDate": "2013-09-30",
    "acceptedDate": "2013-09-29 20:00:00",
    "calendarYear": "2013",
    "period": "Q3",
    "revenue": 4255000000,
    "costOfRevenue": 3223000000,
    "grossProfit": 1032000000,
    "grossProfitRatio": 0.2425381904,
    "researchAndDevelopmentExpenses": 0,
    "generalAndAdministrativeExpenses": 0,
    "sellingAndMarketingExpenses": 0,
    "sellingGeneralAndAdministrativeExpenses": 0,
    "otherExpenses": 311000000,
    "operatingExpenses": 311000000,
    "costAndExpenses": 3534000000,
    "interestIncome": 0,
    "interestExpense": 0,
    "depreciationAndAmortization": 579000000,
    "ebitda": 1295000000,
    "ebitdaratio": 0.3043478261,
    "operatingIncome": 721000000,
    "operatingIncomeRatio": 0.1694477086,
    "totalOtherIncomeExpensesNet": 52000000,
    "incomeBeforeTax": 773000000,
    "incomeBeforeTaxRatio": 0.1816686251,
    "incomeTaxExpense": 288000000,
    "netIncome": 490000000,
    "netIncomeRatio": 0.1151586369,
    "eps": 1.5,
    "epsdiluted": 1.5,
    "weightedAverageShsOut": 326300000,
    "weightedAverageShsOutDil": 326300000,
    "link": null,
    "finalLink": null
  },
  {
    "date": "2013-06-30",
    "symbol": "CEG",
    "reportedCurrency": "USD",
    "cik": "0001868275",
    "fillingDate": "2013-06-30",
    "acceptedDate": "2013-06-29 20:00:00",
    "calendarYear": "2013",
    "period": "Q2",
    "revenue": 4070000000,
    "costOfRevenue": 3023000000,
    "grossProfit": 1047000000,
    "grossProfitRatio": 0.2572481572,
    "researchAndDevelopmentExpenses": 0,
    "generalAndAdministrativeExpenses": 0,
    "sellingAndMarketingExpenses": 0,
    "sellingGeneralAndAdministrativeExpenses": 0,
    "otherExpenses": 0,
    "operatingExpenses": 477000000,
    "costAndExpenses": 3500000000,
    "interestIncome": 93000000,
    "interestExpense": 0,
    "depreciationAndAmortization": 670000000,
    "ebitda": 1406000000,
    "ebitdaratio": 0.3454545455,
    "operatingIncome": 736000000,
    "operatingIncomeRatio": 0.1808353808,
    "totalOtherIncomeExpensesNet": -259000000,
    "incomeBeforeTax": 477000000,
    "incomeBeforeTaxRatio": 0.1171990172,
    "incomeTaxExpense": 149000000,
    "netIncome": 330000000,
    "netIncomeRatio": 0.0810810811,
    "eps": 1.01,
    "epsdiluted": 1.01,
    "weightedAverageShsOut": 326300000,
    "weightedAverageShsOutDil": 326300000,
    "link": null,
    "finalLink": null
  },
  {
    "date": "2013-03-31",
    "symbol": "CEG",
    "reportedCurrency": "USD",
    "cik": "0001868275",
    "fillingDate": "2013-03-31",
    "acceptedDate": "2013-03-30 20:00:00",
    "calendarYear": "2013",
    "period": "Q1",
    "revenue": 3533000000,
    "costOfRevenue": 3258000000,
    "grossProfit": 275000000,
    "grossProfitRatio": 0.0778375318,
    "researchAndDevelopmentExpenses": 0,
    "generalAndAdministrativeExpenses": 0,
    "sellingAndMarketingExpenses": 0,
    "sellingGeneralAndAdministrativeExpenses": 0,
    "otherExpenses": 0,
    "operatingExpenses": 216000000,
    "costAndExpenses": 3474000000,
    "interestIncome": 77000000,
    "interestExpense": 0,
    "depreciationAndAmortization": 688000000,
    "ebitda": 656000000,
    "ebitdaratio": 0.1856778941,
    "operatingIncome": -32000000,
    "operatingIncomeRatio": -0.0090574583,
    "totalOtherIncomeExpensesNet": 14000000,
    "incomeBeforeTax": -18000000,
    "incomeBeforeTaxRatio": -0.0050948203,
    "incomeTaxExpense": 1000000,
    "netIncome": -18000000,
    "netIncomeRatio": -0.0050948203,
    "eps": -0.0552,
    "epsdiluted": -0.0552,
    "weightedAverageShsOut": 326300000,
    "weightedAverageShsOutDil": 326300000,
    "link": null,
    "finalLink": null
  },
  {
    "date": "2012-12-31",
    "symbol": "CEG",
    "reportedCurrency": "USD",
    "cik": "0001868275",
    "fillingDate": "2012-12-31",
    "acceptedDate": "2012-12-30 19:00:00",
    "calendarYear": "2012",
    "period": "Q4",
    "revenue": 3898000000,
    "costOfRevenue": 3733000000,
    "grossProfit": 165000000,
    "grossProfitRatio": 0.0423293997,
    "researchAndDevelopmentExpenses": 0,
    "generalAndAdministrativeExpenses": 0,
    "sellingAndMarketingExpenses": 0,
    "sellingGeneralAndAdministrativeExpenses": 0,
    "otherExpenses": 0,
    "operatingExpenses": 179000000,
    "costAndExpenses": 3912000000,
    "interestIncome": 78000000,
    "interestExpense": 0,
    "depreciationAndAmortization": 788000000,
    "ebitda": 652000000,
    "ebitdaratio": 0.1672652642,
    "operatingIncome": -136000000,
    "operatingIncomeRatio": -0.034889687,
    "totalOtherIncomeExpensesNet": 402000000,
    "incomeBeforeTax": 266000000,
    "incomeBeforeTaxRatio": 0.0682401231,
    "incomeTaxExpense": 127000000,
    "netIncome": 137000000,
    "netIncomeRatio": 0.0351462288,
    "eps": 0.42,
    "epsdiluted": 0.42,
    "weightedAverageShsOut": 326300000,
    "weightedAverageShsOutDil": 326300000,
    "link": null,
    "finalLink": null
  },
  {
    "date": "2012-09-30",
    "symbol": "CEG",
    "reportedCurrency": "USD",
    "cik": "0001868275",
    "fillingDate": "2012-09-30",
    "acceptedDate": "2012-09-29 20:00:00",
    "calendarYear": "2012",
    "period": "Q3",
    "revenue": 4031000000,
    "costOfRevenue": 3472000000,
    "grossProfit": 559000000,
    "grossProfitRatio": 0.1386752667,
    "researchAndDevelopmentExpenses": 0,
    "generalAndAdministrativeExpenses": 0,
    "sellingAndMarketingExpenses": 0,
    "sellingGeneralAndAdministrativeExpenses": 0,
    "otherExpenses": 0,
    "operatingExpenses": 302000000,
    "costAndExpenses": 3170000000,
    "interestIncome": 0,
    "interestExpense": 85000000,
    "depreciationAndAmortization": 755000000,
    "ebitda": 998000000,
    "ebitdaratio": 0.2475812453,
    "operatingIncome": 243000000,
    "operatingIncomeRatio": 0.0602828082,
    "totalOtherIncomeExpensesNet": -71000000,
    "incomeBeforeTax": 172000000,
    "incomeBeforeTaxRatio": 0.0426693128,
    "incomeTaxExpense": 85000000,
    "netIncome": 91000000,
    "netIncomeRatio": 0.0225750434,
    "eps": 0.28,
    "epsdiluted": 0.28,
    "weightedAverageShsOut": 326300000,
    "weightedAverageShsOutDil": 326300000,
    "link": null,
    "finalLink": null
  }
]