[
  {
    "date": "2024-12-31",
    "symbol": "CEG",
    "reportedCurrency": "USD",
    "cik": "0001868275",
    "fillingDate": "2025-02-18",
    "acceptedDate": "2025-02-18 10:21:43",
    "calendarYear": "2024",
    "period": "FY",
    "revenue": 23568000000,
    "costOfRevenue": 17578000000,
    "grossProfit": 5990000000,
    "grossProfitRatio": 0.2541581806,
    "researchAndDevelopmentExpenses": 0,
    "generalAndAdministrativeExpenses": 0,
    "sellingAndMarketingExpenses": 0,
    "sellingGeneralAndAdministrativeExpenses": 8000000,
    "otherExpenses": 1630000000,
    "operatingExpenses": 1638000000,
    "costAndExpenses": 19216000000,
    "interestIncome": 0,
    "interestExpense": 506000000,
    "depreciationAndAmortization": 2700000000,
    "ebitda": 6973000000,
    "ebitdaratio": 0.2958672777,
    "operatingIncome": 4352000000,
    "operatingIncomeRatio": 0.1846571623,
    "totalOtherIncomeExpensesNet": 160000000,
    "incomeBeforeTax": 4512000000,
    "incomeBeforeTaxRatio": 0.1914460285,
    "incomeTaxExpense": 774000000,
    "netIncome": 3749000000,
    "netIncomeRatio": 0.1590716225,
    "eps": 11.9,
    "epsdiluted": 11.9,
    "weightedAverageShsOut": 315000000,
    "weightedAverageShsOutDil": 315000000,
    "link": "https://www.sec.gov/Archives/edgar/data/1868275/000186827525000023/0001868275-25-000023-index.htm",
    "finalLink": "https://www.sec.gov/Archives/edgar/data/1868275/000186827525000023/ceg-20241231.htm"
  },
  {
    "date": "2023-12-31",
    "symbol": "CEG",
    "reportedCurrency": "USD",
    "cik": "0001868275",
    "fillingDate": "2024-02-27",
    "acceptedDate": "2024-02-27 11:57:04",
    "calendarYear": "2023",
    "period": "FY",
    "revenue": 24918000000,
    "costOfRevenue": 21615000000,
    "grossProfit": 3303000000,
    "grossProfitRatio": 0.1325547797,
    "researchAndDevelopmentExpenses": 0,
    "generalAndAdministrativeExpenses": 0,
    "sellingAndMarketingExpenses": 0,
    "sellingGeneralAndAdministrativeExpenses": 54000000,
    "otherExpenses": 1639000000,
    "operatingExpenses": 1693000000,
    "costAndExpenses": 23308000000,
    "interestIncome": 0,
    "interestExpense": 431000000,
    "depreciationAndAmortization": 2514000000,
    "ebitda": 4222000000,
    "ebitdaratio": 0.1694357493,
    "operatingIncome": 1610000000,
    "operatingIncomeRatio": 0.0646119271,
    "totalOtherIncomeExpensesNet": 826000000,
    "incomeBeforeTax": 2436000000,
    "incomeBeforeTaxRatio": 0.0977606549,
    "incomeTaxExpense": 859000000,
    "netIncome": 1623000000,
    "netIncomeRatio": 0.0651336383,
    "eps": 5.02,
    "epsdiluted": 5.01,
    "weightedAverageShsOut": 323000000,
    "weightedAverageShsOutDil": 324000000,
    "link": "https://www.sec.gov/Archives/edgar/data/1868275/000186827524000014/0001868275-24-000014-index.htm",
    "finalLink": "https://www.sec.gov/Archives/edgar/data/1168165/000186827524000014/ceg-20231231.htm"
  },
  {
    "date": "2022-12-31",
    "symbol": "CEG",
    "reportedCurrency": "USD",
    "cik": "0001868275",
    "fillingDate": "2023-02-16",
    "acceptedDate": "2023-02-16 11:04:17",
    "calendarYear": "2022",
    "period": "FY",
    "revenue": 24440000000,
    "costOfRevenue": 22303000000,
    "grossProfit": 2137000000,
    "grossProfitRatio": 0.0874386252,
    "researchAndDevelopmentExpenses": 0,
    "generalAndAdministrativeExpenses": 0,
    "sellingAndMarketingExpenses": 0,
    "sellingGeneralAndAdministrativeExpenses": 0,
    "otherExpenses": 1642000000,
    "operatingExpenses": 1642000000,
    "costAndExpenses": 23945000000,
    "interestIncome": 0,
    "interestExpense": 251000000,
    "depreciationAndAmortization": 2427000000,
    "ebitda": 2921000000,
    "ebitdaratio": 0.1195171849,
    "operatingIncome": 495000000,
    "operatingIncomeRatio": 0.0202536825,
    "totalOtherIncomeExpensesNet": -1050000000,
    "incomeBeforeTax": -555000000,
    "incomeBeforeTaxRatio": -0.0227086743,
    "incomeTaxExpense": -388000000,
    "netIncome": -160000000,
    "netIncomeRatio": -0.0065466448,
    "eps": -0.47,
    "epsdiluted": -0.47,
    "weightedAverageShsOut": 328000000,
    "weightedAverageShsOutDil": 328000000,
    "link": "https://www.sec.gov/Archives/edgar/data/1868275/000186827523000014/0001868275-23-000014-index.htm",
    "finalLink": "https://www.sec.gov/Archives/edgar/data/1168165/000186827523000014/ceg-20221231.htm"
  },
  {
    "date": "2021-12-31",
    "symbol": "CEG",
    "reportedCurrency": "USD",
    "cik": "0001868275",
    "fillingDate": "2022-02-25",
    "acceptedDate": "2022-02-25 14:23:03",
    "calendarYear": "2021",
    "period": "FY",
    "revenue": 19649000000,
    "costOfRevenue": 16904000000,
    "grossProfit": 2745000000,
    "grossProfitRatio": 0.139701766,
    "researchAndDevelopmentExpenses": 0,
    "generalAndAdministrativeExpenses": 0,
    "sellingAndMarketingExpenses": 0,
    "sellingGeneralAndAdministrativeExpenses": 0,
    "otherExpenses": 3091000000,
    "operatingExpenses": 3091000000,
    "costAndExpenses": 19995000000,
    "interestIncome": 0,
    "interestExpense": 297000000,
    "depreciationAndAmortization": 2587000000,
    "ebitda": 3807000000,
    "ebitdaratio": 0.1937503181,
    "operatingIncome": -346000000,
    "operatingIncomeRatio": -0.0176090386,
    "totalOtherIncomeExpensesNet": 488000000,
    "incomeBeforeTax": 142000000,
    "incomeBeforeTaxRatio": 0.0072268309,
    "incomeTaxExpense": 225000000,
    "netIncome": -205000000,
    "netIncomeRatio": -0.0104331009,
    "eps": -0.6276,
    "epsdiluted": -0.6276,
    "weightedAverageShsOut": 326663937,
    "weightedAverageShsOutDil": 326663937,
    "link": "https://www.sec.gov/Archives/edgar/data/1868275/000186827522000020/0001868275-22-000020-index.htm",
    "finalLink": "https://www.sec.gov/Archives/edgar/data/1168165/000186827522000020/ceg-20211231.htm"
  },
  {
    "date": "2020-12-31",
    "symbol": "CEG",
    "reportedCurrency": "USD",
    "cik": "0001868275",
    "fillingDate": "2020-12-31",
    "acceptedDate": "2020-12-31 00:00:00",
    "calendarYear": "2020",
    "period": "FY",
    "revenue": 17603000000,
    "costOfRevenue": 14328000000,
    "grossProfit": 3275000000,
    "grossProfitRatio": 0.1860478328,
    "researchAndDevelopmentExpenses": 0,
    "generalAndAdministrativeExpenses": 0,
    "sellingAndMarketingExpenses": 0,
    "sellingGeneralAndAdministrativeExpenses": 0,
    "otherExpenses": 3019000000,
    "operatingExpenses": 3019000000,
    "costAndExpenses": 17347000000,
    "interestIncome": 0,
    "interestExpense": 357000000,
    "depreciationAndAmortization": 2681000000,
    "ebitda": 4306000000,
    "ebitdaratio": 0.2446173948,
    "operatingIncome": 256000000,
    "operatingIncomeRatio": 0.0145429756,
    "totalOtherIncomeExpensesNet": 572000000,
    "incomeBeforeTax": 828000000,
    "incomeBeforeTaxRatio": 0.0470374368,
    "incomeTaxExpense": 249000000,
    "netIncome": 589000000,
    "netIncomeRatio": 0.0334602056,
    "eps": 1.8,
    "epsdiluted": 1.8,
    "weightedAverageShsOut": 326663937,
    "weightedAverageShsOutDil": 326663937,
    "link": null,
    "finalLink": null
  },
  {
    "date": "2019-12-31",
    "symbol": "CEG",
    "reportedCurrency": "USD",
    "cik": "0001868275",
    "fillingDate": "2019-12-31",
    "acceptedDate": "2019-12-31 00:00:00",
    "calendarYear": "2019",
    "period": "FY",
    "revenue": 18924000000,
    "costOfRevenue": 15627000000,
    "grossProfit": 3297000000,
    "grossProfitRatio": 0.1742232086,
    "researchAndDevelopmentExpenses": 0,
    "generalAndAdministrativeExpenses": 0,
    "sellingAndMarketingExpenses": 0,
    "sellingGeneralAndAdministrativeExpenses": 0,
    "otherExpenses": 1974000000,
    "operatingExpenses": 1974000000,
    "costAndExpenses": 17601000000,
    "interestIncome": 0,
    "interestExpense": 429000000,
    "depreciationAndAmortization": 2837000000,
    "ebitda": 4309000000,
    "ebitdaratio": 0.2277002748,
    "operatingIncome": 1323000000,
    "operatingIncomeRatio": 0.0699112238,
    "totalOtherIncomeExpensesNet": 410000000,
    "incomeBeforeTax": 1733000000,
    "incomeBeforeTaxRatio": 0.0915768337,
    "incomeTaxExpense": 516000000,
    "netIncome": 1125000000,
    "netIncomeRatio": 0.0594483196,
    "eps": 3.44,
    "epsdiluted": 3.44,
    "weightedAverageShsOut": 326663937,
    "weightedAverageShsOutDil": 326663937,
    "link": null,
    "finalLink": null
  },
  {
    "date": "2018-12-31",
    "symbol": "CEG",
    "reportedCurrency": "USD",
    "cik": "0001868275",
    "fillingDate": "2018-12-31",
    "acceptedDate": "2018-12-31 00:00:00",
    "calendarYear": "2018",
    "period": "FY",
    "revenue": 20437000000,
    "costOfRevenue": 17125000000,
    "grossProfit": 3312000000,
    "grossProfitRatio": 0.1620590106,
    "researchAndDevelopmentExpenses": 0,
    "generalAndAdministrativeExpenses": 0,
    "sellingAndMarketingExpenses": 0,
    "sellingGeneralAndAdministrativeExpenses": 0,
    "otherExpenses": 2337000000,
    "operatingExpenses": 2337000000,
    "costAndExpenses": 19462000000,
    "interestIncome": 0,
    "interestExpense": 432000000,
    "depreciationAndAmortization": 2819000000,
    "ebitda": 4374000000,
    "ebitdaratio": 0.2140235847,
    "operatingIncome": 975000000,
    "operatingIncomeRatio": 0.0477075892,
    "totalOtherIncomeExpensesNet": -640000000,
    "incomeBeforeTax": 335000000,
    "incomeBeforeTaxRatio": 0.0163918383,
    "incomeTaxExpense": -108000000,
    "netIncome": 370000000,
    "netIncomeRatio": 0.0181044185,
    "eps": 1.13,
    "epsdiluted": 1.13,
    "weightedAverageShsOut": 326300000,
    "weightedAverageShsOutDil": 326300000,
    "link": "",
    "finalLink": ""
  },
  {
    "date": "2017-12-31",
    "symbol": "CEG",
    "reportedCurrency": "USD",
    "cik": "0001868275",
    "fillingDate": "2017-12-31",
    "acceptedDate": "2017-12-30 19:00:00",
    "calendarYear": "2017",
    "period": "FY",
    "revenue": 18500000000,
    "costOfRevenue": 15395000000,
    "grossProfit": 3105000000,
    "grossProfitRatio": 0.1678378378,
    "researchAndDevelopmentExpenses": 0,
    "generalAndAdministrativeExpenses": 0,
    "sellingAndMarketingExpenses": 0,
    "sellingGeneralAndAdministrativeExpenses": 0,
    "otherExpenses": 2158000000,
    "operatingExpenses": 2158000000,
    "costAndExpenses": 17553000000,
    "interestIncome": 0,
    "interestExpense": 0,
    "depreciationAndAmortization": 2794000000,
    "ebitda": 4149000000,
    "ebitdaratio": 0.2242702703,
    "operatingIncome": 947000000,
    "operatingIncomeRatio": 0.0511891892,
    "totalOtherIncomeExpensesNet": 475000000,
    "incomeBeforeTax": 1422000000,
    "incomeBeforeTaxRatio": 0.0768648649,
    "incomeTaxExpense": -1376000000,
    "netIncome": 2710000000,
    "netIncomeRatio": 0.1464864865,
    "eps": 8.31,
    "epsdiluted": 8.31,
    "weightedAverageShsOut": 326300000,
    "weightedAverageShsOutDil": 326300000,
    "link": null,
    "finalLink": null
  },
  {
    "date": "2016-12-31",
    "symbol": "CEG",
    "reportedCurrency": "USD",
    "cik": "0001868275",
    "fillingDate": "2016-12-31",
    "acceptedDate": "2016-12-30 19:00:00",
    "calendarYear": "2016",
    "period": "FY",
    "revenue": 17757000000,
    "costOfRevenue": 14372000000,
    "grossProfit": 3385000000,
    "grossProfitRatio": 0.1906290477,
    "researchAndDevelopmentExpenses": 0,
    "generalAndAdministrativeExpenses": 0,
    "sellingAndMarketingExpenses": 0,
    "sellingGeneralAndAdministrativeExpenses": 0,
    "otherExpenses": 2565000000,
    "operatingExpenses": 2565000000,
    "costAndExpenses": 16937000000,
    "interestIncome": 0,
    "interestExpense": 0,
    "depreciationAndAmortization": 2747000000,
    "ebitda": 4519000000,
    "ebitdaratio": 0.2544911866,
    "operatingIncome": 820000000,
    "operatingIncomeRatio": 0.0461789717,
    "totalOtherIncomeExpensesNet": 92000000,
    "incomeBeforeTax": 912000000,
    "incomeBeforeTaxRatio": 0.051360027,
    "incomeTaxExpense": 362000000,
    "netIncome": 483000000,
    "netIncomeRatio": 0.0272005406,
    "eps": 1.48,
    "epsdiluted": 1.48,
    "weightedAverageShsOut": 326300000,
    "weightedAverageShsOutDil": 326300000,
    "link": null,
    "finalLink": null
  },
  {
    "date": "2015-12-31",
    "symbol": "CEG",
    "reportedCurrency": "USD",
    "cik": "0001868275",
    "fillingDate": "2015-12-31",
    "acceptedDate": "2015-12-30 19:00:00",
    "calendarYear": "2015",
    "period": "FY",
    "revenue": 19135000000,
    "costOfRevenue": 15317000000,
    "grossProfit": 3818000000,
    "grossProfitRatio": 0.1995296577,
    "researchAndDevelopmentExpenses": 0,
    "generalAndAdministrativeExpenses": 0,
    "sellingAndMarketingExpenses": 0,
    "sellingGeneralAndAdministrativeExpenses": 0,
    "otherExpenses": 1543000000,
    "operatingExpenses": 1543000000,
    "costAndExpenses": 16860000000,
    "interestIncome": 0,
    "interestExpense": 0,
    "depreciationAndAmortization": 2589000000,
    "ebitda": 4864000000,
    "ebitdaratio": 0.2541938856,
    "operatingIncome": 2275000000,
    "operatingIncomeRatio": 0.1188920826,
    "totalOtherIncomeExpensesNet": -455000000,
    "incomeBeforeTax": 1820000000,
    "incomeBeforeTaxRatio": 0.0951136661,
    "incomeTaxExpense": 480000000,
    "netIncome": 1372000000,
    "netIncomeRatio": 0.0717010713,
    "eps": 4.2,
    "epsdiluted": 4.2,
    "weightedAverageShsOut": 326300000,
    "weightedAverageShsOutDil": 326300000,
    "link": null,
    "finalLink": null
  },
  {
    "date": "2014-12-31",
    "symbol": "CEG",
    "reportedCurrency": "USD",
    "cik": "0001868275",
    "fillingDate": "2014-12-31",
    "acceptedDate": "2014-12-30 19:00:00",
    "calendarYear": "2014",
    "period": "FY",
    "revenue": 17393000000,
    "costOfRevenue": 14828000000,
    "grossProfit": 2565000000,
    "grossProfitRatio": 0.1474731214,
    "researchAndDevelopmentExpenses": 0,
    "generalAndAdministrativeExpenses": 0,
    "sellingAndMarketingExpenses": 0,
    "sellingGeneralAndAdministrativeExpenses": 0,
    "otherExpenses": 1389000000,
    "operatingExpenses": 1389000000,
    "costAndExpenses": 16217000000,
    "interestIncome": 0,
    "interestExpense": 0,
    "depreciationAndAmortization": 2519000000,
    "ebitda": 3652000000,
    "ebitdaratio": 0.209969528,
    "operatingIncome": 1176000000,
    "operatingIncomeRatio": 0.0676134077,
    "totalOtherIncomeExpensesNet": 117000000,
    "incomeBeforeTax": 1293000000,
    "incomeBeforeTaxRatio": 0.0743402518,
    "incomeTaxExpense": 274000000,
    "netIncome": 835000000,
    "netIncomeRatio": 0.0480078192,
    "eps": 2.56,
    "epsdiluted": 2.56,
    "weightedAverageShsOut": 326300000,
    "weightedAverageShsOutDil": 326300000,
    "link": null,
    "finalLink": null
  },
  {
    "date": "2013-12-31",
    "symbol": "CEG",
    "reportedCurrency": "USD",
    "cik": "0001868275",
    "fillingDate": "2013-12-31",
    "acceptedDate": "2013-12-30 19:00:00",
    "calendarYear": "2013",
    "period": "FY",
    "revenue": 15630000000,
    "costOfRevenue": 12731000000,
    "grossProfit": 2899000000,
    "grossProfitRatio": 0.1854766475,
    "researchAndDevelopmentExpenses": 0,
    "generalAndAdministrativeExpenses": 0,
    "sellingAndMarketingExpenses": 0,
    "sellingGeneralAndAdministrativeExpenses": 0,
    "otherExpenses": 1222000000,
    "operatingExpenses": 1222000000,
    "costAndExpenses": 13953000000,
    "interestIncome": 0,
    "interestExpense": 0,
    "depreciationAndAmortization": 2559000000,
    "ebitda": 4213000000,
    "ebitdaratio": 0.2695457454,
    "operatingIncome": 1677000000,
    "operatingIncomeRatio": 0.107293666,
    "totalOtherIncomeExpensesNet": 120000000,
    "incomeBeforeTax": 1797000000,
    "incomeBeforeTaxRatio": 0.1149712092,
    "incomeTaxExpense": 737000000,
    "netIncome": 1070000000,
    "netIncomeRatio": 0.0684580934,
    "eps": 3.28,
    "epsdiluted": 3.28,
    "weightedAverageShsOut": 326300000,
    "weightedAverageShsOutDil": 326300000,
    "link": null,
    "finalLink": null
  },
  {
    "date": "2012-12-31",
    "symbol": "CEG",
    "reportedCurrency": "USD",
    "cik": "0001868275",
    "fillingDate": "2012-12-31",
    "acceptedDate": "2012-12-30 19:00:00",
    "calendarYear": "2012",
    "period": "FY",
    "revenue": 14437000000,
    "costOfRevenue": 11703000000,
    "grossProfit": 2734000000,
    "grossProfitRatio": 0.1893745238,
    "researchAndDevelopmentExpenses": 0,
    "generalAndAdministrativeExpenses": 0,
    "sellingAndMarketingExpenses": 0,
    "sellingGeneralAndAdministrativeExpenses": 0,
    "otherExpenses": 0,
    "operatingExpenses": 1260000000,
    "costAndExpenses": 12963000000,
    "interestIncome": 299000000,
    "interestExpense": 0,
    "depreciationAndAmortization": 2966000000,
    "ebitda": 4563000000,
    "ebitdaratio": 0.316062894,
    "operatingIncome": 1597000000,
    "operatingIncomeRatio": 0.1106185496,
    "totalOtherIncomeExpensesNet": -422000000,
    "incomeBeforeTax": 1175000000,
    "incomeBeforeTaxRatio": 0.0813881,
    "incomeTaxExpense": 617000000,
    "netIncome": 562000000,
    "netIncomeRatio": 0.0389277551,
    "eps": 1.72,
    "epsdiluted": 1.72,
    "weightedAverageShsOut": 326300000,
    "weightedAverageShsOutDil": 326300000,
    "link": null,
    "finalLink": null
  }
]