[
  {
    "date": "2025-06-30",
    "symbol": "CF",
    "reportedCurrency": "USD",
    "cik": "0001324404",
    "fillingDate": "2025-08-07",
    "acceptedDate": "2025-08-07 13:49:15",
    "calendarYear": "2025",
    "period": "Q2",
    "revenue": 1890000000,
    "costOfRevenue": 1044000000,
    "grossProfit": 846000000,
    "grossProfitRatio": 0.4476190476,
    "researchAndDevelopmentExpenses": 0,
    "generalAndAdministrativeExpenses": 0,
    "sellingAndMarketingExpenses": 0,
    "sellingGeneralAndAdministrativeExpenses": 101000000,
    "otherExpenses": 0,
    "operatingExpenses": 101000000,
    "costAndExpenses": 1145000000,
    "interestIncome": 17000000,
    "interestExpense": 36000000,
    "depreciationAndAmortization": 232000000,
    "ebitda": 903000000,
    "ebitdaratio": 0.4777777778,
    "operatingIncome": 745000000,
    "operatingIncomeRatio": 0.3941798942,
    "totalOtherIncomeExpensesNet": -110000000,
    "incomeBeforeTax": 635000000,
    "incomeBeforeTaxRatio": 0.335978836,
    "incomeTaxExpense": 143000000,
    "netIncome": 386000000,
    "netIncomeRatio": 0.2042328042,
    "eps": 2.37,
    "epsdiluted": 2.37,
    "weightedAverageShsOut": 162900000,
    "weightedAverageShsOutDil": 163100000,
    "link": "https://www.sec.gov/Archives/edgar/data/1324404/000132440425000024/0001324404-25-000024-index.htm",
    "finalLink": "https://www.sec.gov/Archives/edgar/data/1324404/000132440425000024/cf-20250630.htm"
  },
  {
    "date": "2025-03-31",
    "symbol": "CF",
    "reportedCurrency": "USD",
    "cik": "0001324404",
    "fillingDate": "2025-05-08",
    "acceptedDate": "2025-05-08 14:04:43",
    "calendarYear": "2025",
    "period": "Q1",
    "revenue": 1663000000,
    "costOfRevenue": 986000000,
    "grossProfit": 677000000,
    "grossProfitRatio": 0.4070956103,
    "researchAndDevelopmentExpenses": 0,
    "generalAndAdministrativeExpenses": 0,
    "sellingAndMarketingExpenses": 0,
    "sellingGeneralAndAdministrativeExpenses": 84000000,
    "otherExpenses": 0,
    "operatingExpenses": 84000000,
    "costAndExpenses": 1070000000,
    "interestIncome": 17000000,
    "interestExpense": 37000000,
    "depreciationAndAmortization": 221000000,
    "ebitda": 695000000,
    "ebitdaratio": 0.4179194227,
    "operatingIncome": 593000000,
    "operatingIncomeRatio": 0.3565844859,
    "totalOtherIncomeExpensesNet": -156000000,
    "incomeBeforeTax": 437000000,
    "incomeBeforeTaxRatio": 0.2627781118,
    "incomeTaxExpense": 86000000,
    "netIncome": 312000000,
    "netIncomeRatio": 0.187612748,
    "eps": 1.85,
    "epsdiluted": 1.85,
    "weightedAverageShsOut": 168600000,
    "weightedAverageShsOutDil": 168800000,
    "link": "https://www.sec.gov/Archives/edgar/data/1324404/000132440425000015/0001324404-25-000015-index.htm",
    "finalLink": "https://www.sec.gov/Archives/edgar/data/1324404/000132440425000015/cf-20250331.htm"
  },
  {
    "date": "2024-12-31",
    "symbol": "CF",
    "reportedCurrency": "USD",
    "cik": "0001324404",
    "fillingDate": "2025-02-20",
    "acceptedDate": "2025-02-20 16:11:40",
    "calendarYear": "2024",
    "period": "Q4",
    "revenue": 1524000000,
    "costOfRevenue": 1001000000,
    "grossProfit": 523000000,
    "grossProfitRatio": 0.343175853,
    "researchAndDevelopmentExpenses": 0,
    "generalAndAdministrativeExpenses": 0,
    "sellingAndMarketingExpenses": 0,
    "sellingGeneralAndAdministrativeExpenses": 78000000,
    "otherExpenses": 0,
    "operatingExpenses": 78000000,
    "costAndExpenses": 1079000000,
    "interestIncome": 33000000,
    "interestExpense": 47000000,
    "depreciationAndAmortization": 221000000,
    "ebitda": 701000000,
    "ebitdaratio": 0.4599737533,
    "operatingIncome": 445000000,
    "operatingIncomeRatio": 0.2919947507,
    "totalOtherIncomeExpensesNet": -12000000,
    "incomeBeforeTax": 433000000,
    "incomeBeforeTaxRatio": 0.2841207349,
    "incomeTaxExpense": 41000000,
    "netIncome": 328000000,
    "netIncomeRatio": 0.2152230971,
    "eps": 1.89,
    "epsdiluted": 1.89,
    "weightedAverageShsOut": 173200000,
    "weightedAverageShsOutDil": 173500000,
    "link": "https://www.sec.gov/Archives/edgar/data/1324404/000132440425000006/0001324404-25-000006-index.htm",
    "finalLink": "https://www.sec.gov/Archives/edgar/data/1324404/000132440425000006/cf-20241231.htm"
  },
  {
    "date": "2024-09-30",
    "symbol": "CF",
    "reportedCurrency": "USD",
    "cik": "0001324404",
    "fillingDate": "2024-10-31",
    "acceptedDate": "2024-10-31 13:28:09",
    "calendarYear": "2024",
    "period": "Q3",
    "revenue": 1370000000,
    "costOfRevenue": 924000000,
    "grossProfit": 446000000,
    "grossProfitRatio": 0.3255474453,
    "researchAndDevelopmentExpenses": 0,
    "generalAndAdministrativeExpenses": 0,
    "sellingAndMarketingExpenses": 0,
    "sellingGeneralAndAdministrativeExpenses": 78000000,
    "otherExpenses": 0,
    "operatingExpenses": 78000000,
    "costAndExpenses": 1002000000,
    "interestIncome": 32000000,
    "interestExpense": 0,
    "depreciationAndAmortization": 229000000,
    "ebitda": 629000000,
    "ebitdaratio": 0.4591240876,
    "operatingIncome": 368000000,
    "operatingIncomeRatio": 0.2686131387,
    "totalOtherIncomeExpensesNet": 32000000,
    "incomeBeforeTax": 400000000,
    "incomeBeforeTaxRatio": 0.2919708029,
    "incomeTaxExpense": 59000000,
    "netIncome": 276000000,
    "netIncomeRatio": 0.201459854,
    "eps": 1.55,
    "epsdiluted": 1.55,
    "weightedAverageShsOut": 178400000,
    "weightedAverageShsOutDil": 178600000,
    "link": "https://www.sec.gov/Archives/edgar/data/1324404/000132440424000026/0001324404-24-000026-index.htm",
    "finalLink": "https://www.sec.gov/Archives/edgar/data/1324404/000132440424000026/cf-20240930.htm"
  },
  {
    "date": "2024-06-30",
    "symbol": "CF",
    "reportedCurrency": "USD",
    "cik": "0001324404",
    "fillingDate": "2024-08-08",
    "acceptedDate": "2024-08-08 13:20:08",
    "calendarYear": "2024",
    "period": "Q2",
    "revenue": 1572000000,
    "costOfRevenue": 893000000,
    "grossProfit": 679000000,
    "grossProfitRatio": 0.4319338422,
    "researchAndDevelopmentExpenses": 0,
    "generalAndAdministrativeExpenses": 0,
    "sellingAndMarketingExpenses": 0,
    "sellingGeneralAndAdministrativeExpenses": 76000000,
    "otherExpenses": 0,
    "operatingExpenses": 76000000,
    "costAndExpenses": 969000000,
    "interestIncome": 28000000,
    "interestExpense": 37000000,
    "depreciationAndAmortization": 222000000,
    "ebitda": 888000000,
    "ebitdaratio": 0.5648854962,
    "operatingIncome": 603000000,
    "operatingIncomeRatio": 0.3835877863,
    "totalOtherIncomeExpensesNet": 26000000,
    "incomeBeforeTax": 629000000,
    "incomeBeforeTaxRatio": 0.4001272265,
    "incomeTaxExpense": 123000000,
    "netIncome": 420000000,
    "netIncomeRatio": 0.2671755725,
    "eps": 2.3,
    "epsdiluted": 2.3,
    "weightedAverageShsOut": 182700000,
    "weightedAverageShsOutDil": 182800000,
    "link": "https://www.sec.gov/Archives/edgar/data/1324404/000132440424000020/0001324404-24-000020-index.htm",
    "finalLink": "https://www.sec.gov/Archives/edgar/data/1324404/000132440424000020/cf-20240630.htm"
  },
  {
    "date": "2024-03-31",
    "symbol": "CF",
    "reportedCurrency": "USD",
    "cik": "0001324404",
    "fillingDate": "2024-05-02",
    "acceptedDate": "2024-05-02 12:41:45",
    "calendarYear": "2024",
    "period": "Q1",
    "revenue": 1470000000,
    "costOfRevenue": 1057000000,
    "grossProfit": 413000000,
    "grossProfitRatio": 0.280952381,
    "researchAndDevelopmentExpenses": 0,
    "generalAndAdministrativeExpenses": 0,
    "sellingAndMarketingExpenses": 0,
    "sellingGeneralAndAdministrativeExpenses": 88000000,
    "otherExpenses": 0,
    "operatingExpenses": 88000000,
    "costAndExpenses": 1145000000,
    "interestIncome": 30000000,
    "interestExpense": 37000000,
    "depreciationAndAmortization": 253000000,
    "ebitda": 590000000,
    "ebitdaratio": 0.4013605442,
    "operatingIncome": 325000000,
    "operatingIncomeRatio": 0.2210884354,
    "totalOtherIncomeExpensesNet": -25000000,
    "incomeBeforeTax": 300000000,
    "incomeBeforeTaxRatio": 0.2040816327,
    "incomeTaxExpense": 62000000,
    "netIncome": 194000000,
    "netIncomeRatio": 0.1319727891,
    "eps": 1.03,
    "epsdiluted": 1.03,
    "weightedAverageShsOut": 187600000,
    "weightedAverageShsOutDil": 188100000,
    "link": "https://www.sec.gov/Archives/edgar/data/1324404/000132440424000014/0001324404-24-000014-index.htm",
    "finalLink": "https://www.sec.gov/Archives/edgar/data/1324404/000132440424000014/cf-20240331.htm"
  },
  {
    "date": "2023-12-31",
    "symbol": "CF",
    "reportedCurrency": "USD",
    "cik": "0001324404",
    "fillingDate": "2024-02-22",
    "acceptedDate": "2024-02-22 16:33:13",
    "calendarYear": "2023",
    "period": "Q4",
    "revenue": 1571000000,
    "costOfRevenue": 1024000000,
    "grossProfit": 547000000,
    "grossProfitRatio": 0.3481858689,
    "researchAndDevelopmentExpenses": 0,
    "generalAndAdministrativeExpenses": 0,
    "sellingAndMarketingExpenses": 0,
    "sellingGeneralAndAdministrativeExpenses": 76000000,
    "otherExpenses": 0,
    "operatingExpenses": 76000000,
    "costAndExpenses": 1100000000,
    "interestIncome": 43000000,
    "interestExpense": 35000000,
    "depreciationAndAmortization": 229000000,
    "ebitda": 700000000,
    "ebitdaratio": 0.4455760662,
    "operatingIncome": 471000000,
    "operatingIncomeRatio": 0.2998090388,
    "totalOtherIncomeExpensesNet": -35000000,
    "incomeBeforeTax": 436000000,
    "incomeBeforeTaxRatio": 0.2775302355,
    "incomeTaxExpense": 84000000,
    "netIncome": 274000000,
    "netIncomeRatio": 0.1744112031,
    "eps": 1.44,
    "epsdiluted": 1.44,
    "weightedAverageShsOut": 190100000,
    "weightedAverageShsOutDil": 190600000,
    "link": "https://www.sec.gov/Archives/edgar/data/1324404/000132440424000008/0001324404-24-000008-index.htm",
    "finalLink": "https://www.sec.gov/Archives/edgar/data/1324404/000132440424000008/cf-20231231.htm"
  },
  {
    "date": "2023-09-30",
    "symbol": "CF",
    "reportedCurrency": "USD",
    "cik": "0001324404",
    "fillingDate": "2023-11-02",
    "acceptedDate": "2023-11-02 13:33:13",
    "calendarYear": "2023",
    "period": "Q3",
    "revenue": 1273000000,
    "costOfRevenue": 888000000,
    "grossProfit": 385000000,
    "grossProfitRatio": 0.3024351925,
    "researchAndDevelopmentExpenses": 0,
    "generalAndAdministrativeExpenses": 0,
    "sellingAndMarketingExpenses": 0,
    "sellingGeneralAndAdministrativeExpenses": 68000000,
    "otherExpenses": 0,
    "operatingExpenses": 68000000,
    "costAndExpenses": 956000000,
    "interestIncome": 45000000,
    "interestExpense": 39000000,
    "depreciationAndAmortization": 213000000,
    "ebitda": 505000000,
    "ebitdaratio": 0.396700707,
    "operatingIncome": 317000000,
    "operatingIncomeRatio": 0.2490180676,
    "totalOtherIncomeExpensesNet": -64000000,
    "incomeBeforeTax": 253000000,
    "incomeBeforeTaxRatio": 0.1987431265,
    "incomeTaxExpense": 23000000,
    "netIncome": 164000000,
    "netIncomeRatio": 0.1288295365,
    "eps": 0.85,
    "epsdiluted": 0.85,
    "weightedAverageShsOut": 192400000,
    "weightedAverageShsOutDil": 192900000,
    "link": "https://www.sec.gov/Archives/edgar/data/1324404/000132440423000025/0001324404-23-000025-index.htm",
    "finalLink": "https://www.sec.gov/Archives/edgar/data/1324404/000132440423000025/cf-20230930.htm"
  },
  {
    "date": "2023-06-30",
    "symbol": "CF",
    "reportedCurrency": "USD",
    "cik": "0001324404",
    "fillingDate": "2023-08-03",
    "acceptedDate": "2023-08-03 13:41:21",
    "calendarYear": "2023",
    "period": "Q2",
    "revenue": 1775000000,
    "costOfRevenue": 971000000,
    "grossProfit": 804000000,
    "grossProfitRatio": 0.4529577465,
    "researchAndDevelopmentExpenses": 0,
    "generalAndAdministrativeExpenses": 0,
    "sellingAndMarketingExpenses": 0,
    "sellingGeneralAndAdministrativeExpenses": 71000000,
    "otherExpenses": 0,
    "operatingExpenses": 71000000,
    "costAndExpenses": 1042000000,
    "interestIncome": 40000000,
    "interestExpense": 36000000,
    "depreciationAndAmortization": 221000000,
    "ebitda": 997000000,
    "ebitdaratio": 0.5616901408,
    "operatingIncome": 733000000,
    "operatingIncomeRatio": 0.4129577465,
    "totalOtherIncomeExpensesNet": 7000000,
    "incomeBeforeTax": 740000000,
    "incomeBeforeTaxRatio": 0.4169014085,
    "incomeTaxExpense": 134000000,
    "netIncome": 527000000,
    "netIncomeRatio": 0.2969014085,
    "eps": 2.71,
    "epsdiluted": 2.7,
    "weightedAverageShsOut": 194600000,
    "weightedAverageShsOutDil": 195000000,
    "link": "https://www.sec.gov/Archives/edgar/data/1324404/000132440423000019/0001324404-23-000019-index.htm",
    "finalLink": "https://www.sec.gov/Archives/edgar/data/1324404/000132440423000019/cf-20230630.htm"
  },
  {
    "date": "2023-03-31",
    "symbol": "CF",
    "reportedCurrency": "USD",
    "cik": "0001324404",
    "fillingDate": "2023-05-02",
    "acceptedDate": "2023-05-02 12:48:33",
    "calendarYear": "2023",
    "period": "Q1",
    "revenue": 2012000000,
    "costOfRevenue": 1103000000,
    "grossProfit": 909000000,
    "grossProfitRatio": 0.4517892644,
    "researchAndDevelopmentExpenses": 0,
    "generalAndAdministrativeExpenses": 0,
    "sellingAndMarketingExpenses": 0,
    "sellingGeneralAndAdministrativeExpenses": 74000000,
    "otherExpenses": 0,
    "operatingExpenses": 74000000,
    "costAndExpenses": 1177000000,
    "interestIncome": 30000000,
    "interestExpense": 40000000,
    "depreciationAndAmortization": 206000000,
    "ebitda": 1065000000,
    "ebitdaratio": 0.5293240557,
    "operatingIncome": 835000000,
    "operatingIncomeRatio": 0.4150099404,
    "totalOtherIncomeExpensesNet": -16000000,
    "incomeBeforeTax": 819000000,
    "incomeBeforeTaxRatio": 0.4070576541,
    "incomeTaxExpense": 169000000,
    "netIncome": 560000000,
    "netIncomeRatio": 0.2783300199,
    "eps": 2.85,
    "epsdiluted": 2.84,
    "weightedAverageShsOut": 196200000,
    "weightedAverageShsOutDil": 196900000,
    "link": "https://www.sec.gov/Archives/edgar/data/1324404/000132440423000012/0001324404-23-000012-index.htm",
    "finalLink": "https://www.sec.gov/Archives/edgar/data/1324404/000132440423000012/cf-20230331.htm"
  },
  {
    "date": "2022-12-31",
    "symbol": "CF",
    "reportedCurrency": "USD",
    "cik": "0001324404",
    "fillingDate": "2023-02-23",
    "acceptedDate": "2023-02-23 13:19:21",
    "calendarYear": "2022",
    "period": "Q4",
    "revenue": 2608000000,
    "costOfRevenue": 1262000000,
    "grossProfit": 1346000000,
    "grossProfitRatio": 0.5161042945,
    "researchAndDevelopmentExpenses": 0,
    "generalAndAdministrativeExpenses": 0,
    "sellingAndMarketingExpenses": 0,
    "sellingGeneralAndAdministrativeExpenses": 87000000,
    "otherExpenses": 0,
    "operatingExpenses": 87000000,
    "costAndExpenses": 1349000000,
    "interestIncome": 9000000,
    "interestExpense": 0,
    "depreciationAndAmortization": 195000000,
    "ebitda": 1449000000,
    "ebitdaratio": 0.5555981595,
    "operatingIncome": 1259000000,
    "operatingIncomeRatio": 0.4827453988,
    "totalOtherIncomeExpensesNet": -5000000,
    "incomeBeforeTax": 1254000000,
    "incomeBeforeTaxRatio": 0.4808282209,
    "incomeTaxExpense": 245000000,
    "netIncome": 860000000,
    "netIncomeRatio": 0.3297546012,
    "eps": 4.37,
    "epsdiluted": 4.36,
    "weightedAverageShsOut": 196600000,
    "weightedAverageShsOutDil": 197400000,
    "link": "https://www.sec.gov/Archives/edgar/data/1324404/000132440423000006/0001324404-23-000006-index.htm",
    "finalLink": "https://www.sec.gov/Archives/edgar/data/1324404/000132440423000006/cf-20221231.htm"
  },
  {
    "date": "2022-09-30",
    "symbol": "CF",
    "reportedCurrency": "USD",
    "cik": "0001324404",
    "fillingDate": "2022-11-03",
    "acceptedDate": "2022-11-03 13:47:36",
    "calendarYear": "2022",
    "period": "Q3",
    "revenue": 2321000000,
    "costOfRevenue": 1406000000,
    "grossProfit": 915000000,
    "grossProfitRatio": 0.3942266265,
    "researchAndDevelopmentExpenses": 0,
    "generalAndAdministrativeExpenses": 0,
    "sellingAndMarketingExpenses": 0,
    "sellingGeneralAndAdministrativeExpenses": 66000000,
    "otherExpenses": 0,
    "operatingExpenses": 66000000,
    "costAndExpenses": 1472000000,
    "interestIncome": 12000000,
    "interestExpense": 46000000,
    "depreciationAndAmortization": 220000000,
    "ebitda": 959000000,
    "ebitdaratio": 0.4131839724,
    "operatingIncome": 849000000,
    "operatingIncomeRatio": 0.3657906075,
    "totalOtherIncomeExpensesNet": -156000000,
    "incomeBeforeTax": 693000000,
    "incomeBeforeTaxRatio": 0.2985781991,
    "incomeTaxExpense": 155000000,
    "netIncome": 438000000,
    "netIncomeRatio": 0.1887117622,
    "eps": 2.19,
    "epsdiluted": 2.18,
    "weightedAverageShsOut": 200200000,
    "weightedAverageShsOutDil": 200900000,
    "link": "https://www.sec.gov/Archives/edgar/data/1324404/000132440422000028/0001324404-22-000028-index.htm",
    "finalLink": "https://www.sec.gov/Archives/edgar/data/1324404/000132440422000028/cf-20220930.htm"
  },
  {
    "date": "2022-06-30",
    "symbol": "CF",
    "reportedCurrency": "USD",
    "cik": "0001324404",
    "fillingDate": "2022-08-02",
    "acceptedDate": "2022-08-02 13:21:20",
    "calendarYear": "2022",
    "period": "Q2",
    "revenue": 3389000000,
    "costOfRevenue": 1406000000,
    "grossProfit": 1983000000,
    "grossProfitRatio": 0.5851283564,
    "researchAndDevelopmentExpenses": 0,
    "generalAndAdministrativeExpenses": 0,
    "sellingAndMarketingExpenses": 0,
    "sellingGeneralAndAdministrativeExpenses": 73000000,
    "otherExpenses": 0,
    "operatingExpenses": 73000000,
    "costAndExpenses": 1479000000,
    "interestIncome": 8000000,
    "interestExpense": 82000000,
    "depreciationAndAmortization": 220000000,
    "ebitda": 1998000000,
    "ebitdaratio": 0.5895544408,
    "operatingIncome": 1910000000,
    "operatingIncomeRatio": 0.5635880791,
    "totalOtherIncomeExpensesNet": -214000000,
    "incomeBeforeTax": 1696000000,
    "incomeBeforeTaxRatio": 0.5004426084,
    "incomeTaxExpense": 357000000,
    "netIncome": 1165000000,
    "netIncomeRatio": 0.343759221,
    "eps": 5.59,
    "epsdiluted": 5.58,
    "weightedAverageShsOut": 208200000,
    "weightedAverageShsOutDil": 208900000,
    "link": "https://www.sec.gov/Archives/edgar/data/1324404/000132440422000022/0001324404-22-000022-index.htm",
    "finalLink": "https://www.sec.gov/Archives/edgar/data/1324404/000132440422000022/cf-20220630.htm"
  },
  {
    "date": "2022-03-31",
    "symbol": "CF",
    "reportedCurrency": "USD",
    "cik": "0001324404",
    "fillingDate": "2022-05-05",
    "acceptedDate": "2022-05-05 13:50:43",
    "calendarYear": "2022",
    "period": "Q1",
    "revenue": 2868000000,
    "costOfRevenue": 1220000000,
    "grossProfit": 1648000000,
    "grossProfitRatio": 0.5746164575,
    "researchAndDevelopmentExpenses": 0,
    "generalAndAdministrativeExpenses": 0,
    "sellingAndMarketingExpenses": 0,
    "sellingGeneralAndAdministrativeExpenses": 64000000,
    "otherExpenses": 0,
    "operatingExpenses": 64000000,
    "costAndExpenses": 1284000000,
    "interestIncome": 36000000,
    "interestExpense": 241000000,
    "depreciationAndAmortization": 206000000,
    "ebitda": 1899000000,
    "ebitdaratio": 0.6621338912,
    "operatingIncome": 1584000000,
    "operatingIncomeRatio": 0.5523012552,
    "totalOtherIncomeExpensesNet": -132000000,
    "incomeBeforeTax": 1452000000,
    "incomeBeforeTaxRatio": 0.5062761506,
    "incomeTaxExpense": 401000000,
    "netIncome": 883000000,
    "netIncomeRatio": 0.3078800558,
    "eps": 4.23,
    "epsdiluted": 4.21,
    "weightedAverageShsOut": 208600000,
    "weightedAverageShsOutDil": 209900000,
    "link": "https://www.sec.gov/Archives/edgar/data/1324404/000132440422000016/0001324404-22-000016-index.htm",
    "finalLink": "https://www.sec.gov/Archives/edgar/data/1324404/000132440422000016/cf-20220331.htm"
  },
  {
    "date": "2021-12-31",
    "symbol": "CF",
    "reportedCurrency": "USD",
    "cik": "0001324404",
    "fillingDate": "2022-02-24",
    "acceptedDate": "2022-02-24 17:00:33",
    "calendarYear": "2021",
    "period": "Q4",
    "revenue": 2540000000,
    "costOfRevenue": 1428000000,
    "grossProfit": 1112000000,
    "grossProfitRatio": 0.4377952756,
    "researchAndDevelopmentExpenses": 0,
    "generalAndAdministrativeExpenses": 0,
    "sellingAndMarketingExpenses": 0,
    "sellingGeneralAndAdministrativeExpenses": 56000000,
    "otherExpenses": 0,
    "operatingExpenses": 56000000,
    "costAndExpenses": 1484000000,
    "interestIncome": 1000000,
    "interestExpense": 44000000,
    "depreciationAndAmortization": 236000000,
    "ebitda": 1365000000,
    "ebitdaratio": 0.5374015748,
    "operatingIncome": 1056000000,
    "operatingIncomeRatio": 0.4157480315,
    "totalOtherIncomeExpensesNet": 29000000,
    "incomeBeforeTax": 1085000000,
    "incomeBeforeTaxRatio": 0.4271653543,
    "incomeTaxExpense": 226000000,
    "netIncome": 705000000,
    "netIncomeRatio": 0.2775590551,
    "eps": 3.29,
    "epsdiluted": 3.27,
    "weightedAverageShsOut": 214000000,
    "weightedAverageShsOutDil": 215500000,
    "link": "https://www.sec.gov/Archives/edgar/data/1324404/000132440422000008/0001324404-22-000008-index.htm",
    "finalLink": "https://www.sec.gov/Archives/edgar/data/1324404/000132440422000008/cf-20211231.htm"
  },
  {
    "date": "2021-09-30",
    "symbol": "CF",
    "reportedCurrency": "USD",
    "cik": "0001324404",
    "fillingDate": "2021-11-05",
    "acceptedDate": "2021-11-05 15:31:50",
    "calendarYear": "2021",
    "period": "Q3",
    "revenue": 1362000000,
    "costOfRevenue": 934000000,
    "grossProfit": 428000000,
    "grossProfitRatio": 0.3142437592,
    "researchAndDevelopmentExpenses": 0,
    "generalAndAdministrativeExpenses": 0,
    "sellingAndMarketingExpenses": 0,
    "sellingGeneralAndAdministrativeExpenses": 52000000,
    "otherExpenses": 0,
    "operatingExpenses": 52000000,
    "costAndExpenses": 986000000,
    "interestIncome": 0,
    "interestExpense": 46000000,
    "depreciationAndAmortization": 200000000,
    "ebitda": 109000000,
    "ebitdaratio": 0.0800293686,
    "operatingIncome": 376000000,
    "operatingIncomeRatio": 0.2760646109,
    "totalOtherIncomeExpensesNet": -513000000,
    "incomeBeforeTax": -137000000,
    "incomeBeforeTaxRatio": -0.1005873715,
    "incomeTaxExpense": -46000000,
    "netIncome": -185000000,
    "netIncomeRatio": -0.1358296623,
    "eps": -0.86,
    "epsdiluted": -0.86,
    "weightedAverageShsOut": 214900000,
    "weightedAverageShsOutDil": 214900000,
    "link": "https://www.sec.gov/Archives/edgar/data/1324404/000132440421000032/0001324404-21-000032-index.htm",
    "finalLink": "https://www.sec.gov/Archives/edgar/data/1324404/000132440421000032/cf-20210930.htm"
  },
  {
    "date": "2021-06-30",
    "symbol": "CF",
    "reportedCurrency": "USD",
    "cik": "0001324404",
    "fillingDate": "2021-08-09",
    "acceptedDate": "2021-08-09 16:35:17",
    "calendarYear": "2021",
    "period": "Q2",
    "revenue": 1588000000,
    "costOfRevenue": 1085000000,
    "grossProfit": 503000000,
    "grossProfitRatio": 0.3167506297,
    "researchAndDevelopmentExpenses": 0,
    "generalAndAdministrativeExpenses": 0,
    "sellingAndMarketingExpenses": 0,
    "sellingGeneralAndAdministrativeExpenses": 60000000,
    "otherExpenses": 0,
    "operatingExpenses": 60000000,
    "costAndExpenses": 1145000000,
    "interestIncome": 0,
    "interestExpense": 46000000,
    "depreciationAndAmortization": 241000000,
    "ebitda": 689000000,
    "ebitdaratio": 0.4338790932,
    "operatingIncome": 443000000,
    "operatingIncomeRatio": 0.2789672544,
    "totalOtherIncomeExpensesNet": -41000000,
    "incomeBeforeTax": 402000000,
    "incomeBeforeTaxRatio": 0.2531486146,
    "incomeTaxExpense": 85000000,
    "netIncome": 246000000,
    "netIncomeRatio": 0.1549118388,
    "eps": 1.14,
    "epsdiluted": 1.14,
    "weightedAverageShsOut": 215500000,
    "weightedAverageShsOutDil": 216600000,
    "link": "https://www.sec.gov/Archives/edgar/data/1324404/000132440421000021/0001324404-21-000021-index.htm",
    "finalLink": "https://www.sec.gov/Archives/edgar/data/1324404/000132440421000021/cf-20210630.htm"
  },
  {
    "date": "2021-03-31",
    "symbol": "CF",
    "reportedCurrency": "USD",
    "cik": "0001324404",
    "fillingDate": "2021-05-06",
    "acceptedDate": "2021-05-06 12:21:13",
    "calendarYear": "2021",
    "period": "Q1",
    "revenue": 1048000000,
    "costOfRevenue": 874000000,
    "grossProfit": 174000000,
    "grossProfitRatio": 0.1660305344,
    "researchAndDevelopmentExpenses": 0,
    "generalAndAdministrativeExpenses": 0,
    "sellingAndMarketingExpenses": 0,
    "sellingGeneralAndAdministrativeExpenses": 55000000,
    "otherExpenses": 0,
    "operatingExpenses": 55000000,
    "costAndExpenses": 929000000,
    "interestIncome": 0,
    "interestExpense": 48000000,
    "depreciationAndAmortization": 202000000,
    "ebitda": 443000000,
    "ebitdaratio": 0.4227099237,
    "operatingIncome": 119000000,
    "operatingIncomeRatio": 0.1135496183,
    "totalOtherIncomeExpensesNet": 74000000,
    "incomeBeforeTax": 193000000,
    "incomeBeforeTaxRatio": 0.1841603053,
    "incomeTaxExpense": 18000000,
    "netIncome": 151000000,
    "netIncomeRatio": 0.1440839695,
    "eps": 0.7,
    "epsdiluted": 0.7,
    "weightedAverageShsOut": 214900000,
    "weightedAverageShsOutDil": 216000000,
    "link": "https://www.sec.gov/Archives/edgar/data/1324404/000132440421000015/0001324404-21-000015-index.htm",
    "finalLink": "https://www.sec.gov/Archives/edgar/data/1324404/000132440421000015/cf-20210331.htm"
  },
  {
    "date": "2020-12-31",
    "symbol": "CF",
    "reportedCurrency": "USD",
    "cik": "0001324404",
    "fillingDate": "2021-02-24",
    "acceptedDate": "2021-02-24 16:34:24",
    "calendarYear": "2020",
    "period": "Q4",
    "revenue": 1102000000,
    "costOfRevenue": 916000000,
    "grossProfit": 186000000,
    "grossProfitRatio": 0.168784029,
    "researchAndDevelopmentExpenses": 0,
    "generalAndAdministrativeExpenses": 0,
    "sellingAndMarketingExpenses": 0,
    "sellingGeneralAndAdministrativeExpenses": 52000000,
    "otherExpenses": 0,
    "operatingExpenses": 52000000,
    "costAndExpenses": 968000000,
    "interestIncome": 0,
    "interestExpense": 38000000,
    "depreciationAndAmortization": 228000000,
    "ebitda": 383000000,
    "ebitdaratio": 0.3475499093,
    "operatingIncome": 134000000,
    "operatingIncomeRatio": 0.1215970962,
    "totalOtherIncomeExpensesNet": -17000000,
    "incomeBeforeTax": 117000000,
    "incomeBeforeTaxRatio": 0.1061705989,
    "incomeTaxExpense": -2000000,
    "netIncome": 87000000,
    "netIncomeRatio": 0.0789473684,
    "eps": 0.4,
    "epsdiluted": 0.4,
    "weightedAverageShsOut": 214500000,
    "weightedAverageShsOutDil": 214900000,
    "link": "https://www.sec.gov/Archives/edgar/data/1324404/000132440421000008/0001324404-21-000008-index.htm",
    "finalLink": "https://www.sec.gov/Archives/edgar/data/1324404/000132440421000008/cf-20201231.htm"
  },
  {
    "date": "2020-09-30",
    "symbol": "CF",
    "reportedCurrency": "USD",
    "cik": "0001324404",
    "fillingDate": "2020-11-05",
    "acceptedDate": "2020-11-05 13:19:54",
    "calendarYear": "2020",
    "period": "Q3",
    "revenue": 847000000,
    "costOfRevenue": 753000000,
    "grossProfit": 94000000,
    "grossProfitRatio": 0.1109799292,
    "researchAndDevelopmentExpenses": 0,
    "generalAndAdministrativeExpenses": 0,
    "sellingAndMarketingExpenses": 0,
    "sellingGeneralAndAdministrativeExpenses": 49000000,
    "otherExpenses": 0,
    "operatingExpenses": 49000000,
    "costAndExpenses": 802000000,
    "interestIncome": 0,
    "interestExpense": 48000000,
    "depreciationAndAmortization": 209000000,
    "ebitda": 248000000,
    "ebitdaratio": 0.292798111,
    "operatingIncome": 45000000,
    "operatingIncomeRatio": 0.0531286895,
    "totalOtherIncomeExpensesNet": -54000000,
    "incomeBeforeTax": -9000000,
    "incomeBeforeTaxRatio": -0.0106257379,
    "incomeTaxExpense": -13000000,
    "netIncome": -28000000,
    "netIncomeRatio": -0.0330578512,
    "eps": -0.13,
    "epsdiluted": -0.13,
    "weightedAverageShsOut": 213900000,
    "weightedAverageShsOutDil": 213900000,
    "link": "https://www.sec.gov/Archives/edgar/data/1324404/000132440420000025/0001324404-20-000025-index.htm",
    "finalLink": "https://www.sec.gov/Archives/edgar/data/1324404/000132440420000025/cf-20200930.htm"
  },
  {
    "date": "2020-06-30",
    "symbol": "CF",
    "reportedCurrency": "USD",
    "cik": "0001324404",
    "fillingDate": "2020-08-06",
    "acceptedDate": "2020-08-06 13:10:41",
    "calendarYear": "2020",
    "period": "Q2",
    "revenue": 1204000000,
    "costOfRevenue": 870000000,
    "grossProfit": 334000000,
    "grossProfitRatio": 0.2774086379,
    "researchAndDevelopmentExpenses": 0,
    "generalAndAdministrativeExpenses": 0,
    "sellingAndMarketingExpenses": 0,
    "sellingGeneralAndAdministrativeExpenses": 51000000,
    "otherExpenses": 0,
    "operatingExpenses": 51000000,
    "costAndExpenses": 921000000,
    "interestIncome": 17000000,
    "interestExpense": 49000000,
    "depreciationAndAmortization": 237000000,
    "ebitda": 537000000,
    "ebitdaratio": 0.446013289,
    "operatingIncome": 283000000,
    "operatingIncomeRatio": 0.2350498339,
    "totalOtherIncomeExpensesNet": -32000000,
    "incomeBeforeTax": 251000000,
    "incomeBeforeTaxRatio": 0.2084717608,
    "incomeTaxExpense": 33000000,
    "netIncome": 190000000,
    "netIncomeRatio": 0.157807309,
    "eps": 0.89,
    "epsdiluted": 0.89,
    "weightedAverageShsOut": 214500000,
    "weightedAverageShsOutDil": 214600000,
    "link": "https://www.sec.gov/Archives/edgar/data/1324404/000132440420000019/0001324404-20-000019-index.htm",
    "finalLink": "https://www.sec.gov/Archives/edgar/data/1324404/000132440420000019/cf-20200630.htm"
  },
  {
    "date": "2020-03-31",
    "symbol": "CF",
    "reportedCurrency": "USD",
    "cik": "0001324404",
    "fillingDate": "2020-05-07",
    "acceptedDate": "2020-05-07 13:20:57",
    "calendarYear": "2020",
    "period": "Q1",
    "revenue": 971000000,
    "costOfRevenue": 779000000,
    "grossProfit": 192000000,
    "grossProfitRatio": 0.1977342945,
    "researchAndDevelopmentExpenses": 0,
    "generalAndAdministrativeExpenses": 0,
    "sellingAndMarketingExpenses": 0,
    "sellingGeneralAndAdministrativeExpenses": 54000000,
    "otherExpenses": 0,
    "operatingExpenses": 54000000,
    "costAndExpenses": 833000000,
    "interestIncome": 1000000,
    "interestExpense": 44000000,
    "depreciationAndAmortization": 210000000,
    "ebitda": 358000000,
    "ebitdaratio": 0.36869207,
    "operatingIncome": 138000000,
    "operatingIncomeRatio": 0.1421215242,
    "totalOtherIncomeExpensesNet": -34000000,
    "incomeBeforeTax": 104000000,
    "incomeBeforeTaxRatio": 0.1071060762,
    "incomeTaxExpense": 13000000,
    "netIncome": 68000000,
    "netIncomeRatio": 0.070030896,
    "eps": 0.31,
    "epsdiluted": 0.31,
    "weightedAverageShsOut": 216000000,
    "weightedAverageShsOutDil": 216600000,
    "link": "https://www.sec.gov/Archives/edgar/data/1324404/000132440420000013/0001324404-20-000013-index.htm",
    "finalLink": "https://www.sec.gov/Archives/edgar/data/1324404/000132440420000013/cf-03312020x10q.htm"
  },
  {
    "date": "2019-12-31",
    "symbol": "CF",
    "reportedCurrency": "USD",
    "cik": "0001324404",
    "fillingDate": "2020-02-24",
    "acceptedDate": "2020-02-24 15:15:28",
    "calendarYear": "2019",
    "period": "Q4",
    "revenue": 1049000000,
    "costOfRevenue": 811000000,
    "grossProfit": 238000000,
    "grossProfitRatio": 0.2268827455,
    "researchAndDevelopmentExpenses": 0,
    "generalAndAdministrativeExpenses": 0,
    "sellingAndMarketingExpenses": 0,
    "sellingGeneralAndAdministrativeExpenses": 63000000,
    "otherExpenses": 0,
    "operatingExpenses": 63000000,
    "costAndExpenses": 874000000,
    "interestIncome": 8000000,
    "interestExpense": 55000000,
    "depreciationAndAmortization": 212000000,
    "ebitda": 374000000,
    "ebitdaratio": 0.3565300286,
    "operatingIncome": 175000000,
    "operatingIncomeRatio": 0.1668255481,
    "totalOtherIncomeExpensesNet": -68000000,
    "incomeBeforeTax": 107000000,
    "incomeBeforeTaxRatio": 0.1020019066,
    "incomeTaxExpense": 13000000,
    "netIncome": 55000000,
    "netIncomeRatio": 0.0524308866,
    "eps": 0.26,
    "epsdiluted": 0.25,
    "weightedAverageShsOut": 217500000,
    "weightedAverageShsOutDil": 219000000,
    "link": "https://www.sec.gov/Archives/edgar/data/1324404/000132440420000006/0001324404-20-000006-index.htm",
    "finalLink": "https://www.sec.gov/Archives/edgar/data/1324404/000132440420000006/cf-12312019x10k.htm"
  },
  {
    "date": "2019-09-30",
    "symbol": "CF",
    "reportedCurrency": "USD",
    "cik": "0001324404",
    "fillingDate": "2019-10-31",
    "acceptedDate": "2019-10-31 12:42:13",
    "calendarYear": "2019",
    "period": "Q3",
    "revenue": 1038000000,
    "costOfRevenue": 808000000,
    "grossProfit": 230000000,
    "grossProfitRatio": 0.2215799615,
    "researchAndDevelopmentExpenses": 0,
    "generalAndAdministrativeExpenses": 0,
    "sellingAndMarketingExpenses": 0,
    "sellingGeneralAndAdministrativeExpenses": 56000000,
    "otherExpenses": 0,
    "operatingExpenses": 56000000,
    "costAndExpenses": 864000000,
    "interestIncome": 4000000,
    "interestExpense": 63000000,
    "depreciationAndAmortization": 220000000,
    "ebitda": 416000000,
    "ebitdaratio": 0.4007707129,
    "operatingIncome": 174000000,
    "operatingIncomeRatio": 0.1676300578,
    "totalOtherIncomeExpensesNet": -41000000,
    "incomeBeforeTax": 133000000,
    "incomeBeforeTaxRatio": 0.1281310212,
    "incomeTaxExpense": 19000000,
    "netIncome": 65000000,
    "netIncomeRatio": 0.0626204239,
    "eps": 0.29,
    "epsdiluted": 0.29,
    "weightedAverageShsOut": 219000000,
    "weightedAverageShsOutDil": 220700000,
    "link": "https://www.sec.gov/Archives/edgar/data/1324404/000132440419000023/0001324404-19-000023-index.htm",
    "finalLink": "https://www.sec.gov/Archives/edgar/data/1324404/000132440419000023/cf-09302019x10q.htm"
  },
  {
    "date": "2019-06-30",
    "symbol": "CF",
    "reportedCurrency": "USD",
    "cik": "0001324404",
    "fillingDate": "2019-08-01",
    "acceptedDate": "2019-08-01 14:24:33",
    "calendarYear": "2019",
    "period": "Q2",
    "revenue": 1502000000,
    "costOfRevenue": 1004000000,
    "grossProfit": 498000000,
    "grossProfitRatio": 0.3315579228,
    "researchAndDevelopmentExpenses": 0,
    "generalAndAdministrativeExpenses": 0,
    "sellingAndMarketingExpenses": 0,
    "sellingGeneralAndAdministrativeExpenses": 62000000,
    "otherExpenses": 0,
    "operatingExpenses": 62000000,
    "costAndExpenses": 1066000000,
    "interestIncome": 4000000,
    "interestExpense": 59000000,
    "depreciationAndAmortization": 249000000,
    "ebitda": 730000000,
    "ebitdaratio": 0.4860186418,
    "operatingIncome": 436000000,
    "operatingIncomeRatio": 0.2902796272,
    "totalOtherIncomeExpensesNet": -14000000,
    "incomeBeforeTax": 422000000,
    "incomeBeforeTaxRatio": 0.2809587217,
    "incomeTaxExpense": 102000000,
    "netIncome": 283000000,
    "netIncomeRatio": 0.1884154461,
    "eps": 1.28,
    "epsdiluted": 1.28,
    "weightedAverageShsOut": 221100000,
    "weightedAverageShsOutDil": 222300000,
    "link": "https://www.sec.gov/Archives/edgar/data/1324404/000132440419000018/0001324404-19-000018-index.htm",
    "finalLink": "https://www.sec.gov/Archives/edgar/data/1324404/000132440419000018/cf-06302019x10q.htm"
  },
  {
    "date": "2019-03-31",
    "symbol": "CF",
    "reportedCurrency": "USD",
    "cik": "0001324404",
    "fillingDate": "2019-05-02",
    "acceptedDate": "2019-05-02 14:49:24",
    "calendarYear": "2019",
    "period": "Q1",
    "revenue": 1001000000,
    "costOfRevenue": 779000000,
    "grossProfit": 222000000,
    "grossProfitRatio": 0.2217782218,
    "researchAndDevelopmentExpenses": 0,
    "generalAndAdministrativeExpenses": 0,
    "sellingAndMarketingExpenses": 0,
    "sellingGeneralAndAdministrativeExpenses": 58000000,
    "otherExpenses": 0,
    "operatingExpenses": 58000000,
    "costAndExpenses": 837000000,
    "interestIncome": 4000000,
    "interestExpense": 60000000,
    "depreciationAndAmortization": 185000000,
    "ebitda": 355000000,
    "ebitdaratio": 0.3546453546,
    "operatingIncome": 164000000,
    "operatingIncomeRatio": 0.1638361638,
    "totalOtherIncomeExpensesNet": -54000000,
    "incomeBeforeTax": 110000000,
    "incomeBeforeTaxRatio": 0.1098901099,
    "incomeTaxExpense": -8000000,
    "netIncome": 90000000,
    "netIncomeRatio": 0.0899100899,
    "eps": 0.4,
    "epsdiluted": 0.4,
    "weightedAverageShsOut": 223400000,
    "weightedAverageShsOutDil": 224600000,
    "link": "https://www.sec.gov/Archives/edgar/data/1324404/000132440419000012/0001324404-19-000012-index.htm",
    "finalLink": "https://www.sec.gov/Archives/edgar/data/1324404/000132440419000012/cf-03312019x10q.htm"
  },
  {
    "date": "2018-12-31",
    "symbol": "CF",
    "reportedCurrency": "USD",
    "cik": "0001324404",
    "fillingDate": "2019-02-22",
    "acceptedDate": "2019-02-22 14:31:40",
    "calendarYear": "2018",
    "period": "Q4",
    "revenue": 1132000000,
    "costOfRevenue": 897000000,
    "grossProfit": 235000000,
    "grossProfitRatio": 0.2075971731,
    "researchAndDevelopmentExpenses": 0,
    "generalAndAdministrativeExpenses": 0,
    "sellingAndMarketingExpenses": 0,
    "sellingGeneralAndAdministrativeExpenses": 51000000,
    "otherExpenses": 0,
    "operatingExpenses": 51000000,
    "costAndExpenses": 948000000,
    "interestIncome": 4000000,
    "interestExpense": 61000000,
    "depreciationAndAmortization": 218000000,
    "ebitda": 420000000,
    "ebitdaratio": 0.371024735,
    "operatingIncome": 184000000,
    "operatingIncomeRatio": 0.1625441696,
    "totalOtherIncomeExpensesNet": -43000000,
    "incomeBeforeTax": 141000000,
    "incomeBeforeTaxRatio": 0.1245583039,
    "incomeTaxExpense": 46000000,
    "netIncome": 49000000,
    "netIncomeRatio": 0.0432862191,
    "eps": 0.21,
    "epsdiluted": 0.21,
    "weightedAverageShsOut": 229100000,
    "weightedAverageShsOutDil": 230600000,
    "link": "https://www.sec.gov/Archives/edgar/data/1324404/000132440419000006/0001324404-19-000006-index.htm",
    "finalLink": "https://www.sec.gov/Archives/edgar/data/1324404/000132440419000006/cf-12312018x10k.htm"
  },
  {
    "date": "2018-09-30",
    "symbol": "CF",
    "reportedCurrency": "USD",
    "cik": "0001324404",
    "fillingDate": "2018-11-01",
    "acceptedDate": "2018-11-01 12:53:27",
    "calendarYear": "2018",
    "period": "Q3",
    "revenue": 1040000000,
    "costOfRevenue": 867000000,
    "grossProfit": 173000000,
    "grossProfitRatio": 0.1663461538,
    "researchAndDevelopmentExpenses": 0,
    "generalAndAdministrativeExpenses": 0,
    "sellingAndMarketingExpenses": 0,
    "sellingGeneralAndAdministrativeExpenses": 53000000,
    "otherExpenses": 0,
    "operatingExpenses": 53000000,
    "costAndExpenses": 920000000,
    "interestIncome": 4000000,
    "interestExpense": 59000000,
    "depreciationAndAmortization": 228000000,
    "ebitda": 370000000,
    "ebitdaratio": 0.3557692308,
    "operatingIncome": 120000000,
    "operatingIncomeRatio": 0.1153846154,
    "totalOtherIncomeExpensesNet": -37000000,
    "incomeBeforeTax": 83000000,
    "incomeBeforeTaxRatio": 0.0798076923,
    "incomeTaxExpense": 12000000,
    "netIncome": 30000000,
    "netIncomeRatio": 0.0288461538,
    "eps": 0.13,
    "epsdiluted": 0.13,
    "weightedAverageShsOut": 233500000,
    "weightedAverageShsOutDil": 235200000,
    "link": "https://www.sec.gov/Archives/edgar/data/1324404/000132440418000026/0001324404-18-000026-index.htm",
    "finalLink": "https://www.sec.gov/Archives/edgar/data/1324404/000132440418000026/cf-09302018x10q.htm"
  },
  {
    "date": "2018-06-30",
    "symbol": "CF",
    "reportedCurrency": "USD",
    "cik": "0001324404",
    "fillingDate": "2018-08-02",
    "acceptedDate": "2018-08-02 12:38:37",
    "calendarYear": "2018",
    "period": "Q2",
    "revenue": 1300000000,
    "costOfRevenue": 990000000,
    "grossProfit": 310000000,
    "grossProfitRatio": 0.2384615385,
    "researchAndDevelopmentExpenses": 0,
    "generalAndAdministrativeExpenses": 0,
    "sellingAndMarketingExpenses": 0,
    "sellingGeneralAndAdministrativeExpenses": 53000000,
    "otherExpenses": 0,
    "operatingExpenses": 53000000,
    "costAndExpenses": 1043000000,
    "interestIncome": 2000000,
    "interestExpense": 61000000,
    "depreciationAndAmortization": 239000000,
    "ebitda": 518000000,
    "ebitdaratio": 0.3984615385,
    "operatingIncome": 257000000,
    "operatingIncomeRatio": 0.1976923077,
    "totalOtherIncomeExpensesNet": -39000000,
    "incomeBeforeTax": 218000000,
    "incomeBeforeTaxRatio": 0.1676923077,
    "incomeTaxExpense": 44000000,
    "netIncome": 148000000,
    "netIncomeRatio": 0.1138461538,
    "eps": 0.63,
    "epsdiluted": 0.63,
    "weightedAverageShsOut": 234000000,
    "weightedAverageShsOutDil": 234900000,
    "link": "https://www.sec.gov/Archives/edgar/data/1324404/000132440418000019/0001324404-18-000019-index.htm",
    "finalLink": "https://www.sec.gov/Archives/edgar/data/1324404/000132440418000019/cf-06302018x10q.htm"
  },
  {
    "date": "2018-03-31",
    "symbol": "CF",
    "reportedCurrency": "USD",
    "cik": "0001324404",
    "fillingDate": "2018-05-03",
    "acceptedDate": "2018-05-03 13:32:22",
    "calendarYear": "2018",
    "period": "Q1",
    "revenue": 957000000,
    "costOfRevenue": 769000000,
    "grossProfit": 188000000,
    "grossProfitRatio": 0.1964472309,
    "researchAndDevelopmentExpenses": 0,
    "generalAndAdministrativeExpenses": 0,
    "sellingAndMarketingExpenses": 0,
    "sellingGeneralAndAdministrativeExpenses": 57000000,
    "otherExpenses": 0,
    "operatingExpenses": 55000000,
    "costAndExpenses": 824000000,
    "interestIncome": 3000000,
    "interestExpense": 60000000,
    "depreciationAndAmortization": 187000000,
    "ebitda": 352000000,
    "ebitdaratio": 0.367816092,
    "operatingIncome": 133000000,
    "operatingIncomeRatio": 0.1389759666,
    "totalOtherIncomeExpensesNet": -28000000,
    "incomeBeforeTax": 105000000,
    "incomeBeforeTaxRatio": 0.1097178683,
    "incomeTaxExpense": 17000000,
    "netIncome": 63000000,
    "netIncomeRatio": 0.065830721,
    "eps": 0.27,
    "epsdiluted": 0.27,
    "weightedAverageShsOut": 233900000,
    "weightedAverageShsOutDil": 234800000,
    "link": "https://www.sec.gov/Archives/edgar/data/1324404/000132440418000013/0001324404-18-000013-index.htm",
    "finalLink": "https://www.sec.gov/Archives/edgar/data/1324404/000132440418000013/cf-03312018x10q.htm"
  },
  {
    "date": "2017-12-31",
    "symbol": "CF",
    "reportedCurrency": "USD",
    "cik": "0001324404",
    "fillingDate": "2018-02-22",
    "acceptedDate": "2018-02-22 12:38:53",
    "calendarYear": "2017",
    "period": "Q4",
    "revenue": 1099000000,
    "costOfRevenue": 946000000,
    "grossProfit": 153000000,
    "grossProfitRatio": 0.1392174704,
    "researchAndDevelopmentExpenses": 0,
    "generalAndAdministrativeExpenses": 0,
    "sellingAndMarketingExpenses": 0,
    "sellingGeneralAndAdministrativeExpenses": 52000000,
    "otherExpenses": 0,
    "operatingExpenses": 52000000,
    "costAndExpenses": 998000000,
    "interestIncome": 4000000,
    "interestExpense": 74000000,
    "depreciationAndAmortization": 228000000,
    "ebitda": 285000000,
    "ebitdaratio": 0.2593266606,
    "operatingIncome": 101000000,
    "operatingIncomeRatio": 0.0919017288,
    "totalOtherIncomeExpensesNet": -118000000,
    "incomeBeforeTax": -17000000,
    "incomeBeforeTaxRatio": -0.0154686078,
    "incomeTaxExpense": -520000000,
    "netIncome": 465000000,
    "netIncomeRatio": 0.4231119199,
    "eps": 1.99,
    "epsdiluted": 1.98,
    "weightedAverageShsOut": 233500000,
    "weightedAverageShsOutDil": 234100000,
    "link": "https://www.sec.gov/Archives/edgar/data/1324404/000132440418000006/0001324404-18-000006-index.htm",
    "finalLink": "https://www.sec.gov/Archives/edgar/data/1324404/000132440418000006/cf-12312017x10k.htm"
  },
  {
    "date": "2017-09-30",
    "symbol": "CF",
    "reportedCurrency": "USD",
    "cik": "0001324404",
    "fillingDate": "2017-11-02",
    "acceptedDate": "2017-11-02 13:32:59",
    "calendarYear": "2017",
    "period": "Q3",
    "revenue": 870000000,
    "costOfRevenue": 855000000,
    "grossProfit": 15000000,
    "grossProfitRatio": 0.0172413793,
    "researchAndDevelopmentExpenses": 0,
    "generalAndAdministrativeExpenses": 0,
    "sellingAndMarketingExpenses": 0,
    "sellingGeneralAndAdministrativeExpenses": 45000000,
    "otherExpenses": 0,
    "operatingExpenses": 45000000,
    "costAndExpenses": 900000000,
    "interestIncome": 5000000,
    "interestExpense": 81000000,
    "depreciationAndAmortization": 219000000,
    "ebitda": 185000000,
    "ebitdaratio": 0.2126436782,
    "operatingIncome": -30000000,
    "operatingIncomeRatio": -0.0344827586,
    "totalOtherIncomeExpensesNet": -85000000,
    "incomeBeforeTax": -115000000,
    "incomeBeforeTaxRatio": -0.132183908,
    "incomeTaxExpense": -47000000,
    "netIncome": -87000000,
    "netIncomeRatio": -0.1,
    "eps": -0.37,
    "epsdiluted": -0.37,
    "weightedAverageShsOut": 233200000,
    "weightedAverageShsOutDil": 233200000,
    "link": "https://www.sec.gov/Archives/edgar/data/1324404/000132440417000025/0001324404-17-000025-index.htm",
    "finalLink": "https://www.sec.gov/Archives/edgar/data/1324404/000132440417000025/cf-09302017x10q.htm"
  },
  {
    "date": "2017-06-30",
    "symbol": "CF",
    "reportedCurrency": "USD",
    "cik": "0001324404",
    "fillingDate": "2017-08-03",
    "acceptedDate": "2017-08-03 11:45:43",
    "calendarYear": "2017",
    "period": "Q2",
    "revenue": 1124000000,
    "costOfRevenue": 931000000,
    "grossProfit": 193000000,
    "grossProfitRatio": 0.1717081851,
    "researchAndDevelopmentExpenses": 0,
    "generalAndAdministrativeExpenses": 0,
    "sellingAndMarketingExpenses": 0,
    "sellingGeneralAndAdministrativeExpenses": 49000000,
    "otherExpenses": 0,
    "operatingExpenses": 49000000,
    "costAndExpenses": 980000000,
    "interestIncome": 2000000,
    "interestExpense": 80000000,
    "depreciationAndAmortization": 211000000,
    "ebitda": 320000000,
    "ebitdaratio": 0.2846975089,
    "operatingIncome": 144000000,
    "operatingIncomeRatio": 0.128113879,
    "totalOtherIncomeExpensesNet": -115000000,
    "incomeBeforeTax": 29000000,
    "incomeBeforeTaxRatio": 0.0258007117,
    "incomeTaxExpense": 5000000,
    "netIncome": 3000000,
    "netIncomeRatio": 0.0026690391,
    "eps": 0.01,
    "epsdiluted": 0.01,
    "weightedAverageShsOut": 233500000,
    "weightedAverageShsOutDil": 233700000,
    "link": "https://www.sec.gov/Archives/edgar/data/1324404/000132440417000019/0001324404-17-000019-index.htm",
    "finalLink": "https://www.sec.gov/Archives/edgar/data/1324404/000132440417000019/cf-06302017x10q.htm"
  },
  {
    "date": "2017-03-31",
    "symbol": "CF",
    "reportedCurrency": "USD",
    "cik": "0001324404",
    "fillingDate": "2017-05-04",
    "acceptedDate": "2017-05-04 11:09:12",
    "calendarYear": "2017",
    "period": "Q1",
    "revenue": 1037000000,
    "costOfRevenue": 879000000,
    "grossProfit": 158000000,
    "grossProfitRatio": 0.1523625844,
    "researchAndDevelopmentExpenses": 0,
    "generalAndAdministrativeExpenses": 0,
    "sellingAndMarketingExpenses": 0,
    "sellingGeneralAndAdministrativeExpenses": 46000000,
    "otherExpenses": 0,
    "operatingExpenses": 46000000,
    "costAndExpenses": 925000000,
    "interestIncome": 1000000,
    "interestExpense": 80000000,
    "depreciationAndAmortization": 199000000,
    "ebitda": 257000000,
    "ebitdaratio": 0.2478302797,
    "operatingIncome": 112000000,
    "operatingIncomeRatio": 0.1080038573,
    "totalOtherIncomeExpensesNet": -134000000,
    "incomeBeforeTax": -22000000,
    "incomeBeforeTaxRatio": -0.0212150434,
    "incomeTaxExpense": -13000000,
    "netIncome": -23000000,
    "netIncomeRatio": -0.0221793635,
    "eps": -0.1,
    "epsdiluted": -0.0987,
    "weightedAverageShsOut": 230000000,
    "weightedAverageShsOutDil": 233100000,
    "link": "https://www.sec.gov/Archives/edgar/data/1324404/000132440417000012/0001324404-17-000012-index.htm",
    "finalLink": "https://www.sec.gov/Archives/edgar/data/1324404/000132440417000012/cf-03312017x10q.htm"
  },
  {
    "date": "2016-12-31",
    "symbol": "CF",
    "reportedCurrency": "USD",
    "cik": "0001324404",
    "fillingDate": "2017-02-23",
    "acceptedDate": "2017-02-23 13:28:58",
    "calendarYear": "2016",
    "period": "Q4",
    "revenue": 867000000,
    "costOfRevenue": 856000000,
    "grossProfit": 11000000,
    "grossProfitRatio": 0.0126874279,
    "researchAndDevelopmentExpenses": 0,
    "generalAndAdministrativeExpenses": 0,
    "sellingAndMarketingExpenses": 0,
    "sellingGeneralAndAdministrativeExpenses": 33000000,
    "otherExpenses": 0,
    "operatingExpenses": 33000000,
    "costAndExpenses": 889000000,
    "interestIncome": 1000000,
    "interestExpense": 70000000,
    "depreciationAndAmortization": 183000000,
    "ebitda": -82000000,
    "ebitdaratio": -0.0945790081,
    "operatingIncome": -22000000,
    "operatingIncomeRatio": -0.0253748558,
    "totalOtherIncomeExpensesNet": -313000000,
    "incomeBeforeTax": -335000000,
    "incomeBeforeTaxRatio": -0.3863898501,
    "incomeTaxExpense": -47000000,
    "netIncome": -320000000,
    "netIncomeRatio": -0.369088812,
    "eps": -1.38,
    "epsdiluted": -1.37,
    "weightedAverageShsOut": 231829292,
    "weightedAverageShsOutDil": 233100000,
    "link": "https://www.sec.gov/Archives/edgar/data/1324404/000132440417000007/0001324404-17-000007-index.htm",
    "finalLink": "https://www.sec.gov/Archives/edgar/data/1324404/000132440417000007/cf-12312016x10k.htm"
  },
  {
    "date": "2016-09-30",
    "symbol": "CF",
    "reportedCurrency": "USD",
    "cik": "0001324404",
    "fillingDate": "2016-11-03",
    "acceptedDate": "2016-11-03 12:35:05",
    "calendarYear": "2016",
    "period": "Q3",
    "revenue": 680000000,
    "costOfRevenue": 647000000,
    "grossProfit": 33000000,
    "grossProfitRatio": 0.0485294118,
    "researchAndDevelopmentExpenses": 0,
    "generalAndAdministrativeExpenses": 0,
    "sellingAndMarketingExpenses": 0,
    "sellingGeneralAndAdministrativeExpenses": 44000000,
    "otherExpenses": 0,
    "operatingExpenses": 44000000,
    "costAndExpenses": 691000000,
    "interestIncome": 2000000,
    "interestExpense": 31000000,
    "depreciationAndAmortization": 141000000,
    "ebitda": 41000000,
    "ebitdaratio": 0.0602941176,
    "operatingIncome": -11000000,
    "operatingIncomeRatio": -0.0161764706,
    "totalOtherIncomeExpensesNet": -120000000,
    "incomeBeforeTax": -131000000,
    "incomeBeforeTaxRatio": -0.1926470588,
    "incomeTaxExpense": -131000000,
    "netIncome": -30000000,
    "netIncomeRatio": -0.0441176471,
    "eps": -0.13,
    "epsdiluted": -0.13,
    "weightedAverageShsOut": 230769230,
    "weightedAverageShsOutDil": 233100000,
    "link": "https://www.sec.gov/Archives/edgar/data/1324404/000132440416000041/0001324404-16-000041-index.htm",
    "finalLink": "https://www.sec.gov/Archives/edgar/data/1324404/000132440416000041/cf-09302016x10q.htm"
  },
  {
    "date": "2016-06-30",
    "symbol": "CF",
    "reportedCurrency": "USD",
    "cik": "0001324404",
    "fillingDate": "2016-08-04",
    "acceptedDate": "2016-08-04 11:38:00",
    "calendarYear": "2016",
    "period": "Q2",
    "revenue": 1134000000,
    "costOfRevenue": 607000000,
    "grossProfit": 527000000,
    "grossProfitRatio": 0.4647266314,
    "researchAndDevelopmentExpenses": 0,
    "generalAndAdministrativeExpenses": 52000000,
    "sellingAndMarketingExpenses": 0,
    "sellingGeneralAndAdministrativeExpenses": 52000000,
    "otherExpenses": 63000000,
    "operatingExpenses": 115000000,
    "costAndExpenses": 722000000,
    "interestIncome": 1000000,
    "interestExpense": 61000000,
    "depreciationAndAmortization": 181000000,
    "ebitda": 388000000,
    "ebitdaratio": 0.3421516755,
    "operatingIncome": 238000000,
    "operatingIncomeRatio": 0.2098765432,
    "totalOtherIncomeExpensesNet": -60000000,
    "incomeBeforeTax": 178000000,
    "incomeBeforeTaxRatio": 0.1569664903,
    "incomeTaxExpense": 95000000,
    "netIncome": 47000000,
    "netIncomeRatio": 0.0414462081,
    "eps": 0.2,
    "epsdiluted": 0.2,
    "weightedAverageShsOut": 233300000,
    "weightedAverageShsOutDil": 233500000,
    "link": "https://www.sec.gov/Archives/edgar/data/1324404/000132440416000036/0001324404-16-000036-index.htm",
    "finalLink": "https://www.sec.gov/Archives/edgar/data/1324404/000132440416000036/cf-06302016x10q.htm"
  },
  {
    "date": "2016-03-31",
    "symbol": "CF",
    "reportedCurrency": "USD",
    "cik": "0001324404",
    "fillingDate": "2016-05-05",
    "acceptedDate": "2016-05-05 11:10:45",
    "calendarYear": "2016",
    "period": "Q1",
    "revenue": 1004000000,
    "costOfRevenue": 787000000,
    "grossProfit": 217000000,
    "grossProfitRatio": 0.2161354582,
    "researchAndDevelopmentExpenses": 0,
    "generalAndAdministrativeExpenses": 45000000,
    "sellingAndMarketingExpenses": 0,
    "sellingGeneralAndAdministrativeExpenses": 45000000,
    "otherExpenses": 61000000,
    "operatingExpenses": 106000000,
    "costAndExpenses": 893000000,
    "interestIncome": 1000000,
    "interestExpense": 38000000,
    "depreciationAndAmortization": 146000000,
    "ebitda": 242000000,
    "ebitdaratio": 0.2410358566,
    "operatingIncome": 97000000,
    "operatingIncomeRatio": 0.0966135458,
    "totalOtherIncomeExpensesNet": -35000000,
    "incomeBeforeTax": 62000000,
    "incomeBeforeTaxRatio": 0.061752988,
    "incomeTaxExpense": 15000000,
    "netIncome": 26000000,
    "netIncomeRatio": 0.0258964143,
    "eps": 0.11,
    "epsdiluted": 0.11,
    "weightedAverageShsOut": 233200000,
    "weightedAverageShsOutDil": 233500000,
    "link": "https://www.sec.gov/Archives/edgar/data/1324404/000132440416000029/0001324404-16-000029-index.htm",
    "finalLink": "https://www.sec.gov/Archives/edgar/data/1324404/000132440416000029/cf-03312016x10q.htm"
  },
  {
    "date": "2015-12-31",
    "symbol": "CF",
    "reportedCurrency": "USD",
    "cik": "0001324404",
    "fillingDate": "2016-02-25",
    "acceptedDate": "2016-02-25 14:33:55",
    "calendarYear": "2015",
    "period": "Q4",
    "revenue": 1115800000,
    "costOfRevenue": 835400000,
    "grossProfit": 280400000,
    "grossProfitRatio": 0.251299516,
    "researchAndDevelopmentExpenses": 0,
    "generalAndAdministrativeExpenses": 50200000,
    "sellingAndMarketingExpenses": 0,
    "sellingGeneralAndAdministrativeExpenses": 50200000,
    "otherExpenses": -22400000,
    "operatingExpenses": 27800000,
    "costAndExpenses": 863200000,
    "interestIncome": 400000,
    "interestExpense": 40000000,
    "depreciationAndAmortization": 131600000,
    "ebitda": 265400000,
    "ebitdaratio": 0.2378562466,
    "operatingIncome": 137100000,
    "operatingIncomeRatio": 0.1228714823,
    "totalOtherIncomeExpensesNet": -38800000,
    "incomeBeforeTax": 98300000,
    "incomeBeforeTaxRatio": 0.0880982255,
    "incomeTaxExpense": 62300000,
    "netIncome": 26500000,
    "netIncomeRatio": 0.0237497759,
    "eps": 0.11,
    "epsdiluted": 0.11,
    "weightedAverageShsOut": 233100000,
    "weightedAverageShsOutDil": 233800000,
    "link": "https://www.sec.gov/Archives/edgar/data/1324404/000132440416000019/0001324404-16-000019-index.htm",
    "finalLink": "https://www.sec.gov/Archives/edgar/data/1324404/000132440416000019/cf-12312015x10k.htm"
  },
  {
    "date": "2015-09-30",
    "symbol": "CF",
    "reportedCurrency": "USD",
    "cik": "0001324404",
    "fillingDate": "2015-11-09",
    "acceptedDate": "2015-11-09 12:13:59",
    "calendarYear": "2015",
    "period": "Q3",
    "revenue": 927400000,
    "costOfRevenue": 763000000,
    "grossProfit": 165000000,
    "grossProfitRatio": 0.1779167565,
    "researchAndDevelopmentExpenses": 0,
    "generalAndAdministrativeExpenses": 41600000,
    "sellingAndMarketingExpenses": 0,
    "sellingGeneralAndAdministrativeExpenses": 41600000,
    "otherExpenses": 33000000,
    "operatingExpenses": 75000000,
    "costAndExpenses": 838000000,
    "interestIncome": 600000,
    "interestExpense": 30300000,
    "depreciationAndAmortization": 129000000,
    "ebitda": 175000000,
    "ebitdaratio": 0.1886995903,
    "operatingIncome": 59000000,
    "operatingIncomeRatio": 0.063618719,
    "totalOtherIncomeExpensesNet": -35000000,
    "incomeBeforeTax": 24600000,
    "incomeBeforeTaxRatio": 0.026525771,
    "incomeTaxExpense": 20100000,
    "netIncome": 90000000,
    "netIncomeRatio": 0.0970455036,
    "eps": 0.39,
    "epsdiluted": 0.39,
    "weightedAverageShsOut": 233100000,
    "weightedAverageShsOutDil": 234000000,
    "link": "https://www.sec.gov/Archives/edgar/data/1324404/000132440415000013/0001324404-15-000013-index.htm",
    "finalLink": "https://www.sec.gov/Archives/edgar/data/1324404/000132440415000013/cf-09302015x10q.htm"
  },
  {
    "date": "2015-06-30",
    "symbol": "CF",
    "reportedCurrency": "USD",
    "cik": "0001324404",
    "fillingDate": "2015-08-06",
    "acceptedDate": "2015-08-06 13:35:38",
    "calendarYear": "2015",
    "period": "Q2",
    "revenue": 1311500000,
    "costOfRevenue": 625000000,
    "grossProfit": 686000000,
    "grossProfitRatio": 0.5230651925,
    "researchAndDevelopmentExpenses": 0,
    "generalAndAdministrativeExpenses": 37900000,
    "sellingAndMarketingExpenses": 0,
    "sellingGeneralAndAdministrativeExpenses": 37900000,
    "otherExpenses": 23000000,
    "operatingExpenses": 61000000,
    "costAndExpenses": 686000000,
    "interestIncome": 200000,
    "interestExpense": 26600000,
    "depreciationAndAmortization": 104000000,
    "ebitda": 731000000,
    "ebitdaratio": 0.5573770492,
    "operatingIncome": 630000000,
    "operatingIncomeRatio": 0.4803659931,
    "totalOtherIncomeExpensesNet": -29000000,
    "incomeBeforeTax": 601000000,
    "incomeBeforeTaxRatio": 0.4582539077,
    "incomeTaxExpense": 200700000,
    "netIncome": 352000000,
    "netIncomeRatio": 0.2683949676,
    "eps": 1.5,
    "epsdiluted": 1.49,
    "weightedAverageShsOut": 235200000,
    "weightedAverageShsOutDil": 236100000,
    "link": "https://www.sec.gov/Archives/edgar/data/1324404/000132440415000006/0001324404-15-000006-index.htm",
    "finalLink": "https://www.sec.gov/Archives/edgar/data/1324404/000132440415000006/cf-06302015x10q.htm"
  },
  {
    "date": "2015-03-31",
    "symbol": "CF",
    "reportedCurrency": "USD",
    "cik": "0001324404",
    "fillingDate": "2015-05-07",
    "acceptedDate": "2015-05-07 12:36:34",
    "calendarYear": "2015",
    "period": "Q1",
    "revenue": 953600000,
    "costOfRevenue": 538000000,
    "grossProfit": 416000000,
    "grossProfitRatio": 0.4362416107,
    "researchAndDevelopmentExpenses": 0,
    "generalAndAdministrativeExpenses": 40100000,
    "sellingAndMarketingExpenses": 0,
    "sellingGeneralAndAdministrativeExpenses": 40100000,
    "otherExpenses": 18000000,
    "operatingExpenses": 58000000,
    "costAndExpenses": 596000000,
    "interestIncome": 400000,
    "interestExpense": 33900000,
    "depreciationAndAmortization": 115000000,
    "ebitda": 482000000,
    "ebitdaratio": 0.5054530201,
    "operatingIncome": 367000000,
    "operatingIncomeRatio": 0.3848573826,
    "totalOtherIncomeExpensesNet": -33000000,
    "incomeBeforeTax": 333700000,
    "incomeBeforeTaxRatio": 0.3499370805,
    "incomeTaxExpense": 112700000,
    "netIncome": 231000000,
    "netIncomeRatio": 0.2422399329,
    "eps": 0.96,
    "epsdiluted": 0.96,
    "weightedAverageShsOut": 239500000,
    "weightedAverageShsOutDil": 240500000,
    "link": "https://www.sec.gov/Archives/edgar/data/1324404/000162828015003863/0001628280-15-003863-index.htm",
    "finalLink": "https://www.sec.gov/Archives/edgar/data/1324404/000162828015003863/cf-03312015x10q.htm"
  },
  {
    "date": "2014-12-31",
    "symbol": "CF",
    "reportedCurrency": "USD",
    "cik": "0001324404",
    "fillingDate": "2015-02-26",
    "acceptedDate": "2015-02-26 14:49:58",
    "calendarYear": "2014",
    "period": "Q4",
    "revenue": 1216500000,
    "costOfRevenue": 772200000,
    "grossProfit": 444300000,
    "grossProfitRatio": 0.3652281134,
    "researchAndDevelopmentExpenses": 0,
    "generalAndAdministrativeExpenses": 32500000,
    "sellingAndMarketingExpenses": 0,
    "sellingGeneralAndAdministrativeExpenses": 32500000,
    "otherExpenses": -10800000,
    "operatingExpenses": 21700000,
    "costAndExpenses": 793900000,
    "interestIncome": 200000,
    "interestExpense": 41100000,
    "depreciationAndAmortization": 94000000,
    "ebitda": 509200000,
    "ebitdaratio": 0.4185778874,
    "operatingIncome": 418800000,
    "operatingIncomeRatio": 0.3442663379,
    "totalOtherIncomeExpensesNet": -42300000,
    "incomeBeforeTax": 376500000,
    "incomeBeforeTaxRatio": 0.3094944513,
    "incomeTaxExpense": 132100000,
    "netIncome": 238300000,
    "netIncomeRatio": 0.1958898479,
    "eps": 0.97,
    "epsdiluted": 0.96,
    "weightedAverageShsOut": 246500000,
    "weightedAverageShsOutDil": 247500000,
    "link": "https://www.sec.gov/Archives/edgar/data/1324404/000162828015001077/0001628280-15-001077-index.htm",
    "finalLink": "https://www.sec.gov/Archives/edgar/data/1324404/000162828015001077/cf-12312014x10k.htm"
  },
  {
    "date": "2014-09-30",
    "symbol": "CF",
    "reportedCurrency": "USD",
    "cik": "0001324404",
    "fillingDate": "2014-11-06",
    "acceptedDate": "2014-11-06 13:00:31",
    "calendarYear": "2014",
    "period": "Q3",
    "revenue": 921400000,
    "costOfRevenue": 620300000,
    "grossProfit": 301100000,
    "grossProfitRatio": 0.3267853267,
    "researchAndDevelopmentExpenses": 0,
    "generalAndAdministrativeExpenses": 38200000,
    "sellingAndMarketingExpenses": 0,
    "sellingGeneralAndAdministrativeExpenses": 38200000,
    "otherExpenses": 25700000,
    "operatingExpenses": 63900000,
    "costAndExpenses": 684200000,
    "interestIncome": 200000,
    "interestExpense": 46400000,
    "depreciationAndAmortization": 95400000,
    "ebitda": 340000000,
    "ebitdaratio": 0.36900369,
    "operatingIncome": 246600000,
    "operatingIncomeRatio": 0.2676362058,
    "totalOtherIncomeExpensesNet": -46100000,
    "incomeBeforeTax": 200500000,
    "incomeBeforeTaxRatio": 0.2176036466,
    "incomeTaxExpense": 70500000,
    "netIncome": 130900000,
    "netIncomeRatio": 0.1420664207,
    "eps": 0.53,
    "epsdiluted": 0.52,
    "weightedAverageShsOut": 248500000,
    "weightedAverageShsOutDil": 249500000,
    "link": "https://www.sec.gov/Archives/edgar/data/1324404/000104746914008905/0001047469-14-008905-index.htm",
    "finalLink": "https://www.sec.gov/Archives/edgar/data/1324404/000104746914008905/a2221976z10-q.htm"
  },
  {
    "date": "2014-06-30",
    "symbol": "CF",
    "reportedCurrency": "USD",
    "cik": "0001324404",
    "fillingDate": "2014-08-07",
    "acceptedDate": "2014-08-07 14:28:24",
    "calendarYear": "2014",
    "period": "Q2",
    "revenue": 1472700000,
    "costOfRevenue": 882400000,
    "grossProfit": 590300000,
    "grossProfitRatio": 0.4008284104,
    "researchAndDevelopmentExpenses": 0,
    "generalAndAdministrativeExpenses": 39500000,
    "sellingAndMarketingExpenses": 0,
    "sellingGeneralAndAdministrativeExpenses": 39500000,
    "otherExpenses": 21600000,
    "operatingExpenses": 61100000,
    "costAndExpenses": 943500000,
    "interestIncome": 300000,
    "interestExpense": 50700000,
    "depreciationAndAmortization": 97800000,
    "ebitda": 626300000,
    "ebitdaratio": 0.4252733075,
    "operatingIncome": 531300000,
    "operatingIncomeRatio": 0.3607659401,
    "totalOtherIncomeExpensesNet": -51100000,
    "incomeBeforeTax": 480200000,
    "incomeBeforeTaxRatio": 0.3260677667,
    "incomeTaxExpense": 157200000,
    "netIncome": 312600000,
    "netIncomeRatio": 0.2122631901,
    "eps": 1.22,
    "epsdiluted": 1.22,
    "weightedAverageShsOut": 255500000,
    "weightedAverageShsOutDil": 256000000,
    "link": "https://www.sec.gov/Archives/edgar/data/1324404/000104746914006740/0001047469-14-006740-index.htm",
    "finalLink": "https://www.sec.gov/Archives/edgar/data/1324404/000104746914006740/a2220959z10-q.htm"
  },
  {
    "date": "2014-03-31",
    "symbol": "CF",
    "reportedCurrency": "USD",
    "cik": "0001324404",
    "fillingDate": "2014-05-08",
    "acceptedDate": "2014-05-08 12:51:00",
    "calendarYear": "2014",
    "period": "Q1",
    "revenue": 1132600000,
    "costOfRevenue": 689800000,
    "grossProfit": 442800000,
    "grossProfitRatio": 0.3909588557,
    "researchAndDevelopmentExpenses": 0,
    "generalAndAdministrativeExpenses": 41700000,
    "sellingAndMarketingExpenses": 0,
    "sellingGeneralAndAdministrativeExpenses": 41700000,
    "otherExpenses": -5800000,
    "operatingExpenses": 35900000,
    "costAndExpenses": 725700000,
    "interestIncome": 200000,
    "interestExpense": 40000000,
    "depreciationAndAmortization": 105300000,
    "ebitda": 1271900000,
    "ebitdaratio": 1.1229913473,
    "operatingIncome": 1169800000,
    "operatingIncomeRatio": 1.0328447819,
    "totalOtherIncomeExpensesNet": -39700000,
    "incomeBeforeTax": 1130100000,
    "incomeBeforeTaxRatio": 0.9977926894,
    "incomeTaxExpense": 413200000,
    "netIncome": 708500000,
    "netIncomeRatio": 0.6255518277,
    "eps": 2.59,
    "epsdiluted": 2.58,
    "weightedAverageShsOut": 274000000,
    "weightedAverageShsOutDil": 274500000,
    "link": "https://www.sec.gov/Archives/edgar/data/1324404/000104746914004729/0001047469-14-004729-index.htm",
    "finalLink": "https://www.sec.gov/Archives/edgar/data/1324404/000104746914004729/a2219977z10-q.htm"
  },
  {
    "date": "2013-12-31",
    "symbol": "CF",
    "reportedCurrency": "USD",
    "cik": "0001324404",
    "fillingDate": "2014-02-27",
    "acceptedDate": "2014-02-27 16:15:29",
    "calendarYear": "2013",
    "period": "Q4",
    "revenue": 1326300000,
    "costOfRevenue": 732500000,
    "grossProfit": 593800000,
    "grossProfitRatio": 0.4477116791,
    "researchAndDevelopmentExpenses": 0,
    "generalAndAdministrativeExpenses": 45000000,
    "sellingAndMarketingExpenses": 0,
    "sellingGeneralAndAdministrativeExpenses": 45000000,
    "otherExpenses": 20000000,
    "operatingExpenses": 65000000,
    "costAndExpenses": 797500000,
    "interestIncome": 600000,
    "interestExpense": 39800000,
    "depreciationAndAmortization": 96800000,
    "ebitda": 657800000,
    "ebitdaratio": 0.4959662218,
    "operatingIncome": 564800000,
    "operatingIncomeRatio": 0.4258463394,
    "totalOtherIncomeExpensesNet": -39600000,
    "incomeBeforeTax": 525200000,
    "incomeBeforeTaxRatio": 0.3959888411,
    "incomeTaxExpense": 187200000,
    "netIncome": 325800000,
    "netIncomeRatio": 0.2456457815,
    "eps": 1.15,
    "epsdiluted": 1.14,
    "weightedAverageShsOut": 284500000,
    "weightedAverageShsOutDil": 285500000,
    "link": "https://www.sec.gov/Archives/edgar/data/1324404/000104746914001484/0001047469-14-001484-index.htm",
    "finalLink": "https://www.sec.gov/Archives/edgar/data/1324404/000104746914001484/a2218347z10-k.htm"
  },
  {
    "date": "2013-09-30",
    "symbol": "CF",
    "reportedCurrency": "USD",
    "cik": "0001324404",
    "fillingDate": "2013-11-05",
    "acceptedDate": "2013-11-05 13:50:13",
    "calendarYear": "2013",
    "period": "Q3",
    "revenue": 1097000000,
    "costOfRevenue": 710900000,
    "grossProfit": 386100000,
    "grossProfitRatio": 0.3519598906,
    "researchAndDevelopmentExpenses": 0,
    "generalAndAdministrativeExpenses": 32200000,
    "sellingAndMarketingExpenses": 0,
    "sellingGeneralAndAdministrativeExpenses": 32200000,
    "otherExpenses": -20300000,
    "operatingExpenses": 11900000,
    "costAndExpenses": 722800000,
    "interestIncome": 1000000,
    "interestExpense": 41000000,
    "depreciationAndAmortization": 100100000,
    "ebitda": 482900000,
    "ebitdaratio": 0.4402005469,
    "operatingIncome": 385400000,
    "operatingIncomeRatio": 0.3513217867,
    "totalOtherIncomeExpensesNet": -39700000,
    "incomeBeforeTax": 345700000,
    "incomeBeforeTaxRatio": 0.3151321787,
    "incomeTaxExpense": 109000000,
    "netIncome": 234100000,
    "netIncomeRatio": 0.2134001823,
    "eps": 0.82,
    "epsdiluted": 0.81,
    "weightedAverageShsOut": 286500000,
    "weightedAverageShsOutDil": 287500000,
    "link": "https://www.sec.gov/Archives/edgar/data/1324404/000104746913010266/0001047469-13-010266-index.htm",
    "finalLink": "https://www.sec.gov/Archives/edgar/data/1324404/000104746913010266/a2217176z10-q.htm"
  },
  {
    "date": "2013-06-30",
    "symbol": "CF",
    "reportedCurrency": "USD",
    "cik": "0001324404",
    "fillingDate": "2013-08-07",
    "acceptedDate": "2013-08-07 13:35:20",
    "calendarYear": "2013",
    "period": "Q2",
    "revenue": 1714900000,
    "costOfRevenue": 849700000,
    "grossProfit": 865200000,
    "grossProfitRatio": 0.5045192139,
    "researchAndDevelopmentExpenses": 0,
    "generalAndAdministrativeExpenses": 44500000,
    "sellingAndMarketingExpenses": 0,
    "sellingGeneralAndAdministrativeExpenses": 44500000,
    "otherExpenses": -3500000,
    "operatingExpenses": 41000000,
    "costAndExpenses": 890700000,
    "interestIncome": 1000000,
    "interestExpense": 32300000,
    "depreciationAndAmortization": 106600000,
    "ebitda": 938000000,
    "ebitdaratio": 0.5469706688,
    "operatingIncome": 833700000,
    "operatingIncomeRatio": 0.486150796,
    "totalOtherIncomeExpensesNet": -31000000,
    "incomeBeforeTax": 802700000,
    "incomeBeforeTaxRatio": 0.4680739402,
    "incomeTaxExpense": 282900000,
    "netIncome": 498200000,
    "netIncomeRatio": 0.2905125663,
    "eps": 1.69,
    "epsdiluted": 1.68,
    "weightedAverageShsOut": 295500000,
    "weightedAverageShsOutDil": 297500000,
    "link": "https://www.sec.gov/Archives/edgar/data/1324404/000104746913008170/0001047469-13-008170-index.htm",
    "finalLink": "https://www.sec.gov/Archives/edgar/data/1324404/000104746913008170/a2216170z10-q.htm"
  },
  {
    "date": "2013-03-31",
    "symbol": "CF",
    "reportedCurrency": "USD",
    "cik": "0001324404",
    "fillingDate": "2013-05-09",
    "acceptedDate": "2013-05-09 16:33:47",
    "calendarYear": "2013",
    "period": "Q1",
    "revenue": 1336500000,
    "costOfRevenue": 661400000,
    "grossProfit": 675100000,
    "grossProfitRatio": 0.5051253273,
    "researchAndDevelopmentExpenses": 0,
    "generalAndAdministrativeExpenses": 44300000,
    "sellingAndMarketingExpenses": 0,
    "sellingGeneralAndAdministrativeExpenses": 44300000,
    "otherExpenses": 14600000,
    "operatingExpenses": 58900000,
    "costAndExpenses": 720300000,
    "interestIncome": 2100000,
    "interestExpense": 39100000,
    "depreciationAndAmortization": 107100000,
    "ebitda": 678800000,
    "ebitdaratio": 0.5078937523,
    "operatingIncome": 627800000,
    "operatingIncomeRatio": 0.4697343808,
    "totalOtherIncomeExpensesNet": -91700000,
    "incomeBeforeTax": 536100000,
    "incomeBeforeTaxRatio": 0.4011223345,
    "incomeTaxExpense": 107400000,
    "netIncome": 406500000,
    "netIncomeRatio": 0.3041526375,
    "eps": 1.31,
    "epsdiluted": 1.29,
    "weightedAverageShsOut": 311500000,
    "weightedAverageShsOutDil": 314000000,
    "link": "https://www.sec.gov/Archives/edgar/data/1324404/000104746913005810/0001047469-13-005810-index.htm",
    "finalLink": "https://www.sec.gov/Archives/edgar/data/1324404/000104746913005810/a2214944z10-q.htm"
  },
  {
    "date": "2012-12-31",
    "symbol": "CF",
    "reportedCurrency": "USD",
    "cik": "0001324404",
    "fillingDate": "2013-02-27",
    "acceptedDate": "2013-02-27 16:19:44",
    "calendarYear": "2012",
    "period": "Q4",
    "revenue": 1481400000,
    "costOfRevenue": 825200000,
    "grossProfit": 656200000,
    "grossProfitRatio": 0.4429593628,
    "researchAndDevelopmentExpenses": 21900000,
    "generalAndAdministrativeExpenses": 40200000,
    "sellingAndMarketingExpenses": 0,
    "sellingGeneralAndAdministrativeExpenses": 40200000,
    "otherExpenses": -19800000,
    "operatingExpenses": 20400000,
    "costAndExpenses": 845600000,
    "interestIncome": 2300000,
    "interestExpense": 30400000,
    "depreciationAndAmortization": 101100000,
    "ebitda": 687600000,
    "ebitdaratio": 0.4641555286,
    "operatingIncome": 655600000,
    "operatingIncomeRatio": 0.4425543405,
    "totalOtherIncomeExpensesNet": -67400000,
    "incomeBeforeTax": 588200000,
    "incomeBeforeTaxRatio": 0.3970568381,
    "incomeTaxExpense": 242200000,
    "netIncome": 470700000,
    "netIncomeRatio": 0.3177399757,
    "eps": 1.5,
    "epsdiluted": 1.48,
    "weightedAverageShsOut": 314500000,
    "weightedAverageShsOutDil": 318000000,
    "link": "https://www.sec.gov/Archives/edgar/data/1324404/000104746913001819/0001047469-13-001819-index.htm",
    "finalLink": "https://www.sec.gov/Archives/edgar/data/1324404/000104746913001819/a2212938z10-k.htm"
  },
  {
    "date": "2012-09-30",
    "symbol": "CF",
    "reportedCurrency": "USD",
    "cik": "0001324404",
    "fillingDate": "2012-11-06",
    "acceptedDate": "2012-11-06 15:33:51",
    "calendarYear": "2012",
    "period": "Q3",
    "revenue": 1359400000,
    "costOfRevenue": 657400000,
    "grossProfit": 702000000,
    "grossProfitRatio": 0.516404296,
    "researchAndDevelopmentExpenses": 0,
    "generalAndAdministrativeExpenses": 0,
    "sellingAndMarketingExpenses": 0,
    "sellingGeneralAndAdministrativeExpenses": 36500000,
    "otherExpenses": 8600000,
    "operatingExpenses": 45100000,
    "costAndExpenses": 702500000,
    "interestIncome": 1600000,
    "interestExpense": 28700000,
    "depreciationAndAmortization": 99700000,
    "ebitda": 765300000,
    "ebitdaratio": 0.5629689569,
    "operatingIncome": 667100000,
    "operatingIncomeRatio": 0.4907312049,
    "totalOtherIncomeExpensesNet": -26900000,
    "incomeBeforeTax": 640200000,
    "incomeBeforeTaxRatio": 0.4709430631,
    "incomeTaxExpense": 206000000,
    "netIncome": 403300000,
    "netIncomeRatio": 0.2966750037,
    "eps": 1.29,
    "epsdiluted": 1.27,
    "weightedAverageShsOut": 314000000,
    "weightedAverageShsOutDil": 317500000,
    "link": "https://www.sec.gov/Archives/edgar/data/1324404/000104746912010121/0001047469-12-010121-index.htm",
    "finalLink": "https://www.sec.gov/Archives/edgar/data/1324404/000104746912010121/a2211560z10-q.htm"
  },
  {
    "date": "2012-06-30",
    "symbol": "CF",
    "reportedCurrency": "USD",
    "cik": "0001324404",
    "fillingDate": "2012-08-07",
    "acceptedDate": "2012-08-07 15:29:30",
    "calendarYear": "2012",
    "period": "Q2",
    "revenue": 1735600000,
    "costOfRevenue": 692300000,
    "grossProfit": 1043300000,
    "grossProfitRatio": 0.6011177691,
    "researchAndDevelopmentExpenses": 0,
    "generalAndAdministrativeExpenses": 0,
    "sellingAndMarketingExpenses": 0,
    "sellingGeneralAndAdministrativeExpenses": 41300000,
    "otherExpenses": 10800000,
    "operatingExpenses": 52100000,
    "costAndExpenses": 744400000,
    "interestIncome": 0,
    "interestExpense": 45300000,
    "depreciationAndAmortization": 115900000,
    "ebitda": 1101500000,
    "ebitdaratio": 0.6346508412,
    "operatingIncome": 1005000000,
    "operatingIncomeRatio": 0.5790504725,
    "totalOtherIncomeExpensesNet": -44700000,
    "incomeBeforeTax": 960300000,
    "incomeBeforeTaxRatio": 0.5532956903,
    "incomeTaxExpense": 309200000,
    "netIncome": 606300000,
    "netIncomeRatio": 0.3493316432,
    "eps": 1.88,
    "epsdiluted": 1.86,
    "weightedAverageShsOut": 321500000,
    "weightedAverageShsOutDil": 326000000,
    "link": "https://www.sec.gov/Archives/edgar/data/1324404/000104746912007878/0001047469-12-007878-index.htm",
    "finalLink": "https://www.sec.gov/Archives/edgar/data/1324404/000104746912007878/a2210380z10-q.htm"
  },
  {
    "date": "2012-03-31",
    "symbol": "CF",
    "reportedCurrency": "USD",
    "cik": "0001324404",
    "fillingDate": "2012-05-04",
    "acceptedDate": "2012-05-04 16:10:58",
    "calendarYear": "2012",
    "period": "Q1",
    "revenue": 1527600000,
    "costOfRevenue": 815800000,
    "grossProfit": 711800000,
    "grossProfitRatio": 0.4659596753,
    "researchAndDevelopmentExpenses": 0,
    "generalAndAdministrativeExpenses": 0,
    "sellingAndMarketingExpenses": 0,
    "sellingGeneralAndAdministrativeExpenses": 33800000,
    "otherExpenses": 22300000,
    "operatingExpenses": 56100000,
    "costAndExpenses": 871900000,
    "interestIncome": 400000,
    "interestExpense": 30900000,
    "depreciationAndAmortization": 103100000,
    "ebitda": 769700000,
    "ebitdaratio": 0.5038622676,
    "operatingIncome": 671200000,
    "operatingIncomeRatio": 0.4393820372,
    "totalOtherIncomeExpensesNet": -30400000,
    "incomeBeforeTax": 640800000,
    "incomeBeforeTaxRatio": 0.4194815397,
    "incomeTaxExpense": 206800000,
    "netIncome": 368400000,
    "netIncomeRatio": 0.241162608,
    "eps": 1.12,
    "epsdiluted": 1.11,
    "weightedAverageShsOut": 327500000,
    "weightedAverageShsOutDil": 332500000,
    "link": "https://www.sec.gov/Archives/edgar/data/1324404/000104746912005384/0001047469-12-005384-index.htm",
    "finalLink": "https://www.sec.gov/Archives/edgar/data/1324404/000104746912005384/a2209071z10-q.htm"
  },
  {
    "date": "2011-12-31",
    "symbol": "CF",
    "reportedCurrency": "USD",
    "cik": "0001324404",
    "fillingDate": "2012-02-27",
    "acceptedDate": "2012-02-27 16:49:08",
    "calendarYear": "2011",
    "period": "Q4",
    "revenue": 1718400000,
    "costOfRevenue": 853200000,
    "grossProfit": 865200000,
    "grossProfitRatio": 0.5034916201,
    "researchAndDevelopmentExpenses": 0,
    "generalAndAdministrativeExpenses": 0,
    "sellingAndMarketingExpenses": 0,
    "sellingGeneralAndAdministrativeExpenses": 36800000,
    "otherExpenses": -41600000,
    "operatingExpenses": -4800000,
    "costAndExpenses": 848400000,
    "interestIncome": 200000,
    "interestExpense": 32200000,
    "depreciationAndAmortization": 101300000,
    "ebitda": 930600000,
    "ebitdaratio": 0.5415502793,
    "operatingIncome": 869800000,
    "operatingIncomeRatio": 0.5061685289,
    "totalOtherIncomeExpensesNet": -72700000,
    "incomeBeforeTax": 797100000,
    "incomeBeforeTaxRatio": 0.4638617318,
    "incomeTaxExpense": -301800000,
    "netIncome": 438900000,
    "netIncomeRatio": 0.2554120112,
    "eps": 1.34,
    "epsdiluted": 1.33,
    "weightedAverageShsOut": 327000000,
    "weightedAverageShsOutDil": 329500000,
    "link": "https://www.sec.gov/Archives/edgar/data/1324404/000104746912001620/0001047469-12-001620-index.htm",
    "finalLink": "https://www.sec.gov/Archives/edgar/data/1324404/000104746912001620/a2207426z10-k.htm"
  },
  {
    "date": "2011-09-30",
    "symbol": "CF",
    "reportedCurrency": "USD",
    "cik": "0001324404",
    "fillingDate": "2011-11-03",
    "acceptedDate": "2011-11-03 10:12:35",
    "calendarYear": "2011",
    "period": "Q3",
    "revenue": 1403800000,
    "costOfRevenue": 765800000,
    "grossProfit": 638000000,
    "grossProfitRatio": 0.4544806953,
    "researchAndDevelopmentExpenses": 0,
    "generalAndAdministrativeExpenses": 0,
    "sellingAndMarketingExpenses": 0,
    "sellingGeneralAndAdministrativeExpenses": 30500000,
    "otherExpenses": 39400000,
    "operatingExpenses": 69900000,
    "costAndExpenses": 835700000,
    "interestIncome": 300000,
    "interestExpense": 32100000,
    "depreciationAndAmortization": 101600000,
    "ebitda": 684300000,
    "ebitdaratio": 0.4874626015,
    "operatingIncome": 567300000,
    "operatingIncomeRatio": 0.4041173956,
    "totalOtherIncomeExpensesNet": -16700000,
    "incomeBeforeTax": 550600000,
    "incomeBeforeTaxRatio": 0.3922211141,
    "incomeTaxExpense": 184900000,
    "netIncome": 330900000,
    "netIncomeRatio": 0.2357173387,
    "eps": 0.95,
    "epsdiluted": 0.95,
    "weightedAverageShsOut": 347000000,
    "weightedAverageShsOutDil": 349500000,
    "link": "https://www.sec.gov/Archives/edgar/data/1324404/000104746911008968/0001047469-11-008968-index.htm",
    "finalLink": "https://www.sec.gov/Archives/edgar/data/1324404/000104746911008968/a2205994z10-q.htm"
  },
  {
    "date": "2011-06-30",
    "symbol": "CF",
    "reportedCurrency": "USD",
    "cik": "0001324404",
    "fillingDate": "2011-08-05",
    "acceptedDate": "2011-08-05 15:15:06",
    "calendarYear": "2011",
    "period": "Q2",
    "revenue": 1801700000,
    "costOfRevenue": 934300000,
    "grossProfit": 867400000,
    "grossProfitRatio": 0.481434201,
    "researchAndDevelopmentExpenses": 0,
    "generalAndAdministrativeExpenses": 0,
    "sellingAndMarketingExpenses": 0,
    "sellingGeneralAndAdministrativeExpenses": 31700000,
    "otherExpenses": 2100000,
    "operatingExpenses": 33800000,
    "costAndExpenses": 968100000,
    "interestIncome": 900000,
    "interestExpense": 30800000,
    "depreciationAndAmortization": 94800000,
    "ebitda": 940600000,
    "ebitdaratio": 0.5220624965,
    "operatingIncome": 830500000,
    "operatingIncomeRatio": 0.4609535439,
    "totalOtherIncomeExpensesNet": -15500000,
    "incomeBeforeTax": 815000000,
    "incomeBeforeTaxRatio": 0.4523505578,
    "incomeTaxExpense": 281000000,
    "netIncome": 487400000,
    "netIncomeRatio": 0.2705222845,
    "eps": 1.36,
    "epsdiluted": 1.35,
    "weightedAverageShsOut": 358000000,
    "weightedAverageShsOutDil": 361000000,
    "link": "https://www.sec.gov/Archives/edgar/data/1324404/000104746911007023/0001047469-11-007023-index.htm",
    "finalLink": "https://www.sec.gov/Archives/edgar/data/1324404/000104746911007023/a2205006z10-q.htm"
  },
  {
    "date": "2011-03-31",
    "symbol": "CF",
    "reportedCurrency": "USD",
    "cik": "0001324404",
    "fillingDate": "2011-05-06",
    "acceptedDate": "2011-05-06 11:19:03",
    "calendarYear": "2011",
    "period": "Q1",
    "revenue": 1174000000,
    "costOfRevenue": 649000000,
    "grossProfit": 525000000,
    "grossProfitRatio": 0.4471890971,
    "researchAndDevelopmentExpenses": 0,
    "generalAndAdministrativeExpenses": 0,
    "sellingAndMarketingExpenses": 0,
    "sellingGeneralAndAdministrativeExpenses": 31000000,
    "otherExpenses": -31000000,
    "operatingExpenses": 0,
    "costAndExpenses": 649000000,
    "interestIncome": 300000,
    "interestExpense": 52100000,
    "depreciationAndAmortization": 118500000,
    "ebitda": 653500000,
    "ebitdaratio": 0.5566439523,
    "operatingIncome": 534400000,
    "operatingIncomeRatio": 0.4551959114,
    "totalOtherIncomeExpensesNet": -51500000,
    "incomeBeforeTax": 482900000,
    "incomeBeforeTaxRatio": 0.4113287905,
    "incomeTaxExpense": -158800000,
    "netIncome": 282000000,
    "netIncomeRatio": 0.2402044293,
    "eps": 0.79,
    "epsdiluted": 0.78,
    "weightedAverageShsOut": 356500000,
    "weightedAverageShsOutDil": 360500000,
    "link": "https://www.sec.gov/Archives/edgar/data/1324404/000104746911004686/0001047469-11-004686-index.htm",
    "finalLink": "https://www.sec.gov/Archives/edgar/data/1324404/000104746911004686/a2203821z10-q.htm"
  },
  {
    "date": "2010-12-31",
    "symbol": "CF",
    "reportedCurrency": "USD",
    "cik": "0001324404",
    "fillingDate": "2011-02-25",
    "acceptedDate": "2011-02-25 16:51:27",
    "calendarYear": "2010",
    "period": "Q4",
    "revenue": 1237600000,
    "costOfRevenue": 753700000,
    "grossProfit": 483900000,
    "grossProfitRatio": 0.3909987072,
    "researchAndDevelopmentExpenses": 0,
    "generalAndAdministrativeExpenses": 0,
    "sellingAndMarketingExpenses": 0,
    "sellingGeneralAndAdministrativeExpenses": 32800000,
    "otherExpenses": 12400000,
    "operatingExpenses": 45200000,
    "costAndExpenses": 798900000,
    "interestIncome": 500000,
    "interestExpense": 50700000,
    "depreciationAndAmortization": 106300000,
    "ebitda": 542000000,
    "ebitdaratio": 0.4379444085,
    "operatingIncome": 435000000,
    "operatingIncomeRatio": 0.3514867485,
    "totalOtherIncomeExpensesNet": -50000000,
    "incomeBeforeTax": 385000000,
    "incomeBeforeTaxRatio": 0.3110859729,
    "incomeTaxExpense": 378100000,
    "netIncome": 200300000,
    "netIncomeRatio": 0.1618455074,
    "eps": 0.62,
    "epsdiluted": 0.61,
    "weightedAverageShsOut": 323500000,
    "weightedAverageShsOutDil": 327000000,
    "link": "https://www.sec.gov/Archives/edgar/data/1324404/000104746911001417/0001047469-11-001417-index.htm",
    "finalLink": "https://www.sec.gov/Archives/edgar/data/1324404/000104746911001417/a2202123z10-k.htm"
  },
  {
    "date": "2010-09-30",
    "symbol": "CF",
    "reportedCurrency": "USD",
    "cik": "0001324404",
    "fillingDate": "2010-11-05",
    "acceptedDate": "2010-11-05 14:23:43",
    "calendarYear": "2010",
    "period": "Q3",
    "revenue": 917100000,
    "costOfRevenue": 747300000,
    "grossProfit": 169800000,
    "grossProfitRatio": 0.1851488387,
    "researchAndDevelopmentExpenses": 0,
    "generalAndAdministrativeExpenses": 0,
    "sellingAndMarketingExpenses": 0,
    "sellingGeneralAndAdministrativeExpenses": 28800000,
    "otherExpenses": 1300000,
    "operatingExpenses": 30100000,
    "costAndExpenses": 777400000,
    "interestIncome": 300000,
    "interestExpense": 58300000,
    "depreciationAndAmortization": 110400000,
    "ebitda": 248000000,
    "ebitdaratio": 0.2704176208,
    "operatingIncome": 131100000,
    "operatingIncomeRatio": 0.1429506052,
    "totalOtherIncomeExpensesNet": -51800000,
    "incomeBeforeTax": 79300000,
    "incomeBeforeTaxRatio": 0.086468215,
    "incomeTaxExpense": 18900000,
    "netIncome": 48200000,
    "netIncomeRatio": 0.0525569731,
    "eps": 0.14,
    "epsdiluted": 0.13,
    "weightedAverageShsOut": 355500000,
    "weightedAverageShsOutDil": 359500000,
    "link": "https://www.sec.gov/Archives/edgar/data/1324404/000104746910009305/0001047469-10-009305-index.htm",
    "finalLink": "https://www.sec.gov/Archives/edgar/data/1324404/000104746910009305/a2200737z10-q.htm"
  },
  {
    "date": "2010-06-30",
    "symbol": "CF",
    "reportedCurrency": "USD",
    "cik": "0001324404",
    "fillingDate": "2010-08-06",
    "acceptedDate": "2010-08-06 14:02:30",
    "calendarYear": "2010",
    "period": "Q2",
    "revenue": 1307900000,
    "costOfRevenue": 911100000,
    "grossProfit": 396800000,
    "grossProfitRatio": 0.3033871091,
    "researchAndDevelopmentExpenses": 0,
    "generalAndAdministrativeExpenses": 0,
    "sellingAndMarketingExpenses": 0,
    "sellingGeneralAndAdministrativeExpenses": 28300000,
    "otherExpenses": 0,
    "operatingExpenses": 28300000,
    "costAndExpenses": 939400000,
    "interestIncome": 400000,
    "interestExpense": 111900000,
    "depreciationAndAmortization": 149800000,
    "ebitda": 483400000,
    "ebitdaratio": 0.3696001223,
    "operatingIncome": 350400000,
    "operatingIncomeRatio": 0.2679103907,
    "totalOtherIncomeExpensesNet": -128700000,
    "incomeBeforeTax": 221700000,
    "incomeBeforeTaxRatio": 0.1695083722,
    "incomeTaxExpense": 89900000,
    "netIncome": 105100000,
    "netIncomeRatio": 0.0803578255,
    "eps": 0.31,
    "epsdiluted": 0.31,
    "weightedAverageShsOut": 337000000,
    "weightedAverageShsOutDil": 341000000,
    "link": "https://www.sec.gov/Archives/edgar/data/1324404/000104746910007131/0001047469-10-007131-index.htm",
    "finalLink": "https://www.sec.gov/Archives/edgar/data/1324404/000104746910007131/a2199646z10-q.htm"
  },
  {
    "date": "2010-03-31",
    "symbol": "CF",
    "reportedCurrency": "USD",
    "cik": "0001324404",
    "fillingDate": "2010-05-07",
    "acceptedDate": "2010-05-07 16:34:16",
    "calendarYear": "2010",
    "period": "Q1",
    "revenue": 502400000,
    "costOfRevenue": 373400000,
    "grossProfit": 129000000,
    "grossProfitRatio": 0.2567675159,
    "researchAndDevelopmentExpenses": 0,
    "generalAndAdministrativeExpenses": 0,
    "sellingAndMarketingExpenses": 0,
    "sellingGeneralAndAdministrativeExpenses": 16200000,
    "otherExpenses": 139300000,
    "operatingExpenses": 155500000,
    "costAndExpenses": 528900000,
    "interestIncome": 300000,
    "interestExpense": 400000,
    "depreciationAndAmortization": 28300000,
    "ebitda": 30400000,
    "ebitdaratio": 0.0605095541,
    "operatingIncome": -26500000,
    "operatingIncomeRatio": -0.0527468153,
    "totalOtherIncomeExpensesNet": 28200000,
    "incomeBeforeTax": 1700000,
    "incomeBeforeTaxRatio": 0.003383758,
    "incomeTaxExpense": 4400000,
    "netIncome": -4400000,
    "netIncomeRatio": -0.0087579618,
    "eps": -0.0181,
    "epsdiluted": -0.0181,
    "weightedAverageShsOut": 243000000,
    "weightedAverageShsOutDil": 243000000,
    "link": "https://www.sec.gov/Archives/edgar/data/1324404/000104746910004975/0001047469-10-004975-index.htm",
    "finalLink": "https://www.sec.gov/Archives/edgar/data/1324404/000104746910004975/a2198570z10-q.htm"
  },
  {
    "date": "2009-12-31",
    "symbol": "CF",
    "reportedCurrency": "USD",
    "cik": "0001324404",
    "fillingDate": "2010-02-25",
    "acceptedDate": "2010-02-25 16:45:36",
    "calendarYear": "2009",
    "period": "Q4",
    "revenue": 506700000,
    "costOfRevenue": 380600000,
    "grossProfit": 126100000,
    "grossProfitRatio": 0.2488652062,
    "researchAndDevelopmentExpenses": 0,
    "generalAndAdministrativeExpenses": 0,
    "sellingAndMarketingExpenses": 0,
    "sellingGeneralAndAdministrativeExpenses": 15900000,
    "otherExpenses": 39100000,
    "operatingExpenses": 55000000,
    "costAndExpenses": 435600000,
    "interestIncome": 400000,
    "interestExpense": 400000,
    "depreciationAndAmortization": 27700000,
    "ebitda": 111600000,
    "ebitdaratio": 0.2202486679,
    "operatingIncome": 71100000,
    "operatingIncomeRatio": 0.1403197158,
    "totalOtherIncomeExpensesNet": 12400000,
    "incomeBeforeTax": 83500000,
    "incomeBeforeTaxRatio": 0.16479179,
    "incomeTaxExpense": 25900000,
    "netIncome": 51400000,
    "netIncomeRatio": 0.1014406947,
    "eps": 0.21,
    "epsdiluted": 0.21,
    "weightedAverageShsOut": 242500000,
    "weightedAverageShsOutDil": 246000000,
    "link": "https://www.sec.gov/Archives/edgar/data/1324404/000104746910001364/0001047469-10-001364-index.htm",
    "finalLink": "https://www.sec.gov/Archives/edgar/data/1324404/000104746910001364/a2196589z10-k.htm"
  },
  {
    "date": "2009-09-30",
    "symbol": "CF",
    "reportedCurrency": "USD",
    "cik": "0001324404",
    "fillingDate": "2009-11-02",
    "acceptedDate": "2009-11-02 17:28:44",
    "calendarYear": "2009",
    "period": "Q3",
    "revenue": 430100000,
    "costOfRevenue": 306100000,
    "grossProfit": 124000000,
    "grossProfitRatio": 0.2883050453,
    "researchAndDevelopmentExpenses": 0,
    "generalAndAdministrativeExpenses": 0,
    "sellingAndMarketingExpenses": 0,
    "sellingGeneralAndAdministrativeExpenses": 15100000,
    "otherExpenses": 19100000,
    "operatingExpenses": 34200000,
    "costAndExpenses": 340300000,
    "interestIncome": 2100000,
    "interestExpense": 400000,
    "depreciationAndAmortization": 27000000,
    "ebitda": 118900000,
    "ebitdaratio": 0.2764473378,
    "operatingIncome": 89800000,
    "operatingIncomeRatio": 0.2087886538,
    "totalOtherIncomeExpensesNet": 1700000,
    "incomeBeforeTax": 91500000,
    "incomeBeforeTaxRatio": 0.212741223,
    "incomeTaxExpense": 32100000,
    "netIncome": 38500000,
    "netIncomeRatio": 0.0895140665,
    "eps": 0.16,
    "epsdiluted": 0.16,
    "weightedAverageShsOut": 242500000,
    "weightedAverageShsOutDil": 246500000,
    "link": "https://www.sec.gov/Archives/edgar/data/1324404/000104746909009429/0001047469-09-009429-index.htm",
    "finalLink": "https://www.sec.gov/Archives/edgar/data/1324404/000104746909009429/a2195112z10-q.htm"
  },
  {
    "date": "2009-06-30",
    "symbol": "CF",
    "reportedCurrency": "USD",
    "cik": "0001324404",
    "fillingDate": "2009-08-03",
    "acceptedDate": "2009-08-03 14:58:23",
    "calendarYear": "2009",
    "period": "Q2",
    "revenue": 991000000,
    "costOfRevenue": 564000000,
    "grossProfit": 427000000,
    "grossProfitRatio": 0.4308779011,
    "researchAndDevelopmentExpenses": 0,
    "generalAndAdministrativeExpenses": 0,
    "sellingAndMarketingExpenses": 0,
    "sellingGeneralAndAdministrativeExpenses": 16500000,
    "otherExpenses": 15300000,
    "operatingExpenses": 31800000,
    "costAndExpenses": 595800000,
    "interestIncome": 700000,
    "interestExpense": 300000,
    "depreciationAndAmortization": 24400000,
    "ebitda": 420400000,
    "ebitdaratio": 0.4242179617,
    "operatingIncome": 395200000,
    "operatingIncomeRatio": 0.3987891019,
    "totalOtherIncomeExpensesNet": 500000,
    "incomeBeforeTax": 395700000,
    "incomeBeforeTaxRatio": 0.3992936428,
    "incomeTaxExpense": 146800000,
    "netIncome": 213000000,
    "netIncomeRatio": 0.2149344097,
    "eps": 0.88,
    "epsdiluted": 0.87,
    "weightedAverageShsOut": 242000000,
    "weightedAverageShsOutDil": 246000000,
    "link": "https://www.sec.gov/Archives/edgar/data/1324404/000104746909007107/0001047469-09-007107-index.htm",
    "finalLink": "https://www.sec.gov/Archives/edgar/data/1324404/000104746909007107/a2193837z10-q.htm"
  },
  {
    "date": "2009-03-31",
    "symbol": "CF",
    "reportedCurrency": "USD",
    "cik": "0001324404",
    "fillingDate": "2009-04-30",
    "acceptedDate": "2009-04-30 14:49:57",
    "calendarYear": "2009",
    "period": "Q1",
    "revenue": 680600000,
    "costOfRevenue": 518300000,
    "grossProfit": 162300000,
    "grossProfitRatio": 0.2384660594,
    "researchAndDevelopmentExpenses": 0,
    "generalAndAdministrativeExpenses": 0,
    "sellingAndMarketingExpenses": 0,
    "sellingGeneralAndAdministrativeExpenses": 15400000,
    "otherExpenses": 23200000,
    "operatingExpenses": 38600000,
    "costAndExpenses": 556900000,
    "interestIncome": 1300000,
    "interestExpense": 400000,
    "depreciationAndAmortization": 21900000,
    "ebitda": 147200000,
    "ebitdaratio": 0.2162797532,
    "operatingIncome": 123700000,
    "operatingIncomeRatio": 0.1817513958,
    "totalOtherIncomeExpensesNet": 1200000,
    "incomeBeforeTax": 124900000,
    "incomeBeforeTaxRatio": 0.183514546,
    "incomeTaxExpense": 41200000,
    "netIncome": 62700000,
    "netIncomeRatio": 0.0921245959,
    "eps": 0.26,
    "epsdiluted": 0.26,
    "weightedAverageShsOut": 242000000,
    "weightedAverageShsOutDil": 245500000,
    "link": "https://www.sec.gov/Archives/edgar/data/1324404/000104746909004784/0001047469-09-004784-index.htm",
    "finalLink": "https://www.sec.gov/Archives/edgar/data/1324404/000104746909004784/a2192596z10-q.htm"
  },
  {
    "date": "2008-12-31",
    "symbol": "CF",
    "reportedCurrency": "USD",
    "cik": "0001324404",
    "fillingDate": "2009-02-26",
    "acceptedDate": "2009-02-26 10:57:45",
    "calendarYear": "2008",
    "period": "Q4",
    "revenue": 1072000000,
    "costOfRevenue": 711300000,
    "grossProfit": 360700000,
    "grossProfitRatio": 0.3364738806,
    "researchAndDevelopmentExpenses": 0,
    "generalAndAdministrativeExpenses": 0,
    "sellingAndMarketingExpenses": 0,
    "sellingGeneralAndAdministrativeExpenses": 19500000,
    "otherExpenses": -2700000,
    "operatingExpenses": 16800000,
    "costAndExpenses": 728100000,
    "interestIncome": 0,
    "interestExpense": 0,
    "depreciationAndAmortization": 25100000,
    "ebitda": 369000000,
    "ebitdaratio": 0.3442164179,
    "operatingIncome": 343900000,
    "operatingIncomeRatio": 0.3208022388,
    "totalOtherIncomeExpensesNet": -46600000,
    "incomeBeforeTax": 297300000,
    "incomeBeforeTaxRatio": 0.2773320896,
    "incomeTaxExpense": 103900000,
    "netIncome": 190100000,
    "netIncomeRatio": 0.1773320896,
    "eps": 0.69,
    "epsdiluted": 0.67,
    "weightedAverageShsOut": 276500000,
    "weightedAverageShsOutDil": 282000000,
    "link": "https://www.sec.gov/Archives/edgar/data/1324404/000104746909001858/0001047469-09-001858-index.htm",
    "finalLink": "https://www.sec.gov/Archives/edgar/data/1324404/000104746909001858/a2190830z10-k.htm"
  },
  {
    "date": "2008-09-30",
    "symbol": "CF",
    "reportedCurrency": "USD",
    "cik": "0001324404",
    "fillingDate": "2008-11-04",
    "acceptedDate": "2008-11-04 12:03:53",
    "calendarYear": "2008",
    "period": "Q3",
    "revenue": 1020800000,
    "costOfRevenue": 899900000,
    "grossProfit": 120900000,
    "grossProfitRatio": 0.1184365204,
    "researchAndDevelopmentExpenses": 0,
    "generalAndAdministrativeExpenses": 0,
    "sellingAndMarketingExpenses": 0,
    "sellingGeneralAndAdministrativeExpenses": 16700000,
    "otherExpenses": 1600000,
    "operatingExpenses": 18300000,
    "costAndExpenses": 918200000,
    "interestIncome": 0,
    "interestExpense": 0,
    "depreciationAndAmortization": 24300000,
    "ebitda": 126900000,
    "ebitdaratio": 0.1243142633,
    "operatingIncome": 102600000,
    "operatingIncomeRatio": 0.1005094044,
    "totalOtherIncomeExpensesNet": -26600000,
    "incomeBeforeTax": 76000000,
    "incomeBeforeTaxRatio": 0.0744514107,
    "incomeTaxExpense": 27500000,
    "netIncome": 47100000,
    "netIncomeRatio": 0.0461402821,
    "eps": 0.17,
    "epsdiluted": 0.16,
    "weightedAverageShsOut": 282000000,
    "weightedAverageShsOutDil": 287500000,
    "link": "https://www.sec.gov/Archives/edgar/data/1324404/000104746908011580/0001047469-08-011580-index.htm",
    "finalLink": "https://www.sec.gov/Archives/edgar/data/1324404/000104746908011580/a2188720z10-q.htm"
  },
  {
    "date": "2008-06-30",
    "symbol": "CF",
    "reportedCurrency": "USD",
    "cik": "0001324404",
    "fillingDate": "2008-08-04",
    "acceptedDate": "2008-08-04 15:25:04",
    "calendarYear": "2008",
    "period": "Q2",
    "revenue": 1161000000,
    "costOfRevenue": 691100000,
    "grossProfit": 469900000,
    "grossProfitRatio": 0.4047372954,
    "researchAndDevelopmentExpenses": 0,
    "generalAndAdministrativeExpenses": 0,
    "sellingAndMarketingExpenses": 0,
    "sellingGeneralAndAdministrativeExpenses": 18100000,
    "otherExpenses": 0,
    "operatingExpenses": 18100000,
    "costAndExpenses": 709200000,
    "interestIncome": 6600000,
    "interestExpense": 400000,
    "depreciationAndAmortization": 25600000,
    "ebitda": 486400000,
    "ebitdaratio": 0.4189491817,
    "operatingIncome": 452100000,
    "operatingIncomeRatio": 0.3894056848,
    "totalOtherIncomeExpensesNet": 8300000,
    "incomeBeforeTax": 441300000,
    "incomeBeforeTaxRatio": 0.3801033592,
    "incomeTaxExpense": 159900000,
    "netIncome": 288600000,
    "netIncomeRatio": 0.2485788114,
    "eps": 1.02,
    "epsdiluted": 1,
    "weightedAverageShsOut": 282000000,
    "weightedAverageShsOutDil": 288000000,
    "link": "https://www.sec.gov/Archives/edgar/data/1324404/000104746908008672/0001047469-08-008672-index.htm",
    "finalLink": "https://www.sec.gov/Archives/edgar/data/1324404/000104746908008672/a2187052z10-q.htm"
  },
  {
    "date": "2008-03-31",
    "symbol": "CF",
    "reportedCurrency": "USD",
    "cik": "0001324404",
    "fillingDate": "2008-05-06",
    "acceptedDate": "2008-05-06 15:24:17",
    "calendarYear": "2008",
    "period": "Q1",
    "revenue": 667300000,
    "costOfRevenue": 396100000,
    "grossProfit": 271200000,
    "grossProfitRatio": 0.4064139068,
    "researchAndDevelopmentExpenses": 0,
    "generalAndAdministrativeExpenses": 0,
    "sellingAndMarketingExpenses": 0,
    "sellingGeneralAndAdministrativeExpenses": 19600000,
    "otherExpenses": 1400000,
    "operatingExpenses": 19600000,
    "costAndExpenses": 415700000,
    "interestIncome": 8500000,
    "interestExpense": 400000,
    "depreciationAndAmortization": 25800000,
    "ebitda": 288600000,
    "ebitdaratio": 0.4324891353,
    "operatingIncome": 251600000,
    "operatingIncomeRatio": 0.3770418103,
    "totalOtherIncomeExpensesNet": 10800000,
    "incomeBeforeTax": 243900000,
    "incomeBeforeTaxRatio": 0.3655027724,
    "incomeTaxExpense": 86800000,
    "netIncome": 158800000,
    "netIncomeRatio": 0.2379739248,
    "eps": 0.56,
    "epsdiluted": 0.55,
    "weightedAverageShsOut": 281500000,
    "weightedAverageShsOutDil": 287500000,
    "link": "https://www.sec.gov/Archives/edgar/data/1324404/000104746908006055/0001047469-08-006055-index.htm",
    "finalLink": "https://www.sec.gov/Archives/edgar/data/1324404/000104746908006055/a2185252z10-q.htm"
  },
  {
    "date": "2007-12-31",
    "symbol": "CF",
    "reportedCurrency": "USD",
    "cik": "0001324404",
    "fillingDate": "2008-02-27",
    "acceptedDate": "2008-02-27 15:25:05",
    "calendarYear": "2007",
    "period": "Q4",
    "revenue": 852500000,
    "costOfRevenue": 616500000,
    "grossProfit": 236000000,
    "grossProfitRatio": 0.2768328446,
    "researchAndDevelopmentExpenses": 0,
    "generalAndAdministrativeExpenses": 0,
    "sellingAndMarketingExpenses": 0,
    "sellingGeneralAndAdministrativeExpenses": 20600000,
    "otherExpenses": 1200000,
    "operatingExpenses": 21800000,
    "costAndExpenses": 638300000,
    "interestIncome": 0,
    "interestExpense": 0,
    "depreciationAndAmortization": 23400000,
    "ebitda": 237600000,
    "ebitdaratio": 0.2787096774,
    "operatingIncome": 214200000,
    "operatingIncomeRatio": 0.2512609971,
    "totalOtherIncomeExpensesNet": -7400000,
    "incomeBeforeTax": 206800000,
    "incomeBeforeTaxRatio": 0.2425806452,
    "incomeTaxExpense": 72300000,
    "netIncome": 135400000,
    "netIncomeRatio": 0.1588269795,
    "eps": 0.49,
    "epsdiluted": 0.48,
    "weightedAverageShsOut": 277500000,
    "weightedAverageShsOutDil": 283500000,
    "link": "https://www.sec.gov/Archives/edgar/data/1324404/000104746908001816/0001047469-08-001816-index.htm",
    "finalLink": "https://www.sec.gov/Archives/edgar/data/1324404/000104746908001816/a2182862z10-k.htm"
  },
  {
    "date": "2007-09-30",
    "symbol": "CF",
    "reportedCurrency": "USD",
    "cik": "0001324404",
    "fillingDate": "2007-11-05",
    "acceptedDate": "2007-11-05 17:07:16",
    "calendarYear": "2007",
    "period": "Q3",
    "revenue": 582900000,
    "costOfRevenue": 431600000,
    "grossProfit": 151300000,
    "grossProfitRatio": 0.2595642477,
    "researchAndDevelopmentExpenses": 0,
    "generalAndAdministrativeExpenses": 0,
    "sellingAndMarketingExpenses": 0,
    "sellingGeneralAndAdministrativeExpenses": 16600000,
    "otherExpenses": -3200000,
    "operatingExpenses": 13400000,
    "costAndExpenses": 445000000,
    "interestIncome": 0,
    "interestExpense": 0,
    "depreciationAndAmortization": 20600000,
    "ebitda": 158500000,
    "ebitdaratio": 0.2719162807,
    "operatingIncome": 137900000,
    "operatingIncomeRatio": 0.236575742,
    "totalOtherIncomeExpensesNet": -5300000,
    "incomeBeforeTax": 132600000,
    "incomeBeforeTaxRatio": 0.2274832733,
    "incomeTaxExpense": 46100000,
    "netIncome": 86500000,
    "netIncomeRatio": 0.1483959513,
    "eps": 0.31,
    "epsdiluted": 0.3,
    "weightedAverageShsOut": 278000000,
    "weightedAverageShsOutDil": 284500000,
    "link": "https://www.sec.gov/Archives/edgar/data/1324404/000104746907008430/0001047469-07-008430-index.htm",
    "finalLink": "https://www.sec.gov/Archives/edgar/data/1324404/000104746907008430/a2180509z10-q.htm"
  },
  {
    "date": "2007-06-30",
    "symbol": "CF",
    "reportedCurrency": "USD",
    "cik": "0001324404",
    "fillingDate": "2007-08-06",
    "acceptedDate": "2007-08-06 15:43:14",
    "calendarYear": "2007",
    "period": "Q2",
    "revenue": 848900000,
    "costOfRevenue": 671300000,
    "grossProfit": 177600000,
    "grossProfitRatio": 0.2092119213,
    "researchAndDevelopmentExpenses": 0,
    "generalAndAdministrativeExpenses": 0,
    "sellingAndMarketingExpenses": 0,
    "sellingGeneralAndAdministrativeExpenses": 18200000,
    "otherExpenses": 0,
    "operatingExpenses": 18200000,
    "costAndExpenses": 689500000,
    "interestIncome": 0,
    "interestExpense": 0,
    "depreciationAndAmortization": 20400000,
    "ebitda": 179800000,
    "ebitdaratio": 0.2118035104,
    "operatingIncome": 159400000,
    "operatingIncomeRatio": 0.1877724114,
    "totalOtherIncomeExpensesNet": -14500000,
    "incomeBeforeTax": 144900000,
    "incomeBeforeTaxRatio": 0.1706914831,
    "incomeTaxExpense": 51300000,
    "netIncome": 93600000,
    "netIncomeRatio": 0.1102603369,
    "eps": 0.34,
    "epsdiluted": 0.33,
    "weightedAverageShsOut": 277000000,
    "weightedAverageShsOutDil": 283000000,
    "link": "https://www.sec.gov/Archives/edgar/data/1324404/000110465907059147/0001104659-07-059147-index.htm",
    "finalLink": "https://www.sec.gov/Archives/edgar/data/1324404/000110465907059147/a07-19082_110q.htm"
  },
  {
    "date": "2007-03-31",
    "symbol": "CF",
    "reportedCurrency": "USD",
    "cik": "0001324404",
    "fillingDate": "2007-05-04",
    "acceptedDate": "2007-05-04 10:25:56",
    "calendarYear": "2007",
    "period": "Q1",
    "revenue": 447700000,
    "costOfRevenue": 367300000,
    "grossProfit": 105100000,
    "grossProfitRatio": 0.2347554166,
    "researchAndDevelopmentExpenses": 0,
    "generalAndAdministrativeExpenses": 0,
    "sellingAndMarketingExpenses": 0,
    "sellingGeneralAndAdministrativeExpenses": 15000000,
    "otherExpenses": 0,
    "operatingExpenses": 15000000,
    "costAndExpenses": 382300000,
    "interestIncome": 0,
    "interestExpense": 0,
    "depreciationAndAmortization": 20100000,
    "ebitda": 110200000,
    "ebitdaratio": 0.2461469734,
    "operatingIncome": 90100000,
    "operatingIncomeRatio": 0.2012508376,
    "totalOtherIncomeExpensesNet": -3100000,
    "incomeBeforeTax": 87000000,
    "incomeBeforeTaxRatio": 0.194326558,
    "incomeTaxExpense": 29800000,
    "netIncome": 57200000,
    "netIncomeRatio": 0.1277641278,
    "eps": 0.21,
    "epsdiluted": 0.2,
    "weightedAverageShsOut": 275500000,
    "weightedAverageShsOutDil": 281000000,
    "link": "https://www.sec.gov/Archives/edgar/data/1324404/000110465907035793/0001104659-07-035793-index.htm",
    "finalLink": "https://www.sec.gov/Archives/edgar/data/1324404/000110465907035793/a07-11087_110q.htm"
  },
  {
    "date": "2006-12-31",
    "symbol": "CF",
    "reportedCurrency": "USD",
    "cik": "0001324404",
    "fillingDate": "2007-02-28",
    "acceptedDate": "2007-02-28 16:14:48",
    "calendarYear": "2006",
    "period": "Q4",
    "revenue": 506200000,
    "costOfRevenue": 463300000,
    "grossProfit": 42900000,
    "grossProfitRatio": 0.084749111,
    "researchAndDevelopmentExpenses": 0,
    "generalAndAdministrativeExpenses": 0,
    "sellingAndMarketingExpenses": 0,
    "sellingGeneralAndAdministrativeExpenses": 10600000,
    "otherExpenses": 21400000,
    "operatingExpenses": 32000000,
    "costAndExpenses": 495300000,
    "interestIncome": 0,
    "interestExpense": 2900000,
    "depreciationAndAmortization": 24300000,
    "ebitda": 35200000,
    "ebitdaratio": 0.0695377321,
    "operatingIncome": 10900000,
    "operatingIncomeRatio": 0.0215329909,
    "totalOtherIncomeExpensesNet": 1600000,
    "incomeBeforeTax": 12500000,
    "incomeBeforeTaxRatio": 0.0246937969,
    "incomeTaxExpense": 4500000,
    "netIncome": 8000000,
    "netIncomeRatio": 0.01580403,
    "eps": 0.0291,
    "epsdiluted": 0.029,
    "weightedAverageShsOut": 275000000,
    "weightedAverageShsOutDil": 275500000,
    "link": "https://www.sec.gov/Archives/edgar/data/1324404/000110465907014916/0001104659-07-014916-index.htm",
    "finalLink": "https://www.sec.gov/Archives/edgar/data/1324404/000110465907014916/a07-1577_110k.htm"
  },
  {
    "date": "2006-09-30",
    "symbol": "CF",
    "reportedCurrency": "USD",
    "cik": "0001324404",
    "fillingDate": "2006-11-07",
    "acceptedDate": "2006-11-07 09:44:04",
    "calendarYear": "2006",
    "period": "Q3",
    "revenue": 378000000,
    "costOfRevenue": 372800000,
    "grossProfit": 25800000,
    "grossProfitRatio": 0.0682539683,
    "researchAndDevelopmentExpenses": 0,
    "generalAndAdministrativeExpenses": 0,
    "sellingAndMarketingExpenses": 0,
    "sellingGeneralAndAdministrativeExpenses": 13500000,
    "otherExpenses": 300000,
    "operatingExpenses": 13500000,
    "costAndExpenses": 386300000,
    "interestIncome": 0,
    "interestExpense": 0,
    "depreciationAndAmortization": 22900000,
    "ebitda": 35200000,
    "ebitdaratio": 0.0931216931,
    "operatingIncome": 12300000,
    "operatingIncomeRatio": 0.0325396825,
    "totalOtherIncomeExpensesNet": -1300000,
    "incomeBeforeTax": 11000000,
    "incomeBeforeTaxRatio": 0.0291005291,
    "incomeTaxExpense": 3700000,
    "netIncome": 7300000,
    "netIncomeRatio": 0.0193121693,
    "eps": 0.026,
    "epsdiluted": 0.026,
    "weightedAverageShsOut": 275000000,
    "weightedAverageShsOutDil": 275000000,
    "link": "https://www.sec.gov/Archives/edgar/data/1324404/000110465906071972/0001104659-06-071972-index.htm",
    "finalLink": "https://www.sec.gov/Archives/edgar/data/1324404/000110465906071972/a06-21976_110q.htm"
  },
  {
    "date": "2006-06-30",
    "symbol": "CF",
    "reportedCurrency": "USD",
    "cik": "0001324404",
    "fillingDate": "2006-08-14",
    "acceptedDate": "2006-08-14 15:18:57",
    "calendarYear": "2006",
    "period": "Q2",
    "revenue": 664800000,
    "costOfRevenue": 587500000,
    "grossProfit": 101200000,
    "grossProfitRatio": 0.1522262335,
    "researchAndDevelopmentExpenses": 0,
    "generalAndAdministrativeExpenses": 0,
    "sellingAndMarketingExpenses": 0,
    "sellingGeneralAndAdministrativeExpenses": 15900000,
    "otherExpenses": 0,
    "operatingExpenses": 15900000,
    "costAndExpenses": 603400000,
    "interestIncome": 0,
    "interestExpense": 0,
    "depreciationAndAmortization": 24900000,
    "ebitda": 110200000,
    "ebitdaratio": 0.1657641396,
    "operatingIncome": 85300000,
    "operatingIncomeRatio": 0.1283092659,
    "totalOtherIncomeExpensesNet": -15000000,
    "incomeBeforeTax": 70300000,
    "incomeBeforeTaxRatio": 0.105746089,
    "incomeTaxExpense": 27700000,
    "netIncome": 42600000,
    "netIncomeRatio": 0.0640794224,
    "eps": 0.15,
    "epsdiluted": 0.15,
    "weightedAverageShsOut": 275000000,
    "weightedAverageShsOutDil": 275000000,
    "link": "https://www.sec.gov/Archives/edgar/data/1324404/000110465906054697/0001104659-06-054697-index.htm",
    "finalLink": "https://www.sec.gov/Archives/edgar/data/1324404/000110465906054697/a06-15674_310q.htm"
  },
  {
    "date": "2006-03-31",
    "symbol": "CF",
    "reportedCurrency": "USD",
    "cik": "0001324404",
    "fillingDate": "2006-05-03",
    "acceptedDate": "2006-05-03 09:38:18",
    "calendarYear": "2006",
    "period": "Q1",
    "revenue": 400500000,
    "costOfRevenue": 423200000,
    "grossProfit": -22700000,
    "grossProfitRatio": -0.0566791511,
    "researchAndDevelopmentExpenses": 0,
    "generalAndAdministrativeExpenses": 0,
    "sellingAndMarketingExpenses": 0,
    "sellingGeneralAndAdministrativeExpenses": 14500000,
    "otherExpenses": 0,
    "operatingExpenses": 14500000,
    "costAndExpenses": 437700000,
    "interestIncome": 0,
    "interestExpense": 0,
    "depreciationAndAmortization": 22500000,
    "ebitda": -14700000,
    "ebitdaratio": -0.0367041199,
    "operatingIncome": -37200000,
    "operatingIncomeRatio": -0.0928838951,
    "totalOtherIncomeExpensesNet": -3600000,
    "incomeBeforeTax": -40800000,
    "incomeBeforeTaxRatio": -0.1018726592,
    "incomeTaxExpense": -16200000,
    "netIncome": -24600000,
    "netIncomeRatio": -0.061423221,
    "eps": -0.0895,
    "epsdiluted": -0.0895,
    "weightedAverageShsOut": 275000000,
    "weightedAverageShsOutDil": 275000000,
    "link": "https://www.sec.gov/Archives/edgar/data/1324404/000110465906030533/0001104659-06-030533-index.htm",
    "finalLink": "https://www.sec.gov/Archives/edgar/data/1324404/000110465906030533/a06-9866_110q.htm"
  },
  {
    "date": "2005-12-31",
    "symbol": "CF",
    "reportedCurrency": "USD",
    "cik": "0001324404",
    "fillingDate": "2006-03-20",
    "acceptedDate": "2006-03-20 14:22:33",
    "calendarYear": "2005",
    "period": "Q4",
    "revenue": 462985000,
    "costOfRevenue": 460725000,
    "grossProfit": 2260000,
    "grossProfitRatio": 0.0048813676,
    "researchAndDevelopmentExpenses": 0,
    "generalAndAdministrativeExpenses": 0,
    "sellingAndMarketingExpenses": 0,
    "sellingGeneralAndAdministrativeExpenses": 22089000,
    "otherExpenses": 2200000,
    "operatingExpenses": 24289000,
    "costAndExpenses": 485014000,
    "interestIncome": 0,
    "interestExpense": 0,
    "depreciationAndAmortization": 21069000,
    "ebitda": -960000,
    "ebitdaratio": -0.0020735013,
    "operatingIncome": -22029000,
    "operatingIncomeRatio": -0.0475803752,
    "totalOtherIncomeExpensesNet": 3354000,
    "incomeBeforeTax": -18675000,
    "incomeBeforeTaxRatio": -0.04033608,
    "incomeTaxExpense": -8729000,
    "netIncome": -12762000,
    "netIncomeRatio": -0.0275646079,
    "eps": -0.0464,
    "epsdiluted": -0.0464,
    "weightedAverageShsOut": 274999995,
    "weightedAverageShsOutDil": 274999995,
    "link": "https://www.sec.gov/Archives/edgar/data/1324404/000104746906003695/0001047469-06-003695-index.htm",
    "finalLink": "https://www.sec.gov/Archives/edgar/data/1324404/000104746906003695/a2168347z10-k.htm"
  },
  {
    "date": "2005-09-30",
    "symbol": "CF",
    "reportedCurrency": "USD",
    "cik": "0001324404",
    "fillingDate": "2005-10-09",
    "acceptedDate": "2005-11-09 17:41:51",
    "calendarYear": "2005",
    "period": "Q3",
    "revenue": 359430000,
    "costOfRevenue": 303400000,
    "grossProfit": 56000000,
    "grossProfitRatio": 0.1558022424,
    "researchAndDevelopmentExpenses": 0,
    "generalAndAdministrativeExpenses": 0,
    "sellingAndMarketingExpenses": 0,
    "sellingGeneralAndAdministrativeExpenses": 20850000,
    "otherExpenses": 0,
    "operatingExpenses": 19000000,
    "costAndExpenses": 322400000,
    "interestIncome": 0,
    "interestExpense": 0,
    "depreciationAndAmortization": 23200000,
    "ebitda": 60200000,
    "ebitdaratio": 0.1674874106,
    "operatingIncome": 37000000,
    "operatingIncomeRatio": 0.1029407673,
    "totalOtherIncomeExpensesNet": -33800000,
    "incomeBeforeTax": 3303000,
    "incomeBeforeTaxRatio": 0.0091895501,
    "incomeTaxExpense": 94672000,
    "netIncome": -91400000,
    "netIncomeRatio": -0.2542915171,
    "eps": -0.33,
    "epsdiluted": -0.33,
    "weightedAverageShsOut": 275000000,
    "weightedAverageShsOutDil": 275000000,
    "link": "https://www.sec.gov/Archives/edgar/data/1324404/000110465905054188/0001104659-05-054188-index.htm",
    "finalLink": "https://www.sec.gov/Archives/edgar/data/1324404/000110465905054188/a05-19744_110q.htm"
  },
  {
    "date": "2005-06-30",
    "symbol": "CF",
    "reportedCurrency": "USD",
    "cik": "0001324404",
    "fillingDate": "2005-06-30",
    "acceptedDate": "2005-06-30 00:00:00",
    "calendarYear": "2005",
    "period": "Q2",
    "revenue": 542993000,
    "costOfRevenue": 531100000,
    "grossProfit": 95600000,
    "grossProfitRatio": 0.1760612015,
    "researchAndDevelopmentExpenses": 0,
    "generalAndAdministrativeExpenses": 0,
    "sellingAndMarketingExpenses": 0,
    "sellingGeneralAndAdministrativeExpenses": 14081000,
    "otherExpenses": 0,
    "operatingExpenses": 16000000,
    "costAndExpenses": 547100000,
    "interestIncome": 0,
    "interestExpense": 0,
    "depreciationAndAmortization": 0,
    "ebitda": 79600000,
    "ebitdaratio": 0.1465948916,
    "operatingIncome": 79600000,
    "operatingIncomeRatio": 0.1465948916,
    "totalOtherIncomeExpensesNet": -8400000,
    "incomeBeforeTax": 53936000,
    "incomeBeforeTaxRatio": 0.0993309306,
    "incomeTaxExpense": 21379000,
    "netIncome": 42900000,
    "netIncomeRatio": 0.0790065434,
    "eps": 0.16,
    "epsdiluted": 0.16,
    "weightedAverageShsOut": 275000000,
    "weightedAverageShsOutDil": 275000000,
    "link": null,
    "finalLink": null
  },
  {
    "date": "2004-12-31",
    "symbol": "CF",
    "reportedCurrency": "USD",
    "cik": "0001324404",
    "fillingDate": "2004-12-31",
    "acceptedDate": "2004-12-31 00:00:00",
    "calendarYear": "2004",
    "period": "Q4",
    "revenue": 478593000,
    "costOfRevenue": 407291000,
    "grossProfit": 71302000,
    "grossProfitRatio": 0.1489825384,
    "researchAndDevelopmentExpenses": 0,
    "generalAndAdministrativeExpenses": 0,
    "sellingAndMarketingExpenses": 0,
    "sellingGeneralAndAdministrativeExpenses": 36707000,
    "otherExpenses": -6756000,
    "operatingExpenses": 29951000,
    "costAndExpenses": 437242000,
    "interestIncome": 0,
    "interestExpense": 0,
    "depreciationAndAmortization": 27580000,
    "ebitda": 68931000,
    "ebitdaratio": 0.1440284333,
    "operatingIncome": 41351000,
    "operatingIncomeRatio": 0.0864011801,
    "totalOtherIncomeExpensesNet": -11964000,
    "incomeBeforeTax": 29387000,
    "incomeBeforeTaxRatio": 0.0614029039,
    "incomeTaxExpense": 11159000,
    "netIncome": 18115000,
    "netIncomeRatio": 0.0378505327,
    "eps": 0.0659,
    "epsdiluted": 0.0659,
    "weightedAverageShsOut": 275000000,
    "weightedAverageShsOutDil": 275000000,
    "link": null,
    "finalLink": null
  },
  {
    "date": "2004-09-30",
    "symbol": "CF",
    "reportedCurrency": "USD",
    "cik": "0001324404",
    "fillingDate": "2004-09-30",
    "acceptedDate": "2004-09-30 00:00:00",
    "calendarYear": "2004",
    "period": "Q3",
    "revenue": 326694000,
    "costOfRevenue": 282781000,
    "grossProfit": 43913000,
    "grossProfitRatio": 0.1344163039,
    "researchAndDevelopmentExpenses": 0,
    "generalAndAdministrativeExpenses": 0,
    "sellingAndMarketingExpenses": 0,
    "sellingGeneralAndAdministrativeExpenses": 9864000,
    "otherExpenses": 1721000,
    "operatingExpenses": 11585000,
    "costAndExpenses": 294366000,
    "interestIncome": 0,
    "interestExpense": 0,
    "depreciationAndAmortization": 0,
    "ebitda": 32328000,
    "ebitdaratio": 0.0989549854,
    "operatingIncome": 32328000,
    "operatingIncomeRatio": 0.0989549854,
    "totalOtherIncomeExpensesNet": -9248000,
    "incomeBeforeTax": 23080000,
    "incomeBeforeTaxRatio": 0.0706471499,
    "incomeTaxExpense": 8764000,
    "netIncome": 14302000,
    "netIncomeRatio": 0.0437779696,
    "eps": 0.052,
    "epsdiluted": 0.052,
    "weightedAverageShsOut": 275000000,
    "weightedAverageShsOutDil": 275000000,
    "link": null,
    "finalLink": null
  }
]