[
  {
    "date": "2024-12-31",
    "symbol": "CF",
    "reportedCurrency": "USD",
    "cik": "0001324404",
    "fillingDate": "2025-02-20",
    "acceptedDate": "2025-02-20 16:11:40",
    "calendarYear": "2024",
    "period": "FY",
    "revenue": 5936000000,
    "costOfRevenue": 3875000000,
    "grossProfit": 2061000000,
    "grossProfitRatio": 0.347203504,
    "researchAndDevelopmentExpenses": 0,
    "generalAndAdministrativeExpenses": 320000000,
    "sellingAndMarketingExpenses": 0,
    "sellingGeneralAndAdministrativeExpenses": 320000000,
    "otherExpenses": 0,
    "operatingExpenses": 320000000,
    "costAndExpenses": 4195000000,
    "interestIncome": 123000000,
    "interestExpense": 121000000,
    "depreciationAndAmortization": 925000000,
    "ebitda": 2808000000,
    "ebitdaratio": 0.4730458221,
    "operatingIncome": 1741000000,
    "operatingIncomeRatio": 0.2932951482,
    "totalOtherIncomeExpensesNet": 21000000,
    "incomeBeforeTax": 1762000000,
    "incomeBeforeTaxRatio": 0.2968328841,
    "incomeTaxExpense": 285000000,
    "netIncome": 1218000000,
    "netIncomeRatio": 0.2051886792,
    "eps": 6.75,
    "epsdiluted": 6.74,
    "weightedAverageShsOut": 180400000,
    "weightedAverageShsOutDil": 180700000,
    "link": "https://www.sec.gov/Archives/edgar/data/1324404/000132440425000006/0001324404-25-000006-index.htm",
    "finalLink": "https://www.sec.gov/Archives/edgar/data/1324404/000132440425000006/cf-20241231.htm"
  },
  {
    "date": "2023-12-31",
    "symbol": "CF",
    "reportedCurrency": "USD",
    "cik": "0001324404",
    "fillingDate": "2024-02-22",
    "acceptedDate": "2024-02-22 16:33:13",
    "calendarYear": "2023",
    "period": "FY",
    "revenue": 6631000000,
    "costOfRevenue": 3986000000,
    "grossProfit": 2645000000,
    "grossProfitRatio": 0.3988840296,
    "researchAndDevelopmentExpenses": 0,
    "generalAndAdministrativeExpenses": 0,
    "sellingAndMarketingExpenses": 0,
    "sellingGeneralAndAdministrativeExpenses": 289000000,
    "otherExpenses": 0,
    "operatingExpenses": 289000000,
    "costAndExpenses": 4275000000,
    "interestIncome": 158000000,
    "interestExpense": 150000000,
    "depreciationAndAmortization": 869000000,
    "ebitda": 3267000000,
    "ebitdaratio": 0.4926858694,
    "operatingIncome": 2356000000,
    "operatingIncomeRatio": 0.3553008596,
    "totalOtherIncomeExpensesNet": -108000000,
    "incomeBeforeTax": 2248000000,
    "incomeBeforeTaxRatio": 0.3390137234,
    "incomeTaxExpense": 410000000,
    "netIncome": 1525000000,
    "netIncomeRatio": 0.2299803951,
    "eps": 7.89,
    "epsdiluted": 7.87,
    "weightedAverageShsOut": 193300000,
    "weightedAverageShsOutDil": 193800000,
    "link": "https://www.sec.gov/Archives/edgar/data/1324404/000132440424000008/0001324404-24-000008-index.htm",
    "finalLink": "https://www.sec.gov/Archives/edgar/data/1324404/000132440424000008/cf-20231231.htm"
  },
  {
    "date": "2022-12-31",
    "symbol": "CF",
    "reportedCurrency": "USD",
    "cik": "0001324404",
    "fillingDate": "2023-02-23",
    "acceptedDate": "2023-02-23 13:19:21",
    "calendarYear": "2022",
    "period": "FY",
    "revenue": 11186000000,
    "costOfRevenue": 5294000000,
    "grossProfit": 5892000000,
    "grossProfitRatio": 0.5267298409,
    "researchAndDevelopmentExpenses": 0,
    "generalAndAdministrativeExpenses": 0,
    "sellingAndMarketingExpenses": 0,
    "sellingGeneralAndAdministrativeExpenses": 290000000,
    "otherExpenses": 0,
    "operatingExpenses": 290000000,
    "costAndExpenses": 5584000000,
    "interestIncome": 65000000,
    "interestExpense": 344000000,
    "depreciationAndAmortization": 841000000,
    "ebitda": 6280000000,
    "ebitdaratio": 0.5614160558,
    "operatingIncome": 5602000000,
    "operatingIncomeRatio": 0.5008045772,
    "totalOtherIncomeExpensesNet": -507000000,
    "incomeBeforeTax": 5095000000,
    "incomeBeforeTaxRatio": 0.4554800644,
    "incomeTaxExpense": 1158000000,
    "netIncome": 3346000000,
    "netIncomeRatio": 0.2991239049,
    "eps": 16.46,
    "epsdiluted": 16.39,
    "weightedAverageShsOut": 203300000,
    "weightedAverageShsOutDil": 204200000,
    "link": "https://www.sec.gov/Archives/edgar/data/1324404/000132440423000006/0001324404-23-000006-index.htm",
    "finalLink": "https://www.sec.gov/Archives/edgar/data/1324404/000132440423000006/cf-20221231.htm"
  },
  {
    "date": "2021-12-31",
    "symbol": "CF",
    "reportedCurrency": "USD",
    "cik": "0001324404",
    "fillingDate": "2022-02-24",
    "acceptedDate": "2022-02-24 17:00:33",
    "calendarYear": "2021",
    "period": "FY",
    "revenue": 6538000000,
    "costOfRevenue": 4177000000,
    "grossProfit": 2361000000,
    "grossProfitRatio": 0.3611196084,
    "researchAndDevelopmentExpenses": 0,
    "generalAndAdministrativeExpenses": 0,
    "sellingAndMarketingExpenses": 0,
    "sellingGeneralAndAdministrativeExpenses": 223000000,
    "otherExpenses": 0,
    "operatingExpenses": 223000000,
    "costAndExpenses": 4400000000,
    "interestIncome": 1000000,
    "interestExpense": 184000000,
    "depreciationAndAmortization": 879000000,
    "ebitda": 2606000000,
    "ebitdaratio": 0.3985928418,
    "operatingIncome": 2138000000,
    "operatingIncomeRatio": 0.3270113184,
    "totalOtherIncomeExpensesNet": -595000000,
    "incomeBeforeTax": 1543000000,
    "incomeBeforeTaxRatio": 0.2360048945,
    "incomeTaxExpense": 283000000,
    "netIncome": 917000000,
    "netIncomeRatio": 0.1402569593,
    "eps": 4.2651,
    "epsdiluted": 4.2414,
    "weightedAverageShsOut": 215000000,
    "weightedAverageShsOutDil": 216200000,
    "link": "https://www.sec.gov/Archives/edgar/data/1324404/000132440422000008/0001324404-22-000008-index.htm",
    "finalLink": "https://www.sec.gov/Archives/edgar/data/1324404/000132440422000008/cf-20211231.htm"
  },
  {
    "date": "2020-12-31",
    "symbol": "CF",
    "reportedCurrency": "USD",
    "cik": "0001324404",
    "fillingDate": "2021-02-24",
    "acceptedDate": "2021-02-24 16:34:24",
    "calendarYear": "2020",
    "period": "FY",
    "revenue": 4124000000,
    "costOfRevenue": 3290000000,
    "grossProfit": 834000000,
    "grossProfitRatio": 0.2022308438,
    "researchAndDevelopmentExpenses": 0,
    "generalAndAdministrativeExpenses": 0,
    "sellingAndMarketingExpenses": 0,
    "sellingGeneralAndAdministrativeExpenses": 206000000,
    "otherExpenses": 0,
    "operatingExpenses": 206000000,
    "costAndExpenses": 3496000000,
    "interestIncome": 18000000,
    "interestExpense": 179000000,
    "depreciationAndAmortization": 884000000,
    "ebitda": 1526000000,
    "ebitdaratio": 0.370029098,
    "operatingIncome": 628000000,
    "operatingIncomeRatio": 0.1522793404,
    "totalOtherIncomeExpensesNet": -165000000,
    "incomeBeforeTax": 463000000,
    "incomeBeforeTaxRatio": 0.1122696411,
    "incomeTaxExpense": 31000000,
    "netIncome": 317000000,
    "netIncomeRatio": 0.0768671193,
    "eps": 1.4751,
    "epsdiluted": 1.473,
    "weightedAverageShsOut": 214900000,
    "weightedAverageShsOutDil": 215200000,
    "link": "https://www.sec.gov/Archives/edgar/data/1324404/000132440421000008/0001324404-21-000008-index.htm",
    "finalLink": "https://www.sec.gov/Archives/edgar/data/1324404/000132440421000008/cf-20201231.htm"
  },
  {
    "date": "2019-12-31",
    "symbol": "CF",
    "reportedCurrency": "USD",
    "cik": "0001324404",
    "fillingDate": "2020-02-24",
    "acceptedDate": "2020-02-24 15:15:28",
    "calendarYear": "2019",
    "period": "FY",
    "revenue": 4590000000,
    "costOfRevenue": 3406000000,
    "grossProfit": 1184000000,
    "grossProfitRatio": 0.2579520697,
    "researchAndDevelopmentExpenses": 0,
    "generalAndAdministrativeExpenses": 0,
    "sellingAndMarketingExpenses": 0,
    "sellingGeneralAndAdministrativeExpenses": 239000000,
    "otherExpenses": 0,
    "operatingExpenses": 239000000,
    "costAndExpenses": 3645000000,
    "interestIncome": 20000000,
    "interestExpense": 237000000,
    "depreciationAndAmortization": 863000000,
    "ebitda": 1872000000,
    "ebitdaratio": 0.4078431373,
    "operatingIncome": 945000000,
    "operatingIncomeRatio": 0.2058823529,
    "totalOtherIncomeExpensesNet": -173000000,
    "incomeBeforeTax": 772000000,
    "incomeBeforeTaxRatio": 0.1681917211,
    "incomeTaxExpense": 126000000,
    "netIncome": 493000000,
    "netIncomeRatio": 0.1074074074,
    "eps": 2.24,
    "epsdiluted": 2.22,
    "weightedAverageShsOut": 220200000,
    "weightedAverageShsOutDil": 221600000,
    "link": "https://www.sec.gov/Archives/edgar/data/1324404/000132440420000006/0001324404-20-000006-index.htm",
    "finalLink": "https://www.sec.gov/Archives/edgar/data/1324404/000132440420000006/cf-12312019x10k.htm"
  },
  {
    "date": "2018-12-31",
    "symbol": "CF",
    "reportedCurrency": "USD",
    "cik": "0001324404",
    "fillingDate": "2019-02-22",
    "acceptedDate": "2019-02-22 14:31:40",
    "calendarYear": "2018",
    "period": "FY",
    "revenue": 4429000000,
    "costOfRevenue": 3523000000,
    "grossProfit": 906000000,
    "grossProfitRatio": 0.204560849,
    "researchAndDevelopmentExpenses": 0,
    "generalAndAdministrativeExpenses": 0,
    "sellingAndMarketingExpenses": 0,
    "sellingGeneralAndAdministrativeExpenses": 214000000,
    "otherExpenses": 0,
    "operatingExpenses": 212000000,
    "costAndExpenses": 3735000000,
    "interestIncome": 13000000,
    "interestExpense": 241000000,
    "depreciationAndAmortization": 872000000,
    "ebitda": 1660000000,
    "ebitdaratio": 0.3748024385,
    "operatingIncome": 694000000,
    "operatingIncomeRatio": 0.1566945134,
    "totalOtherIncomeExpensesNet": -147000000,
    "incomeBeforeTax": 547000000,
    "incomeBeforeTaxRatio": 0.123504177,
    "incomeTaxExpense": 119000000,
    "netIncome": 290000000,
    "netIncomeRatio": 0.0654775344,
    "eps": 1.25,
    "epsdiluted": 1.24,
    "weightedAverageShsOut": 232600000,
    "weightedAverageShsOutDil": 233800000,
    "link": "https://www.sec.gov/Archives/edgar/data/1324404/000132440419000006/0001324404-19-000006-index.htm",
    "finalLink": "https://www.sec.gov/Archives/edgar/data/1324404/000132440419000006/cf-12312018x10k.htm"
  },
  {
    "date": "2017-12-31",
    "symbol": "CF",
    "reportedCurrency": "USD",
    "cik": "0001324404",
    "fillingDate": "2018-02-22",
    "acceptedDate": "2018-02-22 12:38:53",
    "calendarYear": "2017",
    "period": "FY",
    "revenue": 4130000000,
    "costOfRevenue": 3609000000,
    "grossProfit": 521000000,
    "grossProfitRatio": 0.1261501211,
    "researchAndDevelopmentExpenses": 0,
    "generalAndAdministrativeExpenses": 0,
    "sellingAndMarketingExpenses": 0,
    "sellingGeneralAndAdministrativeExpenses": 192000000,
    "otherExpenses": 0,
    "operatingExpenses": 191000000,
    "costAndExpenses": 3800000000,
    "interestIncome": 12000000,
    "interestExpense": 315000000,
    "depreciationAndAmortization": 857000000,
    "ebitda": 1047000000,
    "ebitdaratio": 0.2535108959,
    "operatingIncome": 330000000,
    "operatingIncomeRatio": 0.0799031477,
    "totalOtherIncomeExpensesNet": -455000000,
    "incomeBeforeTax": -125000000,
    "incomeBeforeTaxRatio": -0.0302663438,
    "incomeTaxExpense": -575000000,
    "netIncome": 358000000,
    "netIncomeRatio": 0.0866828087,
    "eps": 1.53,
    "epsdiluted": 1.53,
    "weightedAverageShsOut": 233500000,
    "weightedAverageShsOutDil": 233900000,
    "link": "https://www.sec.gov/Archives/edgar/data/1324404/000132440418000006/0001324404-18-000006-index.htm",
    "finalLink": "https://www.sec.gov/Archives/edgar/data/1324404/000132440418000006/cf-12312017x10k.htm"
  },
  {
    "date": "2016-12-31",
    "symbol": "CF",
    "reportedCurrency": "USD",
    "cik": "0001324404",
    "fillingDate": "2017-02-23",
    "acceptedDate": "2017-02-23 13:28:58",
    "calendarYear": "2016",
    "period": "FY",
    "revenue": 3685000000,
    "costOfRevenue": 2972000000,
    "grossProfit": 713000000,
    "grossProfitRatio": 0.1934871099,
    "researchAndDevelopmentExpenses": 0,
    "generalAndAdministrativeExpenses": 0,
    "sellingAndMarketingExpenses": 0,
    "sellingGeneralAndAdministrativeExpenses": 174000000,
    "otherExpenses": 0,
    "operatingExpenses": 174000000,
    "costAndExpenses": 3146000000,
    "interestIncome": 5000000,
    "interestExpense": 200000000,
    "depreciationAndAmortization": 614000000,
    "ebitda": 588000000,
    "ebitdaratio": 0.1595658073,
    "operatingIncome": 539000000,
    "operatingIncomeRatio": 0.1462686567,
    "totalOtherIncomeExpensesNet": -765000000,
    "incomeBeforeTax": -226000000,
    "incomeBeforeTaxRatio": -0.0613297151,
    "incomeTaxExpense": -68000000,
    "netIncome": -277000000,
    "netIncomeRatio": -0.0751696065,
    "eps": -1.19,
    "epsdiluted": -1.19,
    "weightedAverageShsOut": 232773109,
    "weightedAverageShsOutDil": 233100000,
    "link": "https://www.sec.gov/Archives/edgar/data/1324404/000132440417000007/0001324404-17-000007-index.htm",
    "finalLink": "https://www.sec.gov/Archives/edgar/data/1324404/000132440417000007/cf-12312016x10k.htm"
  },
  {
    "date": "2015-12-31",
    "symbol": "CF",
    "reportedCurrency": "USD",
    "cik": "0001324404",
    "fillingDate": "2016-02-25",
    "acceptedDate": "2016-02-25 14:33:55",
    "calendarYear": "2015",
    "period": "FY",
    "revenue": 4308300000,
    "costOfRevenue": 2471000000,
    "grossProfit": 1837000000,
    "grossProfitRatio": 0.4263862777,
    "researchAndDevelopmentExpenses": 0,
    "generalAndAdministrativeExpenses": 0,
    "sellingAndMarketingExpenses": 0,
    "sellingGeneralAndAdministrativeExpenses": 169800000,
    "otherExpenses": 0,
    "operatingExpenses": 170000000,
    "costAndExpenses": 2641000000,
    "interestIncome": 2000000,
    "interestExpense": 133000000,
    "depreciationAndAmortization": 454000000,
    "ebitda": 1645000000,
    "ebitdaratio": 0.3818211359,
    "operatingIncome": 1667000000,
    "operatingIncomeRatio": 0.3869275584,
    "totalOtherIncomeExpensesNet": -537000000,
    "incomeBeforeTax": 1057600000,
    "incomeBeforeTaxRatio": 0.2454796555,
    "incomeTaxExpense": 395800000,
    "netIncome": 700000000,
    "netIncomeRatio": 0.1624770791,
    "eps": 2.97,
    "epsdiluted": 2.96,
    "weightedAverageShsOut": 235300000,
    "weightedAverageShsOutDil": 236100000,
    "link": "https://www.sec.gov/Archives/edgar/data/1324404/000132440416000019/0001324404-16-000019-index.htm",
    "finalLink": "https://www.sec.gov/Archives/edgar/data/1324404/000132440416000019/cf-12312015x10k.htm"
  },
  {
    "date": "2014-12-31",
    "symbol": "CF",
    "reportedCurrency": "USD",
    "cik": "0001324404",
    "fillingDate": "2015-02-26",
    "acceptedDate": "2015-02-26 14:49:58",
    "calendarYear": "2014",
    "period": "FY",
    "revenue": 4743200000,
    "costOfRevenue": 2949400000,
    "grossProfit": 1793800000,
    "grossProfitRatio": 0.3781835048,
    "researchAndDevelopmentExpenses": 0,
    "generalAndAdministrativeExpenses": 0,
    "sellingAndMarketingExpenses": 0,
    "sellingGeneralAndAdministrativeExpenses": 151900000,
    "otherExpenses": 0,
    "operatingExpenses": 182600000,
    "costAndExpenses": 3132000000,
    "interestIncome": 1300000,
    "interestExpense": 178200000,
    "depreciationAndAmortization": 392500000,
    "ebitda": 2758000000,
    "ebitdaratio": 0.5814639906,
    "operatingIncome": 1611200000,
    "operatingIncomeRatio": 0.3396862877,
    "totalOtherIncomeExpensesNet": 598600000,
    "incomeBeforeTax": 2187300000,
    "incomeBeforeTaxRatio": 0.4611443751,
    "incomeTaxExpense": 773000000,
    "netIncome": 1390000000,
    "netIncomeRatio": 0.2930511047,
    "eps": 5.43,
    "epsdiluted": 5.42,
    "weightedAverageShsOut": 256000000,
    "weightedAverageShsOutDil": 256500000,
    "link": "https://www.sec.gov/Archives/edgar/data/1324404/000162828015001077/0001628280-15-001077-index.htm",
    "finalLink": "https://www.sec.gov/Archives/edgar/data/1324404/000162828015001077/cf-12312014x10k.htm"
  },
  {
    "date": "2013-12-31",
    "symbol": "CF",
    "reportedCurrency": "USD",
    "cik": "0001324404",
    "fillingDate": "2014-02-27",
    "acceptedDate": "2014-02-27 16:15:29",
    "calendarYear": "2013",
    "period": "FY",
    "revenue": 5474700000,
    "costOfRevenue": 3009200000,
    "grossProfit": 2465500000,
    "grossProfitRatio": 0.4503443111,
    "researchAndDevelopmentExpenses": 0,
    "generalAndAdministrativeExpenses": 0,
    "sellingAndMarketingExpenses": 0,
    "sellingGeneralAndAdministrativeExpenses": 166000000,
    "otherExpenses": 0,
    "operatingExpenses": 166000000,
    "costAndExpenses": 3175200000,
    "interestIncome": 5300000,
    "interestExpense": 152200000,
    "depreciationAndAmortization": 410600000,
    "ebitda": 2772500000,
    "ebitdaratio": 0.5064204431,
    "operatingIncome": 2299500000,
    "operatingIncomeRatio": 0.420023015,
    "totalOtherIncomeExpensesNet": -80200000,
    "incomeBeforeTax": 2209700000,
    "incomeBeforeTaxRatio": 0.4036202897,
    "incomeTaxExpense": 686500000,
    "netIncome": 1464600000,
    "netIncomeRatio": 0.267521508,
    "eps": 4.97,
    "epsdiluted": 4.95,
    "weightedAverageShsOut": 294500000,
    "weightedAverageShsOutDil": 296000000,
    "link": "https://www.sec.gov/Archives/edgar/data/1324404/000104746914001484/0001047469-14-001484-index.htm",
    "finalLink": "https://www.sec.gov/Archives/edgar/data/1324404/000104746914001484/a2218347z10-k.htm"
  },
  {
    "date": "2012-12-31",
    "symbol": "CF",
    "reportedCurrency": "USD",
    "cik": "0001324404",
    "fillingDate": "2013-02-27",
    "acceptedDate": "2013-02-27 16:19:44",
    "calendarYear": "2012",
    "period": "FY",
    "revenue": 6104000000,
    "costOfRevenue": 2934700000,
    "grossProfit": 3169300000,
    "grossProfitRatio": 0.5192169069,
    "researchAndDevelopmentExpenses": 21900000,
    "generalAndAdministrativeExpenses": 0,
    "sellingAndMarketingExpenses": 0,
    "sellingGeneralAndAdministrativeExpenses": 151800000,
    "otherExpenses": 0,
    "operatingExpenses": 151800000,
    "costAndExpenses": 3086500000,
    "interestIncome": 4300000,
    "interestExpense": 135300000,
    "depreciationAndAmortization": 419800000,
    "ebitda": 3384600000,
    "ebitdaratio": 0.5544888598,
    "operatingIncome": 3017500000,
    "operatingIncomeRatio": 0.4943479685,
    "totalOtherIncomeExpensesNet": -129900000,
    "incomeBeforeTax": 2829500000,
    "incomeBeforeTaxRatio": 0.4635484928,
    "incomeTaxExpense": 964200000,
    "netIncome": 1848700000,
    "netIncomeRatio": 0.3028669725,
    "eps": 5.79,
    "epsdiluted": 5.72,
    "weightedAverageShsOut": 319500000,
    "weightedAverageShsOutDil": 323500000,
    "link": "https://www.sec.gov/Archives/edgar/data/1324404/000104746913001819/0001047469-13-001819-index.htm",
    "finalLink": "https://www.sec.gov/Archives/edgar/data/1324404/000104746913001819/a2212938z10-k.htm"
  },
  {
    "date": "2011-12-31",
    "symbol": "CF",
    "reportedCurrency": "USD",
    "cik": "0001324404",
    "fillingDate": "2012-02-27",
    "acceptedDate": "2012-02-27 16:49:08",
    "calendarYear": "2011",
    "period": "FY",
    "revenue": 6097900000,
    "costOfRevenue": 3070500000,
    "grossProfit": 3027400000,
    "grossProfitRatio": 0.4964659965,
    "researchAndDevelopmentExpenses": 0,
    "generalAndAdministrativeExpenses": 0,
    "sellingAndMarketingExpenses": 0,
    "sellingGeneralAndAdministrativeExpenses": 130000000,
    "otherExpenses": 0,
    "operatingExpenses": 130000000,
    "costAndExpenses": 3200500000,
    "interestIncome": 1700000,
    "interestExpense": 147200000,
    "depreciationAndAmortization": 416200000,
    "ebitda": 3209000000,
    "ebitdaratio": 0.5262467407,
    "operatingIncome": 2897400000,
    "operatingIncomeRatio": 0.4751471818,
    "totalOtherIncomeExpensesNet": -209900000,
    "incomeBeforeTax": 2645600000,
    "incomeBeforeTaxRatio": 0.4338542777,
    "incomeTaxExpense": -926500000,
    "netIncome": 1539200000,
    "netIncomeRatio": 0.2524147657,
    "eps": 4.44,
    "epsdiluted": 4.4,
    "weightedAverageShsOut": 347000000,
    "weightedAverageShsOutDil": 350000000,
    "link": "https://www.sec.gov/Archives/edgar/data/1324404/000104746912001620/0001047469-12-001620-index.htm",
    "finalLink": "https://www.sec.gov/Archives/edgar/data/1324404/000104746912001620/a2207426z10-k.htm"
  },
  {
    "date": "2010-12-31",
    "symbol": "CF",
    "reportedCurrency": "USD",
    "cik": "0001324404",
    "fillingDate": "2011-02-25",
    "acceptedDate": "2011-02-25 16:51:27",
    "calendarYear": "2010",
    "period": "FY",
    "revenue": 3965000000,
    "costOfRevenue": 2741900000,
    "grossProfit": 1223100000,
    "grossProfitRatio": 0.3084741488,
    "researchAndDevelopmentExpenses": 0,
    "generalAndAdministrativeExpenses": 0,
    "sellingAndMarketingExpenses": 0,
    "sellingGeneralAndAdministrativeExpenses": 106100000,
    "otherExpenses": 0,
    "operatingExpenses": 106100000,
    "costAndExpenses": 2848000000,
    "interestIncome": 1500000,
    "interestExpense": 221300000,
    "depreciationAndAmortization": 394800000,
    "ebitda": 1303800000,
    "ebitdaratio": 0.3288272383,
    "operatingIncome": 1117000000,
    "operatingIncomeRatio": 0.2817150063,
    "totalOtherIncomeExpensesNet": -402600000,
    "incomeBeforeTax": 687700000,
    "incomeBeforeTaxRatio": 0.173442623,
    "incomeTaxExpense": 273700000,
    "netIncome": 349200000,
    "netIncomeRatio": 0.0880706179,
    "eps": 1.08,
    "epsdiluted": 1.07,
    "weightedAverageShsOut": 323500000,
    "weightedAverageShsOutDil": 327000000,
    "link": "https://www.sec.gov/Archives/edgar/data/1324404/000104746911001417/0001047469-11-001417-index.htm",
    "finalLink": "https://www.sec.gov/Archives/edgar/data/1324404/000104746911001417/a2202123z10-k.htm"
  },
  {
    "date": "2009-12-31",
    "symbol": "CF",
    "reportedCurrency": "USD",
    "cik": "0001324404",
    "fillingDate": "2010-02-25",
    "acceptedDate": "2010-02-25 16:45:36",
    "calendarYear": "2009",
    "period": "FY",
    "revenue": 2608400000,
    "costOfRevenue": 1740900000,
    "grossProfit": 867500000,
    "grossProfitRatio": 0.332579359,
    "researchAndDevelopmentExpenses": 0,
    "generalAndAdministrativeExpenses": 0,
    "sellingAndMarketingExpenses": 0,
    "sellingGeneralAndAdministrativeExpenses": 62900000,
    "otherExpenses": 0,
    "operatingExpenses": 62900000,
    "costAndExpenses": 1803800000,
    "interestIncome": 4500000,
    "interestExpense": 1500000,
    "depreciationAndAmortization": 101000000,
    "ebitda": 798100000,
    "ebitdaratio": 0.3059730103,
    "operatingIncome": 804600000,
    "operatingIncomeRatio": 0.3084649594,
    "totalOtherIncomeExpensesNet": -110100000,
    "incomeBeforeTax": 695600000,
    "incomeBeforeTaxRatio": 0.26667689,
    "incomeTaxExpense": 246000000,
    "netIncome": 365600000,
    "netIncomeRatio": 0.1401625518,
    "eps": 1.51,
    "epsdiluted": 1.48,
    "weightedAverageShsOut": 242500000,
    "weightedAverageShsOutDil": 246000000,
    "link": "https://www.sec.gov/Archives/edgar/data/1324404/000104746910001364/0001047469-10-001364-index.htm",
    "finalLink": "https://www.sec.gov/Archives/edgar/data/1324404/000104746910001364/a2196589z10-k.htm"
  },
  {
    "date": "2008-12-31",
    "symbol": "CF",
    "reportedCurrency": "USD",
    "cik": "0001324404",
    "fillingDate": "2009-02-26",
    "acceptedDate": "2009-02-26 10:57:45",
    "calendarYear": "2008",
    "period": "FY",
    "revenue": 3921100000,
    "costOfRevenue": 2607900000,
    "grossProfit": 1313200000,
    "grossProfitRatio": 0.3349060213,
    "researchAndDevelopmentExpenses": 0,
    "generalAndAdministrativeExpenses": 0,
    "sellingAndMarketingExpenses": 0,
    "sellingGeneralAndAdministrativeExpenses": 72500000,
    "otherExpenses": 0,
    "operatingExpenses": 68000000,
    "costAndExpenses": 2675900000,
    "interestIncome": 26100000,
    "interestExpense": 1600000,
    "depreciationAndAmortization": 100800000,
    "ebitda": 1277800000,
    "ebitdaratio": 0.3258779424,
    "operatingIncome": 1245200000,
    "operatingIncomeRatio": 0.3175639489,
    "totalOtherIncomeExpensesNet": -65600000,
    "incomeBeforeTax": 1058500000,
    "incomeBeforeTaxRatio": 0.269949759,
    "incomeTaxExpense": 378100000,
    "netIncome": 684600000,
    "netIncomeRatio": 0.174593864,
    "eps": 2.47,
    "epsdiluted": 2.43,
    "weightedAverageShsOut": 277000000,
    "weightedAverageShsOutDil": 282000000,
    "link": "https://www.sec.gov/Archives/edgar/data/1324404/000104746909001858/0001047469-09-001858-index.htm",
    "finalLink": "https://www.sec.gov/Archives/edgar/data/1324404/000104746909001858/a2190830z10-k.htm"
  },
  {
    "date": "2007-12-31",
    "symbol": "CF",
    "reportedCurrency": "USD",
    "cik": "0001324404",
    "fillingDate": "2008-02-27",
    "acceptedDate": "2008-02-27 15:25:05",
    "calendarYear": "2007",
    "period": "FY",
    "revenue": 2756700000,
    "costOfRevenue": 2027200000,
    "grossProfit": 729500000,
    "grossProfitRatio": 0.2646279972,
    "researchAndDevelopmentExpenses": 0,
    "generalAndAdministrativeExpenses": 0,
    "sellingAndMarketingExpenses": 0,
    "sellingGeneralAndAdministrativeExpenses": 68400000,
    "otherExpenses": 0,
    "operatingExpenses": 65200000,
    "costAndExpenses": 2092400000,
    "interestIncome": 24400000,
    "interestExpense": 1700000,
    "depreciationAndAmortization": 84500000,
    "ebitda": 712100000,
    "ebitdaratio": 0.2583161026,
    "operatingIncome": 664300000,
    "operatingIncomeRatio": 0.2409765299,
    "totalOtherIncomeExpensesNet": -37500000,
    "incomeBeforeTax": 571300000,
    "incomeBeforeTaxRatio": 0.2072405412,
    "incomeTaxExpense": 199500000,
    "netIncome": 372700000,
    "netIncomeRatio": 0.1351978815,
    "eps": 1.34,
    "epsdiluted": 1.31,
    "weightedAverageShsOut": 277500000,
    "weightedAverageShsOutDil": 283500000,
    "link": "https://www.sec.gov/Archives/edgar/data/1324404/000104746908001816/0001047469-08-001816-index.htm",
    "finalLink": "https://www.sec.gov/Archives/edgar/data/1324404/000104746908001816/a2182862z10-k.htm"
  },
  {
    "date": "2006-12-31",
    "symbol": "CF",
    "reportedCurrency": "USD",
    "cik": "0001324404",
    "fillingDate": "2007-02-28",
    "acceptedDate": "2007-02-28 16:14:48",
    "calendarYear": "2006",
    "period": "FY",
    "revenue": 1949500000,
    "costOfRevenue": 1708600000,
    "grossProfit": 240900000,
    "grossProfitRatio": 0.1235701462,
    "researchAndDevelopmentExpenses": 0,
    "generalAndAdministrativeExpenses": 0,
    "sellingAndMarketingExpenses": 0,
    "sellingGeneralAndAdministrativeExpenses": 54500000,
    "otherExpenses": -22600000,
    "operatingExpenses": 77100000,
    "costAndExpenses": 1785700000,
    "interestIncome": 12500000,
    "interestExpense": 2900000,
    "depreciationAndAmortization": 94600000,
    "ebitda": 179300000,
    "ebitdaratio": 0.0919723006,
    "operatingIncome": 163800000,
    "operatingIncomeRatio": 0.084021544,
    "totalOtherIncomeExpensesNet": -82000000,
    "incomeBeforeTax": 53000000,
    "incomeBeforeTaxRatio": 0.0271864581,
    "incomeTaxExpense": 19700000,
    "netIncome": 33300000,
    "netIncomeRatio": 0.0170813029,
    "eps": 0.12,
    "epsdiluted": 0.12,
    "weightedAverageShsOut": 275000000,
    "weightedAverageShsOutDil": 275500000,
    "link": "https://www.sec.gov/Archives/edgar/data/1324404/000110465907014916/0001104659-07-014916-index.htm",
    "finalLink": "https://www.sec.gov/Archives/edgar/data/1324404/000110465907014916/a07-1577_110k.htm"
  },
  {
    "date": "2005-12-31",
    "symbol": "CF",
    "reportedCurrency": "USD",
    "cik": "0001324404",
    "fillingDate": "2006-03-20",
    "acceptedDate": "2006-03-20 14:22:33",
    "calendarYear": "2005",
    "period": "FY",
    "revenue": 1908400000,
    "costOfRevenue": 1675900000,
    "grossProfit": 232500000,
    "grossProfitRatio": 0.1218298051,
    "researchAndDevelopmentExpenses": 0,
    "generalAndAdministrativeExpenses": 0,
    "sellingAndMarketingExpenses": 0,
    "sellingGeneralAndAdministrativeExpenses": 71100000,
    "otherExpenses": -15300000,
    "operatingExpenses": 72300000,
    "costAndExpenses": 1748200000,
    "interestIncome": 14600000,
    "interestExpense": 14000000,
    "depreciationAndAmortization": 97500000,
    "ebitda": 221800000,
    "ebitdaratio": 0.116223014,
    "operatingIncome": 160200000,
    "operatingIncomeRatio": 0.0839446657,
    "totalOtherIncomeExpensesNet": -49900000,
    "incomeBeforeTax": 92500000,
    "incomeBeforeTaxRatio": 0.0484699224,
    "incomeTaxExpense": 128700000,
    "netIncome": -39000000,
    "netIncomeRatio": -0.0204359673,
    "eps": -0.14,
    "epsdiluted": -0.14,
    "weightedAverageShsOut": 275000000,
    "weightedAverageShsOutDil": 275000000,
    "link": "https://www.sec.gov/Archives/edgar/data/1324404/000104746906003695/0001047469-06-003695-index.htm",
    "finalLink": "https://www.sec.gov/Archives/edgar/data/1324404/000104746906003695/a2168347z10-k.htm"
  },
  {
    "date": "2004-12-31",
    "symbol": "CF",
    "reportedCurrency": "USD",
    "cik": "0001324404",
    "fillingDate": "2004-12-31",
    "acceptedDate": "2004-12-31 00:00:00",
    "calendarYear": "2004",
    "period": "FY",
    "revenue": 1650652000,
    "costOfRevenue": 1434600000,
    "grossProfit": 216100000,
    "grossProfitRatio": 0.1309179645,
    "researchAndDevelopmentExpenses": 0,
    "generalAndAdministrativeExpenses": 0,
    "sellingAndMarketingExpenses": 0,
    "sellingGeneralAndAdministrativeExpenses": 66873000,
    "otherExpenses": -25043000,
    "operatingExpenses": 66873000,
    "costAndExpenses": 1501500000,
    "interestIncome": 5901000,
    "interestExpense": 16800000,
    "depreciationAndAmortization": 108600000,
    "ebitda": 256450000,
    "ebitdaratio": 0.1553628506,
    "operatingIncome": 149200000,
    "operatingIncomeRatio": 0.0903885253,
    "totalOtherIncomeExpensesNet": -17100000,
    "incomeBeforeTax": 109022000,
    "incomeBeforeTaxRatio": 0.0660478405,
    "incomeTaxExpense": 41400000,
    "netIncome": 67732000,
    "netIncomeRatio": 0.0410334825,
    "eps": 0.25,
    "epsdiluted": 0.25,
    "weightedAverageShsOut": 275000000,
    "weightedAverageShsOutDil": 275000000,
    "link": null,
    "finalLink": null
  },
  {
    "date": "2003-12-31",
    "symbol": "CF",
    "reportedCurrency": "USD",
    "cik": "0001324404",
    "fillingDate": "2003-12-31",
    "acceptedDate": "2003-12-31 00:00:00",
    "calendarYear": "2003",
    "period": "FY",
    "revenue": 1390100000,
    "costOfRevenue": 1355700000,
    "grossProfit": 34400000,
    "grossProfitRatio": 0.0247464211,
    "researchAndDevelopmentExpenses": 0,
    "generalAndAdministrativeExpenses": 0,
    "sellingAndMarketingExpenses": 0,
    "sellingGeneralAndAdministrativeExpenses": 38400000,
    "otherExpenses": 1600000,
    "operatingExpenses": 40000000,
    "costAndExpenses": 1395700000,
    "interestIncome": 0,
    "interestExpense": 0,
    "depreciationAndAmortization": 0,
    "ebitda": -5600000,
    "ebitdaratio": -0.0040284872,
    "operatingIncome": -5600000,
    "operatingIncomeRatio": -0.0040284872,
    "totalOtherIncomeExpensesNet": -27000000,
    "incomeBeforeTax": -32600000,
    "incomeBeforeTaxRatio": -0.0234515502,
    "incomeTaxExpense": 12600000,
    "netIncome": -18400000,
    "netIncomeRatio": -0.0132364578,
    "eps": -0.0669,
    "epsdiluted": -0.0669,
    "weightedAverageShsOut": 275000000,
    "weightedAverageShsOutDil": 275000000,
    "link": null,
    "finalLink": null
  },
  {
    "date": "2002-12-31",
    "symbol": "CF",
    "reportedCurrency": "USD",
    "cik": "0001324404",
    "fillingDate": "2002-12-31",
    "acceptedDate": "2002-12-31 00:00:00",
    "calendarYear": "2002",
    "period": "FY",
    "revenue": 1014100000,
    "costOfRevenue": 986300000,
    "grossProfit": 27800000,
    "grossProfitRatio": 0.0274134701,
    "researchAndDevelopmentExpenses": 0,
    "generalAndAdministrativeExpenses": 0,
    "sellingAndMarketingExpenses": 0,
    "sellingGeneralAndAdministrativeExpenses": 37300000,
    "otherExpenses": 9300000,
    "operatingExpenses": 46600000,
    "costAndExpenses": 1032900000,
    "interestIncome": 0,
    "interestExpense": 0,
    "depreciationAndAmortization": 0,
    "ebitda": -18800000,
    "ebitdaratio": -0.0185386057,
    "operatingIncome": -18800000,
    "operatingIncomeRatio": -0.0185386057,
    "totalOtherIncomeExpensesNet": -27600000,
    "incomeBeforeTax": -46400000,
    "incomeBeforeTaxRatio": -0.0457548565,
    "incomeTaxExpense": 16600000,
    "netIncome": -28100000,
    "netIncomeRatio": -0.0277092989,
    "eps": -0.1,
    "epsdiluted": -0.1,
    "weightedAverageShsOut": 275000000,
    "weightedAverageShsOutDil": 275000000,
    "link": null,
    "finalLink": null
  },
  {
    "date": "2001-12-31",
    "symbol": "CF",
    "reportedCurrency": "USD",
    "cik": "0001324404",
    "fillingDate": "2001-12-31",
    "acceptedDate": "2001-12-31 00:00:00",
    "calendarYear": "2001",
    "period": "FY",
    "revenue": 1159600000,
    "costOfRevenue": 1244700000,
    "grossProfit": -85100000,
    "grossProfitRatio": -0.073387375,
    "researchAndDevelopmentExpenses": 0,
    "generalAndAdministrativeExpenses": 0,
    "sellingAndMarketingExpenses": 0,
    "sellingGeneralAndAdministrativeExpenses": 36100000,
    "otherExpenses": 13100000,
    "operatingExpenses": 49200000,
    "costAndExpenses": 1293900000,
    "interestIncome": 0,
    "interestExpense": 0,
    "depreciationAndAmortization": 0,
    "ebitda": -134300000,
    "ebitdaratio": -0.1158157986,
    "operatingIncome": -134300000,
    "operatingIncomeRatio": -0.1158157986,
    "totalOtherIncomeExpensesNet": -14100000,
    "incomeBeforeTax": -148400000,
    "incomeBeforeTaxRatio": -0.1279751638,
    "incomeTaxExpense": 59300000,
    "netIncome": -74200000,
    "netIncomeRatio": -0.0639875819,
    "eps": -0.27,
    "epsdiluted": -0.27,
    "weightedAverageShsOut": 275000000,
    "weightedAverageShsOutDil": 275000000,
    "link": null,
    "finalLink": null
  }
]