[
  {
    "date": "2025-06-30",
    "symbol": "CFG",
    "reportedCurrency": "USD",
    "cik": "0000759944",
    "fillingDate": "2025-08-04",
    "acceptedDate": "2025-08-04 16:03:49",
    "calendarYear": "2025",
    "period": "Q2",
    "revenue": 3007000000,
    "costOfRevenue": 1134000000,
    "grossProfit": 1873000000,
    "grossProfitRatio": 0.6228799468,
    "researchAndDevelopmentExpenses": 0,
    "generalAndAdministrativeExpenses": 719000000,
    "sellingAndMarketingExpenses": 45000000,
    "sellingGeneralAndAdministrativeExpenses": 764000000,
    "otherExpenses": 555000000,
    "operatingExpenses": 1319000000,
    "costAndExpenses": 2453000000,
    "interestIncome": 2407000000,
    "interestExpense": 970000000,
    "depreciationAndAmortization": 124000000,
    "ebitda": 678000000,
    "ebitdaratio": 0.2254738942,
    "operatingIncome": 554000000,
    "operatingIncomeRatio": 0.1842367808,
    "totalOtherIncomeExpensesNet": 0,
    "incomeBeforeTax": 554000000,
    "incomeBeforeTaxRatio": 0.1842367808,
    "incomeTaxExpense": 118000000,
    "netIncome": 436000000,
    "netIncomeRatio": 0.1449950116,
    "eps": 0.93,
    "epsdiluted": 0.92,
    "weightedAverageShsOut": 433640210,
    "weightedAverageShsOutDil": 436539774,
    "link": "https://www.sec.gov/Archives/edgar/data/759944/000075994425000108/0000759944-25-000108-index.htm",
    "finalLink": "https://www.sec.gov/Archives/edgar/data/759944/000075994425000108/cfg-20250630.htm"
  },
  {
    "date": "2025-03-31",
    "symbol": "CFG",
    "reportedCurrency": "USD",
    "cik": "0000759944",
    "fillingDate": "2025-05-01",
    "acceptedDate": "2025-05-01 16:02:18",
    "calendarYear": "2025",
    "period": "Q1",
    "revenue": 2896000000,
    "costOfRevenue": 1114000000,
    "grossProfit": 1782000000,
    "grossProfitRatio": 0.6153314917,
    "researchAndDevelopmentExpenses": 0,
    "generalAndAdministrativeExpenses": 734000000,
    "sellingAndMarketingExpenses": 40000000,
    "sellingGeneralAndAdministrativeExpenses": 774000000,
    "otherExpenses": 540000000,
    "operatingExpenses": 1314000000,
    "costAndExpenses": 2428000000,
    "interestIncome": 2352000000,
    "interestExpense": 961000000,
    "depreciationAndAmortization": 123000000,
    "ebitda": 591000000,
    "ebitdaratio": 0.2040745856,
    "operatingIncome": 468000000,
    "operatingIncomeRatio": 0.1616022099,
    "totalOtherIncomeExpensesNet": 0,
    "incomeBeforeTax": 468000000,
    "incomeBeforeTaxRatio": 0.1616022099,
    "incomeTaxExpense": 95000000,
    "netIncome": 373000000,
    "netIncomeRatio": 0.1287983425,
    "eps": 0.78,
    "epsdiluted": 0.77,
    "weightedAverageShsOut": 438321000,
    "weightedAverageShsOutDil": 442200000,
    "link": "https://www.sec.gov/Archives/edgar/data/759944/000075994425000070/0000759944-25-000070-index.htm",
    "finalLink": "https://www.sec.gov/Archives/edgar/data/759944/000075994425000070/cfg-20250331.htm"
  },
  {
    "date": "2024-12-31",
    "symbol": "CFG",
    "reportedCurrency": "USD",
    "cik": "0000759944",
    "fillingDate": "2025-02-13",
    "acceptedDate": "2025-02-13 16:03:58",
    "calendarYear": "2024",
    "period": "Q4",
    "revenue": 3026000000,
    "costOfRevenue": 1212000000,
    "grossProfit": 1814000000,
    "grossProfitRatio": 0.5994712492,
    "researchAndDevelopmentExpenses": 0,
    "generalAndAdministrativeExpenses": 674000000,
    "sellingAndMarketingExpenses": 46000000,
    "sellingGeneralAndAdministrativeExpenses": 720000000,
    "otherExpenses": 586000000,
    "operatingExpenses": 1306000000,
    "costAndExpenses": 2518000000,
    "interestIncome": 2462000000,
    "interestExpense": 1050000000,
    "depreciationAndAmortization": 124000000,
    "ebitda": 632000000,
    "ebitdaratio": 0.2088565763,
    "operatingIncome": 508000000,
    "operatingIncomeRatio": 0.1678783873,
    "totalOtherIncomeExpensesNet": 0,
    "incomeBeforeTax": 508000000,
    "incomeBeforeTaxRatio": 0.1678783873,
    "incomeTaxExpense": 107000000,
    "netIncome": 401000000,
    "netIncomeRatio": 0.1325181758,
    "eps": 0.83,
    "epsdiluted": 0.83,
    "weightedAverageShsOut": 440803000,
    "weightedAverageShsOutDil": 444837000,
    "link": "https://www.sec.gov/Archives/edgar/data/759944/000075994425000013/0000759944-25-000013-index.htm",
    "finalLink": "https://www.sec.gov/Archives/edgar/data/759944/000075994425000013/cfg-20241231.htm"
  },
  {
    "date": "2024-09-30",
    "symbol": "CFG",
    "reportedCurrency": "USD",
    "cik": "0000759944",
    "fillingDate": "2024-11-04",
    "acceptedDate": "2024-11-04 16:01:59",
    "calendarYear": "2024",
    "period": "Q3",
    "revenue": 3073000000,
    "costOfRevenue": 1342000000,
    "grossProfit": 1731000000,
    "grossProfitRatio": 0.5632931988,
    "researchAndDevelopmentExpenses": 0,
    "generalAndAdministrativeExpenses": 687000000,
    "sellingAndMarketingExpenses": 40000000,
    "sellingGeneralAndAdministrativeExpenses": 727000000,
    "otherExpenses": 534000000,
    "operatingExpenses": 1261000000,
    "costAndExpenses": 2603000000,
    "interestIncome": 2539000000,
    "interestExpense": 1170000000,
    "depreciationAndAmortization": 129000000,
    "ebitda": 599000000,
    "ebitdaratio": 0.1949235275,
    "operatingIncome": 470000000,
    "operatingIncomeRatio": 0.1529450049,
    "totalOtherIncomeExpensesNet": 0,
    "incomeBeforeTax": 470000000,
    "incomeBeforeTaxRatio": 0.1529450049,
    "incomeTaxExpense": 88000000,
    "netIncome": 382000000,
    "netIncomeRatio": 0.1243084933,
    "eps": 0.77,
    "epsdiluted": 0.76,
    "weightedAverageShsOut": 446562000,
    "weightedAverageShsOutDil": 449913000,
    "link": "https://www.sec.gov/Archives/edgar/data/759944/000075994424000176/0000759944-24-000176-index.htm",
    "finalLink": "https://www.sec.gov/Archives/edgar/data/759944/000075994424000176/cfg-20240930.htm"
  },
  {
    "date": "2024-06-30",
    "symbol": "CFG",
    "reportedCurrency": "USD",
    "cik": "0000759944",
    "fillingDate": "2024-08-06",
    "acceptedDate": "2024-08-06 16:25:40",
    "calendarYear": "2024",
    "period": "Q2",
    "revenue": 3124000000,
    "costOfRevenue": 1347000000,
    "grossProfit": 1777000000,
    "grossProfitRatio": 0.568822023,
    "researchAndDevelopmentExpenses": 0,
    "generalAndAdministrativeExpenses": 691000000,
    "sellingAndMarketingExpenses": 49000000,
    "sellingGeneralAndAdministrativeExpenses": 740000000,
    "otherExpenses": 557000000,
    "operatingExpenses": 1297000000,
    "costAndExpenses": 2644000000,
    "interestIncome": 2575000000,
    "interestExpense": 1165000000,
    "depreciationAndAmortization": 143000000,
    "ebitda": 623000000,
    "ebitdaratio": 0.1994238156,
    "operatingIncome": 480000000,
    "operatingIncomeRatio": 0.1536491677,
    "totalOtherIncomeExpensesNet": 0,
    "incomeBeforeTax": 480000000,
    "incomeBeforeTaxRatio": 0.1536491677,
    "incomeTaxExpense": 88000000,
    "netIncome": 392000000,
    "netIncomeRatio": 0.1254801536,
    "eps": 0.79,
    "epsdiluted": 0.78,
    "weightedAverageShsOut": 454142000,
    "weightedAverageShsOutDil": 456561000,
    "link": "https://www.sec.gov/Archives/edgar/data/759944/000075994424000148/0000759944-24-000148-index.htm",
    "finalLink": "https://www.sec.gov/Archives/edgar/data/759944/000075994424000148/cfg-20240630.htm"
  },
  {
    "date": "2024-03-31",
    "symbol": "CFG",
    "reportedCurrency": "USD",
    "cik": "0000759944",
    "fillingDate": "2024-05-06",
    "acceptedDate": "2024-05-06 16:33:46",
    "calendarYear": "2024",
    "period": "Q1",
    "revenue": 3127000000,
    "costOfRevenue": 1339000000,
    "grossProfit": 1788000000,
    "grossProfitRatio": 0.5717940518,
    "researchAndDevelopmentExpenses": 0,
    "generalAndAdministrativeExpenses": 767000000,
    "sellingAndMarketingExpenses": 35000000,
    "sellingGeneralAndAdministrativeExpenses": 802000000,
    "otherExpenses": 556000000,
    "operatingExpenses": 1358000000,
    "costAndExpenses": 2697000000,
    "interestIncome": 2610000000,
    "interestExpense": 1168000000,
    "depreciationAndAmortization": 102000000,
    "ebitda": 532000000,
    "ebitdaratio": 0.1701311161,
    "operatingIncome": 430000000,
    "operatingIncomeRatio": 0.1375119923,
    "totalOtherIncomeExpensesNet": 0,
    "incomeBeforeTax": 430000000,
    "incomeBeforeTaxRatio": 0.1375119923,
    "incomeTaxExpense": 96000000,
    "netIncome": 334000000,
    "netIncomeRatio": 0.1068116406,
    "eps": 0.66,
    "epsdiluted": 0.66,
    "weightedAverageShsOut": 461359000,
    "weightedAverageShsOutDil": 463798000,
    "link": "https://www.sec.gov/Archives/edgar/data/759944/000075994424000090/0000759944-24-000090-index.htm",
    "finalLink": "https://www.sec.gov/Archives/edgar/data/759944/000075994424000090/cfg-20240331.htm"
  },
  {
    "date": "2023-12-31",
    "symbol": "CFG",
    "reportedCurrency": "USD",
    "cik": "0000759944",
    "fillingDate": "2024-02-16",
    "acceptedDate": "2024-02-16 16:02:40",
    "calendarYear": "2023",
    "period": "Q4",
    "revenue": 3176000000,
    "costOfRevenue": 1359000000,
    "grossProfit": 1817000000,
    "grossProfitRatio": 0.5721032746,
    "researchAndDevelopmentExpenses": 0,
    "generalAndAdministrativeExpenses": 936000000,
    "sellingAndMarketingExpenses": 45000000,
    "sellingGeneralAndAdministrativeExpenses": 981000000,
    "otherExpenses": 631000000,
    "operatingExpenses": 1612000000,
    "costAndExpenses": 2971000000,
    "interestIncome": 2676000000,
    "interestExpense": 1188000000,
    "depreciationAndAmortization": 126000000,
    "ebitda": 331000000,
    "ebitdaratio": 0.1042191436,
    "operatingIncome": 205000000,
    "operatingIncomeRatio": 0.0645465995,
    "totalOtherIncomeExpensesNet": 0,
    "incomeBeforeTax": 205000000,
    "incomeBeforeTaxRatio": 0.0645465995,
    "incomeTaxExpense": 16000000,
    "netIncome": 189000000,
    "netIncomeRatio": 0.0595088161,
    "eps": 0.34,
    "epsdiluted": 0.34,
    "weightedAverageShsOut": 466234000,
    "weightedAverageShsOutDil": 468159000,
    "link": "https://www.sec.gov/Archives/edgar/data/759944/000075994424000039/0000759944-24-000039-index.htm",
    "finalLink": "https://www.sec.gov/Archives/edgar/data/759944/000075994424000039/cfg-20231231.htm"
  },
  {
    "date": "2023-09-30",
    "symbol": "CFG",
    "reportedCurrency": "USD",
    "cik": "0000759944",
    "fillingDate": "2023-11-06",
    "acceptedDate": "2023-11-06 16:14:05",
    "calendarYear": "2023",
    "period": "Q3",
    "revenue": 3087000000,
    "costOfRevenue": 1245000000,
    "grossProfit": 1842000000,
    "grossProfitRatio": 0.5966958212,
    "researchAndDevelopmentExpenses": 0,
    "generalAndAdministrativeExpenses": 701000000,
    "sellingAndMarketingExpenses": 48000000,
    "sellingGeneralAndAdministrativeExpenses": 749000000,
    "otherExpenses": 544000000,
    "operatingExpenses": 1293000000,
    "costAndExpenses": 2538000000,
    "interestIncome": 2595000000,
    "interestExpense": 1073000000,
    "depreciationAndAmortization": 122000000,
    "ebitda": 671000000,
    "ebitdaratio": 0.2173631357,
    "operatingIncome": 549000000,
    "operatingIncomeRatio": 0.1778425656,
    "totalOtherIncomeExpensesNet": 0,
    "incomeBeforeTax": 549000000,
    "incomeBeforeTaxRatio": 0.1778425656,
    "incomeTaxExpense": 119000000,
    "netIncome": 430000000,
    "netIncomeRatio": 0.1392938128,
    "eps": 0.85,
    "epsdiluted": 0.85,
    "weightedAverageShsOut": 469481000,
    "weightedAverageShsOutDil": 471184000,
    "link": "https://www.sec.gov/Archives/edgar/data/759944/000075994423000149/0000759944-23-000149-index.htm",
    "finalLink": "https://www.sec.gov/Archives/edgar/data/759944/000075994423000149/cfg-20230930.htm"
  },
  {
    "date": "2023-06-30",
    "symbol": "CFG",
    "reportedCurrency": "USD",
    "cik": "0000759944",
    "fillingDate": "2023-08-08",
    "acceptedDate": "2023-08-08 09:23:50",
    "calendarYear": "2023",
    "period": "Q2",
    "revenue": 3037000000,
    "costOfRevenue": 1119000000,
    "grossProfit": 1918000000,
    "grossProfitRatio": 0.6315442871,
    "researchAndDevelopmentExpenses": 0,
    "generalAndAdministrativeExpenses": 658000000,
    "sellingAndMarketingExpenses": 56000000,
    "sellingGeneralAndAdministrativeExpenses": 714000000,
    "otherExpenses": 592000000,
    "operatingExpenses": 1306000000,
    "costAndExpenses": 2425000000,
    "interestIncome": 2531000000,
    "interestExpense": 943000000,
    "depreciationAndAmortization": 112000000,
    "ebitda": 724000000,
    "ebitdaratio": 0.2383931511,
    "operatingIncome": 612000000,
    "operatingIncomeRatio": 0.2015146526,
    "totalOtherIncomeExpensesNet": 0,
    "incomeBeforeTax": 612000000,
    "incomeBeforeTaxRatio": 0.2015146526,
    "incomeTaxExpense": 134000000,
    "netIncome": 478000000,
    "netIncomeRatio": 0.1573921633,
    "eps": 0.93,
    "epsdiluted": 0.92,
    "weightedAverageShsOut": 479471000,
    "weightedAverageShsOutDil": 480975000,
    "link": "https://www.sec.gov/Archives/edgar/data/759944/000075994423000124/0000759944-23-000124-index.htm",
    "finalLink": "https://www.sec.gov/Archives/edgar/data/759944/000075994423000124/cfg-20230630.htm"
  },
  {
    "date": "2023-03-31",
    "symbol": "CFG",
    "reportedCurrency": "USD",
    "cik": "0000759944",
    "fillingDate": "2023-05-10",
    "acceptedDate": "2023-05-10 08:06:30",
    "calendarYear": "2023",
    "period": "Q1",
    "revenue": 2887000000,
    "costOfRevenue": 927000000,
    "grossProfit": 1960000000,
    "grossProfitRatio": 0.6789054382,
    "researchAndDevelopmentExpenses": 0,
    "generalAndAdministrativeExpenses": 694000000,
    "sellingAndMarketingExpenses": 38000000,
    "sellingGeneralAndAdministrativeExpenses": 732000000,
    "otherExpenses": 564000000,
    "operatingExpenses": 1296000000,
    "costAndExpenses": 2223000000,
    "interestIncome": 2402000000,
    "interestExpense": 759000000,
    "depreciationAndAmortization": 118000000,
    "ebitda": 782000000,
    "ebitdaratio": 0.2708694146,
    "operatingIncome": 664000000,
    "operatingIncomeRatio": 0.2299965362,
    "totalOtherIncomeExpensesNet": 0,
    "incomeBeforeTax": 664000000,
    "incomeBeforeTaxRatio": 0.2299965362,
    "incomeTaxExpense": 153000000,
    "netIncome": 511000000,
    "netIncomeRatio": 0.1770003464,
    "eps": 1,
    "epsdiluted": 1,
    "weightedAverageShsOut": 485444000,
    "weightedAverageShsOutDil": 487712000,
    "link": "https://www.sec.gov/Archives/edgar/data/759944/000075994423000084/0000759944-23-000084-index.htm",
    "finalLink": "https://www.sec.gov/Archives/edgar/data/759944/000075994423000084/cfg-20230331.htm"
  },
  {
    "date": "2022-12-31",
    "symbol": "CFG",
    "reportedCurrency": "USD",
    "cik": "0000759944",
    "fillingDate": "2023-02-17",
    "acceptedDate": "2023-02-17 07:57:56",
    "calendarYear": "2022",
    "period": "Q4",
    "revenue": 2788000000,
    "costOfRevenue": 689000000,
    "grossProfit": 2099000000,
    "grossProfitRatio": 0.7528694405,
    "researchAndDevelopmentExpenses": 0,
    "generalAndAdministrativeExpenses": 655000000,
    "sellingAndMarketingExpenses": 47000000,
    "sellingGeneralAndAdministrativeExpenses": 702000000,
    "otherExpenses": 569000000,
    "operatingExpenses": 1271000000,
    "costAndExpenses": 1960000000,
    "interestIncome": 2252000000,
    "interestExpense": 557000000,
    "depreciationAndAmortization": 117000000,
    "ebitda": 945000000,
    "ebitdaratio": 0.3389526542,
    "operatingIncome": 828000000,
    "operatingIncomeRatio": 0.2969870875,
    "totalOtherIncomeExpensesNet": 0,
    "incomeBeforeTax": 828000000,
    "incomeBeforeTaxRatio": 0.2969870875,
    "incomeTaxExpense": 175000000,
    "netIncome": 653000000,
    "netIncomeRatio": 0.2342180775,
    "eps": 1.26,
    "epsdiluted": 1.25,
    "weightedAverageShsOut": 493294000,
    "weightedAverageShsOutDil": 495478000,
    "link": "https://www.sec.gov/Archives/edgar/data/759944/000075994423000029/0000759944-23-000029-index.htm",
    "finalLink": "https://www.sec.gov/Archives/edgar/data/759944/000075994423000029/cfg-20221231.htm"
  },
  {
    "date": "2022-09-30",
    "symbol": "CFG",
    "reportedCurrency": "USD",
    "cik": "0000759944",
    "fillingDate": "2022-11-04",
    "acceptedDate": "2022-11-04 07:38:19",
    "calendarYear": "2022",
    "period": "Q3",
    "revenue": 2481000000,
    "costOfRevenue": 427000000,
    "grossProfit": 2054000000,
    "grossProfitRatio": 0.827891979,
    "researchAndDevelopmentExpenses": 0,
    "generalAndAdministrativeExpenses": 667000000,
    "sellingAndMarketingExpenses": 54000000,
    "sellingGeneralAndAdministrativeExpenses": 721000000,
    "otherExpenses": 520000000,
    "operatingExpenses": 1241000000,
    "costAndExpenses": 1668000000,
    "interestIncome": 1969000000,
    "interestExpense": 304000000,
    "depreciationAndAmortization": 121000000,
    "ebitda": 934000000,
    "ebitdaratio": 0.3764611044,
    "operatingIncome": 813000000,
    "operatingIncomeRatio": 0.3276904474,
    "totalOtherIncomeExpensesNet": 0,
    "incomeBeforeTax": 813000000,
    "incomeBeforeTaxRatio": 0.3276904474,
    "incomeTaxExpense": 177000000,
    "netIncome": 636000000,
    "netIncomeRatio": 0.2563482467,
    "eps": 1.23,
    "epsdiluted": 1.23,
    "weightedAverageShsOut": 495651000,
    "weightedAverageShsOutDil": 497478000,
    "link": "https://www.sec.gov/Archives/edgar/data/759944/000075994422000142/0000759944-22-000142-index.htm",
    "finalLink": "https://www.sec.gov/Archives/edgar/data/759944/000075994422000142/cfg-20220930.htm"
  },
  {
    "date": "2022-06-30",
    "symbol": "CFG",
    "reportedCurrency": "USD",
    "cik": "0000759944",
    "fillingDate": "2022-08-03",
    "acceptedDate": "2022-08-03 10:01:46",
    "calendarYear": "2022",
    "period": "Q2",
    "revenue": 2089000000,
    "costOfRevenue": 337000000,
    "grossProfit": 1752000000,
    "grossProfitRatio": 0.8386787937,
    "researchAndDevelopmentExpenses": 0,
    "generalAndAdministrativeExpenses": 709000000,
    "sellingAndMarketingExpenses": 39000000,
    "sellingGeneralAndAdministrativeExpenses": 748000000,
    "otherExpenses": 526000000,
    "operatingExpenses": 1274000000,
    "costAndExpenses": 1611000000,
    "interestIncome": 1626000000,
    "interestExpense": 121000000,
    "depreciationAndAmortization": 260000000,
    "ebitda": 738000000,
    "ebitdaratio": 0.3532790809,
    "operatingIncome": 478000000,
    "operatingIncomeRatio": 0.2288176161,
    "totalOtherIncomeExpensesNet": 0,
    "incomeBeforeTax": 478000000,
    "incomeBeforeTaxRatio": 0.2288176161,
    "incomeTaxExpense": 114000000,
    "netIncome": 364000000,
    "netIncomeRatio": 0.1742460507,
    "eps": 0.68,
    "epsdiluted": 0.67,
    "weightedAverageShsOut": 491497000,
    "weightedAverageShsOutDil": 493296000,
    "link": "https://www.sec.gov/Archives/edgar/data/759944/000075994422000120/0000759944-22-000120-index.htm",
    "finalLink": "https://www.sec.gov/Archives/edgar/data/759944/000075994422000120/cfg-20220630.htm"
  },
  {
    "date": "2022-03-31",
    "symbol": "CFG",
    "reportedCurrency": "USD",
    "cik": "0000759944",
    "fillingDate": "2022-05-04",
    "acceptedDate": "2022-05-04 16:39:20",
    "calendarYear": "2022",
    "period": "Q1",
    "revenue": 1711000000,
    "costOfRevenue": 69000000,
    "grossProfit": 1642000000,
    "grossProfitRatio": 0.959672706,
    "researchAndDevelopmentExpenses": 0,
    "generalAndAdministrativeExpenses": 614000000,
    "sellingAndMarketingExpenses": 26000000,
    "sellingGeneralAndAdministrativeExpenses": 640000000,
    "otherExpenses": 466000000,
    "operatingExpenses": 1106000000,
    "costAndExpenses": 1175000000,
    "interestIncome": 1213000000,
    "interestExpense": 66000000,
    "depreciationAndAmortization": 67000000,
    "ebitda": 603000000,
    "ebitdaratio": 0.3524254822,
    "operatingIncome": 536000000,
    "operatingIncomeRatio": 0.3132670953,
    "totalOtherIncomeExpensesNet": 0,
    "incomeBeforeTax": 536000000,
    "incomeBeforeTaxRatio": 0.3132670953,
    "incomeTaxExpense": 116000000,
    "netIncome": 420000000,
    "netIncomeRatio": 0.2454704851,
    "eps": 0.94,
    "epsdiluted": 0.93,
    "weightedAverageShsOut": 422402000,
    "weightedAverageShsOutDil": 424671000,
    "link": "https://www.sec.gov/Archives/edgar/data/759944/000075994422000087/0000759944-22-000087-index.htm",
    "finalLink": "https://www.sec.gov/Archives/edgar/data/759944/000075994422000087/cfg-20220331.htm"
  },
  {
    "date": "2021-12-31",
    "symbol": "CFG",
    "reportedCurrency": "USD",
    "cik": "0000759944",
    "fillingDate": "2022-02-23",
    "acceptedDate": "2022-02-23 16:10:35",
    "calendarYear": "2021",
    "period": "Q4",
    "revenue": 1797000000,
    "costOfRevenue": 51000000,
    "grossProfit": 1746000000,
    "grossProfitRatio": 0.9716193656,
    "researchAndDevelopmentExpenses": 0,
    "generalAndAdministrativeExpenses": 551000000,
    "sellingAndMarketingExpenses": 29000000,
    "sellingGeneralAndAdministrativeExpenses": 580000000,
    "otherExpenses": 482000000,
    "operatingExpenses": 1062000000,
    "costAndExpenses": 1113000000,
    "interestIncome": 1202000000,
    "interestExpense": 76000000,
    "depreciationAndAmortization": 172000000,
    "ebitda": 856000000,
    "ebitdaratio": 0.4763494713,
    "operatingIncome": 684000000,
    "operatingIncomeRatio": 0.3806343907,
    "totalOtherIncomeExpensesNet": 0,
    "incomeBeforeTax": 684000000,
    "incomeBeforeTaxRatio": 0.3806343907,
    "incomeTaxExpense": 154000000,
    "netIncome": 530000000,
    "netIncomeRatio": 0.2949360045,
    "eps": 1.17,
    "epsdiluted": 1.17,
    "weightedAverageShsOut": 424698000,
    "weightedAverageShsOutDil": 426868000,
    "link": "https://www.sec.gov/Archives/edgar/data/759944/000075994422000025/0000759944-22-000025-index.htm",
    "finalLink": "https://www.sec.gov/Archives/edgar/data/759944/000075994422000025/cfg-20211231.htm"
  },
  {
    "date": "2021-09-30",
    "symbol": "CFG",
    "reportedCurrency": "USD",
    "cik": "0000759944",
    "fillingDate": "2021-11-03",
    "acceptedDate": "2021-11-03 16:05:31",
    "calendarYear": "2021",
    "period": "Q3",
    "revenue": 1736000000,
    "costOfRevenue": 44000000,
    "grossProfit": 1692000000,
    "grossProfitRatio": 0.9746543779,
    "researchAndDevelopmentExpenses": 0,
    "generalAndAdministrativeExpenses": 526000000,
    "sellingAndMarketingExpenses": 32000000,
    "sellingGeneralAndAdministrativeExpenses": 558000000,
    "otherExpenses": 453000000,
    "operatingExpenses": 1011000000,
    "costAndExpenses": 1055000000,
    "interestIncome": 1222000000,
    "interestExpense": 77000000,
    "depreciationAndAmortization": 136000000,
    "ebitda": 817000000,
    "ebitdaratio": 0.4706221198,
    "operatingIncome": 681000000,
    "operatingIncomeRatio": 0.392281106,
    "totalOtherIncomeExpensesNet": 0,
    "incomeBeforeTax": 681000000,
    "incomeBeforeTaxRatio": 0.392281106,
    "incomeTaxExpense": 151000000,
    "netIncome": 530000000,
    "netIncomeRatio": 0.3052995392,
    "eps": 1.18,
    "epsdiluted": 1.18,
    "weightedAverageShsOut": 426087000,
    "weightedAverageShsOutDil": 427841000,
    "link": "https://www.sec.gov/Archives/edgar/data/759944/000075994421000147/0000759944-21-000147-index.htm",
    "finalLink": "https://www.sec.gov/Archives/edgar/data/759944/000075994421000147/cfg-20210930.htm"
  },
  {
    "date": "2021-06-30",
    "symbol": "CFG",
    "reportedCurrency": "USD",
    "cik": "0000759944",
    "fillingDate": "2021-08-03",
    "acceptedDate": "2021-08-03 17:06:30",
    "calendarYear": "2021",
    "period": "Q2",
    "revenue": 1696000000,
    "costOfRevenue": -126000000,
    "grossProfit": 1822000000,
    "grossProfitRatio": 1.0742924528,
    "researchAndDevelopmentExpenses": 0,
    "generalAndAdministrativeExpenses": 540000000,
    "sellingAndMarketingExpenses": 31000000,
    "sellingGeneralAndAdministrativeExpenses": 571000000,
    "otherExpenses": 420000000,
    "operatingExpenses": 991000000,
    "costAndExpenses": 865000000,
    "interestIncome": 1211000000,
    "interestExpense": 87000000,
    "depreciationAndAmortization": 165000000,
    "ebitda": 996000000,
    "ebitdaratio": 0.5872641509,
    "operatingIncome": 831000000,
    "operatingIncomeRatio": 0.4899764151,
    "totalOtherIncomeExpensesNet": 0,
    "incomeBeforeTax": 831000000,
    "incomeBeforeTaxRatio": 0.4899764151,
    "incomeTaxExpense": 183000000,
    "netIncome": 648000000,
    "netIncomeRatio": 0.3820754717,
    "eps": 1.45,
    "epsdiluted": 1.44,
    "weightedAverageShsOut": 425949000,
    "weightedAverageShsOutDil": 427562000,
    "link": "https://www.sec.gov/Archives/edgar/data/759944/000075994421000108/0000759944-21-000108-index.htm",
    "finalLink": "https://www.sec.gov/Archives/edgar/data/759944/000075994421000108/cfg-20210630.htm"
  },
  {
    "date": "2021-03-31",
    "symbol": "CFG",
    "reportedCurrency": "USD",
    "cik": "0000759944",
    "fillingDate": "2021-05-05",
    "acceptedDate": "2021-05-05 16:04:09",
    "calendarYear": "2021",
    "period": "Q1",
    "revenue": 1757000000,
    "costOfRevenue": -41000000,
    "grossProfit": 1798000000,
    "grossProfitRatio": 1.0233352305,
    "researchAndDevelopmentExpenses": 0,
    "generalAndAdministrativeExpenses": 563000000,
    "sellingAndMarketingExpenses": 19000000,
    "sellingGeneralAndAdministrativeExpenses": 582000000,
    "otherExpenses": 435000000,
    "operatingExpenses": 1017000000,
    "costAndExpenses": 976000000,
    "interestIncome": 1216000000,
    "interestExpense": 99000000,
    "depreciationAndAmortization": 152000000,
    "ebitda": 933000000,
    "ebitdaratio": 0.531018782,
    "operatingIncome": 781000000,
    "operatingIncomeRatio": 0.4445076836,
    "totalOtherIncomeExpensesNet": 0,
    "incomeBeforeTax": 781000000,
    "incomeBeforeTaxRatio": 0.4445076836,
    "incomeTaxExpense": 170000000,
    "netIncome": 611000000,
    "netIncomeRatio": 0.3477518497,
    "eps": 1.38,
    "epsdiluted": 1.37,
    "weightedAverageShsOut": 425954000,
    "weightedAverageShsOutDil": 427881000,
    "link": "https://www.sec.gov/Archives/edgar/data/759944/000075994421000070/0000759944-21-000070-index.htm",
    "finalLink": "https://www.sec.gov/Archives/edgar/data/759944/000075994421000070/cfg-20210331.htm"
  },
  {
    "date": "2020-12-31",
    "symbol": "CFG",
    "reportedCurrency": "USD",
    "cik": "0000759944",
    "fillingDate": "2021-02-23",
    "acceptedDate": "2021-02-23 16:04:16",
    "calendarYear": "2020",
    "period": "Q4",
    "revenue": 1827000000,
    "costOfRevenue": 244000000,
    "grossProfit": 1583000000,
    "grossProfitRatio": 0.8664477285,
    "researchAndDevelopmentExpenses": 0,
    "generalAndAdministrativeExpenses": 603000000,
    "sellingAndMarketingExpenses": 25000000,
    "sellingGeneralAndAdministrativeExpenses": 628000000,
    "otherExpenses": 384000000,
    "operatingExpenses": 1012000000,
    "costAndExpenses": 1256000000,
    "interestIncome": 1249000000,
    "interestExpense": 120000000,
    "depreciationAndAmortization": 159000000,
    "ebitda": 730000000,
    "ebitdaratio": 0.3995621237,
    "operatingIncome": 571000000,
    "operatingIncomeRatio": 0.3125342091,
    "totalOtherIncomeExpensesNet": 0,
    "incomeBeforeTax": 571000000,
    "incomeBeforeTaxRatio": 0.3125342091,
    "incomeTaxExpense": 115000000,
    "netIncome": 456000000,
    "netIncomeRatio": 0.249589491,
    "eps": 0.99,
    "epsdiluted": 0.99,
    "weightedAverageShsOut": 427075000,
    "weightedAverageShsOutDil": 428881000,
    "link": "https://www.sec.gov/Archives/edgar/data/759944/000075994421000034/0000759944-21-000034-index.htm",
    "finalLink": "https://www.sec.gov/Archives/edgar/data/759944/000075994421000034/cfg-20201231.htm"
  },
  {
    "date": "2020-09-30",
    "symbol": "CFG",
    "reportedCurrency": "USD",
    "cik": "0000759944",
    "fillingDate": "2020-11-04",
    "acceptedDate": "2020-11-04 16:02:24",
    "calendarYear": "2020",
    "period": "Q3",
    "revenue": 1934000000,
    "costOfRevenue": 571000000,
    "grossProfit": 1363000000,
    "grossProfitRatio": 0.7047569804,
    "researchAndDevelopmentExpenses": 0,
    "generalAndAdministrativeExpenses": 524000000,
    "sellingAndMarketingExpenses": 24000000,
    "sellingGeneralAndAdministrativeExpenses": 548000000,
    "otherExpenses": 440000000,
    "operatingExpenses": 988000000,
    "costAndExpenses": 1559000000,
    "interestIncome": 1280000000,
    "interestExpense": 143000000,
    "depreciationAndAmortization": 103000000,
    "ebitda": 478000000,
    "ebitdaratio": 0.2471561531,
    "operatingIncome": 375000000,
    "operatingIncomeRatio": 0.1938986556,
    "totalOtherIncomeExpensesNet": 0,
    "incomeBeforeTax": 375000000,
    "incomeBeforeTaxRatio": 0.1938986556,
    "incomeTaxExpense": 61000000,
    "netIncome": 314000000,
    "netIncomeRatio": 0.1623578077,
    "eps": 0.68,
    "epsdiluted": 0.68,
    "weightedAverageShsOut": 426846000,
    "weightedAverageShsOutDil": 427992000,
    "link": "https://www.sec.gov/Archives/edgar/data/759944/000075994420000099/0000759944-20-000099-index.htm",
    "finalLink": "https://www.sec.gov/Archives/edgar/data/759944/000075994420000099/citizens10-qxq32020.htm"
  },
  {
    "date": "2020-06-30",
    "symbol": "CFG",
    "reportedCurrency": "USD",
    "cik": "0000759944",
    "fillingDate": "2020-08-06",
    "acceptedDate": "2020-08-06 10:12:58",
    "calendarYear": "2020",
    "period": "Q2",
    "revenue": 1940000000,
    "costOfRevenue": 654000000,
    "grossProfit": 1286000000,
    "grossProfitRatio": 0.6628865979,
    "researchAndDevelopmentExpenses": 0,
    "generalAndAdministrativeExpenses": 513000000,
    "sellingAndMarketingExpenses": 27000000,
    "sellingGeneralAndAdministrativeExpenses": 540000000,
    "otherExpenses": 439000000,
    "operatingExpenses": 979000000,
    "costAndExpenses": 1633000000,
    "interestIncome": 1350000000,
    "interestExpense": 190000000,
    "depreciationAndAmortization": 112000000,
    "ebitda": 419000000,
    "ebitdaratio": 0.2159793814,
    "operatingIncome": 307000000,
    "operatingIncomeRatio": 0.1582474227,
    "totalOtherIncomeExpensesNet": 0,
    "incomeBeforeTax": 307000000,
    "incomeBeforeTaxRatio": 0.1582474227,
    "incomeTaxExpense": 54000000,
    "netIncome": 253000000,
    "netIncomeRatio": 0.1304123711,
    "eps": 0.53,
    "epsdiluted": 0.53,
    "weightedAverageShsOut": 426613000,
    "weightedAverageShsOutDil": 427567000,
    "link": "https://www.sec.gov/Archives/edgar/data/759944/000075994420000082/0000759944-20-000082-index.htm",
    "finalLink": "https://www.sec.gov/Archives/edgar/data/759944/000075994420000082/citizens10-qxq22020.htm"
  },
  {
    "date": "2020-03-31",
    "symbol": "CFG",
    "reportedCurrency": "USD",
    "cik": "0000759944",
    "fillingDate": "2020-05-07",
    "acceptedDate": "2020-05-07 16:31:10",
    "calendarYear": "2020",
    "period": "Q1",
    "revenue": 1975000000,
    "costOfRevenue": 918000000,
    "grossProfit": 1057000000,
    "grossProfitRatio": 0.5351898734,
    "researchAndDevelopmentExpenses": 0,
    "generalAndAdministrativeExpenses": 549000000,
    "sellingAndMarketingExpenses": 24000000,
    "sellingGeneralAndAdministrativeExpenses": 573000000,
    "otherExpenses": 439000000,
    "operatingExpenses": 1012000000,
    "costAndExpenses": 1930000000,
    "interestIncome": 1478000000,
    "interestExpense": 318000000,
    "depreciationAndAmortization": 204000000,
    "ebitda": 249000000,
    "ebitdaratio": 0.1260759494,
    "operatingIncome": 45000000,
    "operatingIncomeRatio": 0.0227848101,
    "totalOtherIncomeExpensesNet": 0,
    "incomeBeforeTax": 45000000,
    "incomeBeforeTaxRatio": 0.0227848101,
    "incomeTaxExpense": 11000000,
    "netIncome": 34000000,
    "netIncomeRatio": 0.0172151899,
    "eps": 0.03,
    "epsdiluted": 0.03,
    "weightedAverageShsOut": 427718000,
    "weightedAverageShsOutDil": 429389000,
    "link": "https://www.sec.gov/Archives/edgar/data/759944/000075994420000066/0000759944-20-000066-index.htm",
    "finalLink": "https://www.sec.gov/Archives/edgar/data/759944/000075994420000066/citizens10-qxq12020.htm"
  },
  {
    "date": "2019-12-31",
    "symbol": "CFG",
    "reportedCurrency": "USD",
    "cik": "0000759944",
    "fillingDate": "2020-02-24",
    "acceptedDate": "2020-02-24 16:44:55",
    "calendarYear": "2019",
    "period": "Q4",
    "revenue": 1995000000,
    "costOfRevenue": 468000000,
    "grossProfit": 1527000000,
    "grossProfitRatio": 0.7654135338,
    "researchAndDevelopmentExpenses": 0,
    "generalAndAdministrativeExpenses": 518000000,
    "sellingAndMarketingExpenses": 26000000,
    "sellingGeneralAndAdministrativeExpenses": 544000000,
    "otherExpenses": 442000000,
    "operatingExpenses": 986000000,
    "costAndExpenses": 1454000000,
    "interestIncome": 1501000000,
    "interestExpense": 358000000,
    "depreciationAndAmortization": 193000000,
    "ebitda": 734000000,
    "ebitdaratio": 0.3679197995,
    "operatingIncome": 541000000,
    "operatingIncomeRatio": 0.2711779449,
    "totalOtherIncomeExpensesNet": 0,
    "incomeBeforeTax": 541000000,
    "incomeBeforeTaxRatio": 0.2711779449,
    "incomeTaxExpense": 91000000,
    "netIncome": 450000000,
    "netIncomeRatio": 0.2255639098,
    "eps": 0.98,
    "epsdiluted": 0.98,
    "weightedAverageShsOut": 434685000,
    "weightedAverageShsOutDil": 436501000,
    "link": "https://www.sec.gov/Archives/edgar/data/759944/000075994420000030/0000759944-20-000030-index.htm",
    "finalLink": "https://www.sec.gov/Archives/edgar/data/759944/000075994420000030/citizens10-kx2019.htm"
  },
  {
    "date": "2019-09-30",
    "symbol": "CFG",
    "reportedCurrency": "USD",
    "cik": "0000759944",
    "fillingDate": "2019-11-06",
    "acceptedDate": "2019-11-06 11:38:05",
    "calendarYear": "2019",
    "period": "Q3",
    "revenue": 2031000000,
    "costOfRevenue": 494000000,
    "grossProfit": 1537000000,
    "grossProfitRatio": 0.756770064,
    "researchAndDevelopmentExpenses": 0,
    "generalAndAdministrativeExpenses": 508000000,
    "sellingAndMarketingExpenses": 31000000,
    "sellingGeneralAndAdministrativeExpenses": 539000000,
    "otherExpenses": 434000000,
    "operatingExpenses": 973000000,
    "costAndExpenses": 1467000000,
    "interestIncome": 1538000000,
    "interestExpense": 393000000,
    "depreciationAndAmortization": 165000000,
    "ebitda": 729000000,
    "ebitdaratio": 0.3589364845,
    "operatingIncome": 564000000,
    "operatingIncomeRatio": 0.2776957164,
    "totalOtherIncomeExpensesNet": 0,
    "incomeBeforeTax": 564000000,
    "incomeBeforeTaxRatio": 0.2776957164,
    "incomeTaxExpense": 115000000,
    "netIncome": 449000000,
    "netIncomeRatio": 0.2210733629,
    "eps": 0.97,
    "epsdiluted": 0.97,
    "weightedAverageShsOut": 445704000,
    "weightedAverageShsOutDil": 447135000,
    "link": "https://www.sec.gov/Archives/edgar/data/759944/000075994419000086/0000759944-19-000086-index.htm",
    "finalLink": "https://www.sec.gov/Archives/edgar/data/759944/000075994419000086/citizens10-qxq32019.htm"
  },
  {
    "date": "2019-06-30",
    "symbol": "CFG",
    "reportedCurrency": "USD",
    "cik": "0000759944",
    "fillingDate": "2019-08-06",
    "acceptedDate": "2019-08-06 10:20:36",
    "calendarYear": "2019",
    "period": "Q2",
    "revenue": 2042000000,
    "costOfRevenue": 511000000,
    "grossProfit": 1531000000,
    "grossProfitRatio": 0.749755142,
    "researchAndDevelopmentExpenses": 0,
    "generalAndAdministrativeExpenses": 507000000,
    "sellingAndMarketingExpenses": 28000000,
    "sellingGeneralAndAdministrativeExpenses": 535000000,
    "otherExpenses": 416000000,
    "operatingExpenses": 951000000,
    "costAndExpenses": 1462000000,
    "interestIncome": 1580000000,
    "interestExpense": 414000000,
    "depreciationAndAmortization": 141000000,
    "ebitda": 721000000,
    "ebitdaratio": 0.3530852106,
    "operatingIncome": 580000000,
    "operatingIncomeRatio": 0.2840352595,
    "totalOtherIncomeExpensesNet": 0,
    "incomeBeforeTax": 580000000,
    "incomeBeforeTaxRatio": 0.2840352595,
    "incomeTaxExpense": 127000000,
    "netIncome": 453000000,
    "netIncomeRatio": 0.221841332,
    "eps": 0.95,
    "epsdiluted": 0.95,
    "weightedAverageShsOut": 458154000,
    "weightedAverageShsOutDil": 459304000,
    "link": "https://www.sec.gov/Archives/edgar/data/759944/000075994419000070/0000759944-19-000070-index.htm",
    "finalLink": "https://www.sec.gov/Archives/edgar/data/759944/000075994419000070/citizens10-qxq22019.htm"
  },
  {
    "date": "2019-03-31",
    "symbol": "CFG",
    "reportedCurrency": "USD",
    "cik": "0000759944",
    "fillingDate": "2019-05-08",
    "acceptedDate": "2019-05-08 10:31:35",
    "calendarYear": "2019",
    "period": "Q1",
    "revenue": 1992000000,
    "costOfRevenue": 495000000,
    "grossProfit": 1497000000,
    "grossProfitRatio": 0.7515060241,
    "researchAndDevelopmentExpenses": 0,
    "generalAndAdministrativeExpenses": 509000000,
    "sellingAndMarketingExpenses": 27000000,
    "sellingGeneralAndAdministrativeExpenses": 536000000,
    "otherExpenses": 395000000,
    "operatingExpenses": 931000000,
    "costAndExpenses": 1426000000,
    "interestIncome": 1570000000,
    "interestExpense": 410000000,
    "depreciationAndAmortization": 134000000,
    "ebitda": 700000000,
    "ebitdaratio": 0.3514056225,
    "operatingIncome": 566000000,
    "operatingIncomeRatio": 0.2841365462,
    "totalOtherIncomeExpensesNet": 0,
    "incomeBeforeTax": 566000000,
    "incomeBeforeTaxRatio": 0.2841365462,
    "incomeTaxExpense": 127000000,
    "netIncome": 439000000,
    "netIncomeRatio": 0.2203815261,
    "eps": 0.92,
    "epsdiluted": 0.92,
    "weightedAverageShsOut": 460713000,
    "weightedAverageShsOutDil": 462521000,
    "link": "https://www.sec.gov/Archives/edgar/data/759944/000075994419000048/0000759944-19-000048-index.htm",
    "finalLink": "https://www.sec.gov/Archives/edgar/data/759944/000075994419000048/citizens10-qx1q2019.htm"
  },
  {
    "date": "2018-12-31",
    "symbol": "CFG",
    "reportedCurrency": "USD",
    "cik": "0000759944",
    "fillingDate": "2019-02-21",
    "acceptedDate": "2019-02-21 16:07:49",
    "calendarYear": "2018",
    "period": "Q4",
    "revenue": 1958000000,
    "costOfRevenue": 455000000,
    "grossProfit": 1503000000,
    "grossProfitRatio": 0.7676200204,
    "researchAndDevelopmentExpenses": 0,
    "generalAndAdministrativeExpenses": 499000000,
    "sellingAndMarketingExpenses": 34000000,
    "sellingGeneralAndAdministrativeExpenses": 533000000,
    "otherExpenses": 413000000,
    "operatingExpenses": 946000000,
    "costAndExpenses": 1401000000,
    "interestIncome": 1542000000,
    "interestExpense": 370000000,
    "depreciationAndAmortization": 132000000,
    "ebitda": 689000000,
    "ebitdaratio": 0.3518896834,
    "operatingIncome": 557000000,
    "operatingIncomeRatio": 0.284473953,
    "totalOtherIncomeExpensesNet": 0,
    "incomeBeforeTax": 557000000,
    "incomeBeforeTaxRatio": 0.284473953,
    "incomeTaxExpense": 92000000,
    "netIncome": 465000000,
    "netIncomeRatio": 0.2374872319,
    "eps": 0.96,
    "epsdiluted": 0.96,
    "weightedAverageShsOut": 467339000,
    "weightedAverageShsOutDil": 469103000,
    "link": "https://www.sec.gov/Archives/edgar/data/759944/000075994419000024/0000759944-19-000024-index.htm",
    "finalLink": "https://www.sec.gov/Archives/edgar/data/759944/000075994419000024/citizens10-kx2018.htm"
  },
  {
    "date": "2018-09-30",
    "symbol": "CFG",
    "reportedCurrency": "USD",
    "cik": "0000759944",
    "fillingDate": "2018-11-07",
    "acceptedDate": "2018-11-07 14:52:36",
    "calendarYear": "2018",
    "period": "Q3",
    "revenue": 1893000000,
    "costOfRevenue": 407000000,
    "grossProfit": 1486000000,
    "grossProfitRatio": 0.7849973587,
    "researchAndDevelopmentExpenses": 0,
    "generalAndAdministrativeExpenses": 503000000,
    "sellingAndMarketingExpenses": 36000000,
    "sellingGeneralAndAdministrativeExpenses": 539000000,
    "otherExpenses": 371000000,
    "operatingExpenses": 910000000,
    "costAndExpenses": 1317000000,
    "interestIncome": 1477000000,
    "interestExpense": 329000000,
    "depreciationAndAmortization": 114000000,
    "ebitda": 690000000,
    "ebitdaratio": 0.3645007924,
    "operatingIncome": 576000000,
    "operatingIncomeRatio": 0.3042789223,
    "totalOtherIncomeExpensesNet": 0,
    "incomeBeforeTax": 576000000,
    "incomeBeforeTaxRatio": 0.3042789223,
    "incomeTaxExpense": 133000000,
    "netIncome": 443000000,
    "netIncomeRatio": 0.234020074,
    "eps": 0.92,
    "epsdiluted": 0.91,
    "weightedAverageShsOut": 475958000,
    "weightedAverageShsOutDil": 477600000,
    "link": "https://www.sec.gov/Archives/edgar/data/759944/000075994418000084/0000759944-18-000084-index.htm",
    "finalLink": "https://www.sec.gov/Archives/edgar/data/759944/000075994418000084/citizens10-qxq32018.htm"
  },
  {
    "date": "2018-06-30",
    "symbol": "CFG",
    "reportedCurrency": "USD",
    "cik": "0000759944",
    "fillingDate": "2018-08-06",
    "acceptedDate": "2018-08-06 15:48:50",
    "calendarYear": "2018",
    "period": "Q2",
    "revenue": 1799000000,
    "costOfRevenue": 375000000,
    "grossProfit": 1424000000,
    "grossProfitRatio": 0.7915508616,
    "researchAndDevelopmentExpenses": 0,
    "generalAndAdministrativeExpenses": 481000000,
    "sellingAndMarketingExpenses": 34000000,
    "sellingGeneralAndAdministrativeExpenses": 515000000,
    "otherExpenses": 360000000,
    "operatingExpenses": 875000000,
    "costAndExpenses": 1250000000,
    "interestIncome": 1411000000,
    "interestExpense": 290000000,
    "depreciationAndAmortization": 121000000,
    "ebitda": 670000000,
    "ebitdaratio": 0.3724291273,
    "operatingIncome": 549000000,
    "operatingIncomeRatio": 0.3051695386,
    "totalOtherIncomeExpensesNet": 0,
    "incomeBeforeTax": 549000000,
    "incomeBeforeTaxRatio": 0.3051695386,
    "incomeTaxExpense": 124000000,
    "netIncome": 425000000,
    "netIncomeRatio": 0.2362423569,
    "eps": 0.88,
    "epsdiluted": 0.88,
    "weightedAverageShsOut": 484744000,
    "weightedAverageShsOutDil": 486142000,
    "link": "https://www.sec.gov/Archives/edgar/data/759944/000075994418000067/0000759944-18-000067-index.htm",
    "finalLink": "https://www.sec.gov/Archives/edgar/data/759944/000075994418000067/citizens10-qxq22018.htm"
  },
  {
    "date": "2018-03-31",
    "symbol": "CFG",
    "reportedCurrency": "USD",
    "cik": "0000759944",
    "fillingDate": "2018-05-09",
    "acceptedDate": "2018-05-09 14:51:40",
    "calendarYear": "2018",
    "period": "Q1",
    "revenue": 1699000000,
    "costOfRevenue": 315000000,
    "grossProfit": 1384000000,
    "grossProfitRatio": 0.8145968217,
    "researchAndDevelopmentExpenses": 0,
    "generalAndAdministrativeExpenses": 501000000,
    "sellingAndMarketingExpenses": 25000000,
    "sellingGeneralAndAdministrativeExpenses": 526000000,
    "otherExpenses": 357000000,
    "operatingExpenses": 883000000,
    "costAndExpenses": 1198000000,
    "interestIncome": 1328000000,
    "interestExpense": 237000000,
    "depreciationAndAmortization": 122000000,
    "ebitda": 623000000,
    "ebitdaratio": 0.3666862861,
    "operatingIncome": 501000000,
    "operatingIncomeRatio": 0.2948793408,
    "totalOtherIncomeExpensesNet": 0,
    "incomeBeforeTax": 501000000,
    "incomeBeforeTaxRatio": 0.2948793408,
    "incomeTaxExpense": 113000000,
    "netIncome": 388000000,
    "netIncomeRatio": 0.2283696292,
    "eps": 0.78,
    "epsdiluted": 0.78,
    "weightedAverageShsOut": 487501000,
    "weightedAverageShsOutDil": 489267000,
    "link": "https://www.sec.gov/Archives/edgar/data/759944/000075994418000048/0000759944-18-000048-index.htm",
    "finalLink": "https://www.sec.gov/Archives/edgar/data/759944/000075994418000048/citizens10-qxq12018.htm"
  },
  {
    "date": "2017-12-31",
    "symbol": "CFG",
    "reportedCurrency": "USD",
    "cik": "0000759944",
    "fillingDate": "2018-02-22",
    "acceptedDate": "2018-02-22 13:24:06",
    "calendarYear": "2017",
    "period": "Q4",
    "revenue": 1695000000,
    "costOfRevenue": 294000000,
    "grossProfit": 1401000000,
    "grossProfitRatio": 0.8265486726,
    "researchAndDevelopmentExpenses": 0,
    "generalAndAdministrativeExpenses": 484000000,
    "sellingAndMarketingExpenses": 23000000,
    "sellingGeneralAndAdministrativeExpenses": 507000000,
    "otherExpenses": 391000000,
    "operatingExpenses": 898000000,
    "costAndExpenses": 1192000000,
    "interestIncome": 1291000000,
    "interestExpense": 211000000,
    "depreciationAndAmortization": 114000000,
    "ebitda": 617000000,
    "ebitdaratio": 0.3640117994,
    "operatingIncome": 503000000,
    "operatingIncomeRatio": 0.2967551622,
    "totalOtherIncomeExpensesNet": 0,
    "incomeBeforeTax": 503000000,
    "incomeBeforeTaxRatio": 0.2967551622,
    "incomeTaxExpense": -163000000,
    "netIncome": 666000000,
    "netIncomeRatio": 0.392920354,
    "eps": 1.35,
    "epsdiluted": 1.35,
    "weightedAverageShsOut": 492150000,
    "weightedAverageShsOutDil": 493788000,
    "link": "https://www.sec.gov/Archives/edgar/data/759944/000075994418000016/0000759944-18-000016-index.htm",
    "finalLink": "https://www.sec.gov/Archives/edgar/data/759944/000075994418000016/citizens10-kx2017.htm"
  },
  {
    "date": "2017-09-30",
    "symbol": "CFG",
    "reportedCurrency": "USD",
    "cik": "0000759944",
    "fillingDate": "2017-11-03",
    "acceptedDate": "2017-11-03 15:47:29",
    "calendarYear": "2017",
    "period": "Q3",
    "revenue": 1645000000,
    "costOfRevenue": 274000000,
    "grossProfit": 1371000000,
    "grossProfitRatio": 0.8334346505,
    "researchAndDevelopmentExpenses": 0,
    "generalAndAdministrativeExpenses": 472000000,
    "sellingAndMarketingExpenses": 27000000,
    "sellingGeneralAndAdministrativeExpenses": 499000000,
    "otherExpenses": 359000000,
    "operatingExpenses": 858000000,
    "costAndExpenses": 1132000000,
    "interestIncome": 1264000000,
    "interestExpense": 202000000,
    "depreciationAndAmortization": 113000000,
    "ebitda": 626000000,
    "ebitdaratio": 0.3805471125,
    "operatingIncome": 513000000,
    "operatingIncomeRatio": 0.3118541033,
    "totalOtherIncomeExpensesNet": 0,
    "incomeBeforeTax": 513000000,
    "incomeBeforeTaxRatio": 0.3118541033,
    "incomeTaxExpense": 165000000,
    "netIncome": 348000000,
    "netIncomeRatio": 0.211550152,
    "eps": 0.68,
    "epsdiluted": 0.68,
    "weightedAverageShsOut": 500861000,
    "weightedAverageShsOutDil": 502157000,
    "link": "https://www.sec.gov/Archives/edgar/data/759944/000075994417000073/0000759944-17-000073-index.htm",
    "finalLink": "https://www.sec.gov/Archives/edgar/data/759944/000075994417000073/citizens10-qxq32017.htm"
  },
  {
    "date": "2017-06-30",
    "symbol": "CFG",
    "reportedCurrency": "USD",
    "cik": "0000759944",
    "fillingDate": "2017-08-03",
    "acceptedDate": "2017-08-03 11:12:07",
    "calendarYear": "2017",
    "period": "Q2",
    "revenue": 1575000000,
    "costOfRevenue": 249000000,
    "grossProfit": 1326000000,
    "grossProfitRatio": 0.8419047619,
    "researchAndDevelopmentExpenses": 0,
    "generalAndAdministrativeExpenses": 468000000,
    "sellingAndMarketingExpenses": 29000000,
    "sellingGeneralAndAdministrativeExpenses": 497000000,
    "otherExpenses": 367000000,
    "operatingExpenses": 864000000,
    "costAndExpenses": 1113000000,
    "interestIncome": 1205000000,
    "interestExpense": 179000000,
    "depreciationAndAmortization": 134000000,
    "ebitda": 596000000,
    "ebitdaratio": 0.3784126984,
    "operatingIncome": 462000000,
    "operatingIncomeRatio": 0.2933333333,
    "totalOtherIncomeExpensesNet": 0,
    "incomeBeforeTax": 462000000,
    "incomeBeforeTaxRatio": 0.2933333333,
    "incomeTaxExpense": 144000000,
    "netIncome": 318000000,
    "netIncomeRatio": 0.2019047619,
    "eps": 0.63,
    "epsdiluted": 0.63,
    "weightedAverageShsOut": 506372000,
    "weightedAverageShsOutDil": 507414000,
    "link": "https://www.sec.gov/Archives/edgar/data/759944/000075994417000047/0000759944-17-000047-index.htm",
    "finalLink": "https://www.sec.gov/Archives/edgar/data/759944/000075994417000047/citizens10q-q22017.htm"
  },
  {
    "date": "2017-03-31",
    "symbol": "CFG",
    "reportedCurrency": "USD",
    "cik": "0000759944",
    "fillingDate": "2017-05-04",
    "acceptedDate": "2017-05-04 16:33:05",
    "calendarYear": "2017",
    "period": "Q1",
    "revenue": 1539000000,
    "costOfRevenue": 251000000,
    "grossProfit": 1288000000,
    "grossProfitRatio": 0.8369070825,
    "researchAndDevelopmentExpenses": 0,
    "generalAndAdministrativeExpenses": 478000000,
    "sellingAndMarketingExpenses": 26000000,
    "sellingGeneralAndAdministrativeExpenses": 504000000,
    "otherExpenses": 350000000,
    "operatingExpenses": 854000000,
    "costAndExpenses": 1105000000,
    "interestIncome": 1160000000,
    "interestExpense": 155000000,
    "depreciationAndAmortization": 124000000,
    "ebitda": 558000000,
    "ebitdaratio": 0.3625730994,
    "operatingIncome": 434000000,
    "operatingIncomeRatio": 0.2820012995,
    "totalOtherIncomeExpensesNet": 0,
    "incomeBeforeTax": 434000000,
    "incomeBeforeTaxRatio": 0.2820012995,
    "incomeTaxExpense": 114000000,
    "netIncome": 320000000,
    "netIncomeRatio": 0.2079272255,
    "eps": 0.61,
    "epsdiluted": 0.61,
    "weightedAverageShsOut": 509451000,
    "weightedAverageShsOutDil": 511348000,
    "link": "https://www.sec.gov/Archives/edgar/data/759944/000075994417000043/0000759944-17-000043-index.htm",
    "finalLink": "https://www.sec.gov/Archives/edgar/data/759944/000075994417000043/citizens10-qxq12017.htm"
  },
  {
    "date": "2016-12-31",
    "symbol": "CFG",
    "reportedCurrency": "USD",
    "cik": "0000759944",
    "fillingDate": "2017-02-24",
    "acceptedDate": "2017-02-24 11:24:02",
    "calendarYear": "2016",
    "period": "Q4",
    "revenue": 1504000000,
    "costOfRevenue": 238000000,
    "grossProfit": 1266000000,
    "grossProfitRatio": 0.8417553191,
    "researchAndDevelopmentExpenses": 0,
    "generalAndAdministrativeExpenses": 453000000,
    "sellingAndMarketingExpenses": 25000000,
    "sellingGeneralAndAdministrativeExpenses": 478000000,
    "otherExpenses": 374000000,
    "operatingExpenses": 852000000,
    "costAndExpenses": 1090000000,
    "interestIncome": 1122000000,
    "interestExpense": 136000000,
    "depreciationAndAmortization": 136000000,
    "ebitda": 550000000,
    "ebitdaratio": 0.3656914894,
    "operatingIncome": 414000000,
    "operatingIncomeRatio": 0.2752659574,
    "totalOtherIncomeExpensesNet": 0,
    "incomeBeforeTax": 414000000,
    "incomeBeforeTaxRatio": 0.2752659574,
    "incomeTaxExpense": 132000000,
    "netIncome": 282000000,
    "netIncomeRatio": 0.1875,
    "eps": 0.55,
    "epsdiluted": 0.55,
    "weightedAverageShsOut": 512016000,
    "weightedAverageShsOutDil": 513897000,
    "link": "https://www.sec.gov/Archives/edgar/data/759944/000075994417000012/0000759944-17-000012-index.htm",
    "finalLink": "https://www.sec.gov/Archives/edgar/data/759944/000075994417000012/citizens10-kx2016.htm"
  },
  {
    "date": "2016-09-30",
    "symbol": "CFG",
    "reportedCurrency": "USD",
    "cik": "0000759944",
    "fillingDate": "2016-11-04",
    "acceptedDate": "2016-11-04 11:47:24",
    "calendarYear": "2016",
    "period": "Q3",
    "revenue": 1509000000,
    "costOfRevenue": 220000000,
    "grossProfit": 1289000000,
    "grossProfitRatio": 0.8542080848,
    "researchAndDevelopmentExpenses": 0,
    "generalAndAdministrativeExpenses": 464000000,
    "sellingAndMarketingExpenses": 24000000,
    "sellingGeneralAndAdministrativeExpenses": 488000000,
    "otherExpenses": 374000000,
    "operatingExpenses": 862000000,
    "costAndExpenses": 1082000000,
    "interestIncome": 1079000000,
    "interestExpense": 134000000,
    "depreciationAndAmortization": 142000000,
    "ebitda": 569000000,
    "ebitdaratio": 0.3770709079,
    "operatingIncome": 427000000,
    "operatingIncomeRatio": 0.2829688535,
    "totalOtherIncomeExpensesNet": 0,
    "incomeBeforeTax": 427000000,
    "incomeBeforeTaxRatio": 0.2829688535,
    "incomeTaxExpense": 130000000,
    "netIncome": 297000000,
    "netIncomeRatio": 0.1968190855,
    "eps": 0.56,
    "epsdiluted": 0.56,
    "weightedAverageShsOut": 519459000,
    "weightedAverageShsOutDil": 521122000,
    "link": "https://www.sec.gov/Archives/edgar/data/759944/000075994416000150/0000759944-16-000150-index.htm",
    "finalLink": "https://www.sec.gov/Archives/edgar/data/759944/000075994416000150/citizens10-qxq32016.htm"
  },
  {
    "date": "2016-06-30",
    "symbol": "CFG",
    "reportedCurrency": "USD",
    "cik": "0000759944",
    "fillingDate": "2016-08-05",
    "acceptedDate": "2016-08-05 11:38:04",
    "calendarYear": "2016",
    "period": "Q2",
    "revenue": 1401000000,
    "costOfRevenue": 213000000,
    "grossProfit": 1188000000,
    "grossProfitRatio": 0.8479657388,
    "researchAndDevelopmentExpenses": 0,
    "generalAndAdministrativeExpenses": 461000000,
    "sellingAndMarketingExpenses": 25000000,
    "sellingGeneralAndAdministrativeExpenses": 486000000,
    "otherExpenses": 341000000,
    "operatingExpenses": 827000000,
    "costAndExpenses": 1040000000,
    "interestIncome": 1046000000,
    "interestExpense": 123000000,
    "depreciationAndAmortization": 133000000,
    "ebitda": 494000000,
    "ebitdaratio": 0.3526052819,
    "operatingIncome": 361000000,
    "operatingIncomeRatio": 0.2576730906,
    "totalOtherIncomeExpensesNet": 0,
    "incomeBeforeTax": 361000000,
    "incomeBeforeTaxRatio": 0.2576730906,
    "incomeTaxExpense": 118000000,
    "netIncome": 243000000,
    "netIncomeRatio": 0.1734475375,
    "eps": 0.46,
    "epsdiluted": 0.46,
    "weightedAverageShsOut": 528968000,
    "weightedAverageShsOutDil": 530365000,
    "link": "https://www.sec.gov/Archives/edgar/data/759944/000075994416000143/0000759944-16-000143-index.htm",
    "finalLink": "https://www.sec.gov/Archives/edgar/data/759944/000075994416000143/citizens10-qxq22016.htm"
  },
  {
    "date": "2016-03-31",
    "symbol": "CFG",
    "reportedCurrency": "USD",
    "cik": "0000759944",
    "fillingDate": "2016-05-09",
    "acceptedDate": "2016-05-09 16:32:26",
    "calendarYear": "2016",
    "period": "Q1",
    "revenue": 1349000000,
    "costOfRevenue": 206000000,
    "grossProfit": 1143000000,
    "grossProfitRatio": 0.8472942921,
    "researchAndDevelopmentExpenses": 0,
    "generalAndAdministrativeExpenses": 451000000,
    "sellingAndMarketingExpenses": 24000000,
    "sellingGeneralAndAdministrativeExpenses": 475000000,
    "otherExpenses": 336000000,
    "operatingExpenses": 811000000,
    "costAndExpenses": 1017000000,
    "interestIncome": 1019000000,
    "interestExpense": 115000000,
    "depreciationAndAmortization": 112000000,
    "ebitda": 444000000,
    "ebitdaratio": 0.3291326909,
    "operatingIncome": 332000000,
    "operatingIncomeRatio": 0.2461082283,
    "totalOtherIncomeExpensesNet": 0,
    "incomeBeforeTax": 332000000,
    "incomeBeforeTaxRatio": 0.2461082283,
    "incomeTaxExpense": 109000000,
    "netIncome": 223000000,
    "netIncomeRatio": 0.1653076353,
    "eps": 0.41,
    "epsdiluted": 0.41,
    "weightedAverageShsOut": 528071000,
    "weightedAverageShsOutDil": 530446000,
    "link": "https://www.sec.gov/Archives/edgar/data/759944/000075994416000137/0000759944-16-000137-index.htm",
    "finalLink": "https://www.sec.gov/Archives/edgar/data/759944/000075994416000137/citizens10-qxq12016.htm"
  },
  {
    "date": "2015-12-31",
    "symbol": "CFG",
    "reportedCurrency": "USD",
    "cik": "0000759944",
    "fillingDate": "2016-02-26",
    "acceptedDate": "2016-02-26 14:29:14",
    "calendarYear": "2015",
    "period": "Q4",
    "revenue": 1345000000,
    "costOfRevenue": 207000000,
    "grossProfit": 1138000000,
    "grossProfitRatio": 0.8460966543,
    "researchAndDevelopmentExpenses": 0,
    "generalAndAdministrativeExpenses": 429000000,
    "sellingAndMarketingExpenses": 25000000,
    "sellingGeneralAndAdministrativeExpenses": 454000000,
    "otherExpenses": 353000000,
    "operatingExpenses": 807000000,
    "costAndExpenses": 1014000000,
    "interestIncome": 986000000,
    "interestExpense": 116000000,
    "depreciationAndAmortization": 121000000,
    "ebitda": 452000000,
    "ebitdaratio": 0.3360594796,
    "operatingIncome": 331000000,
    "operatingIncomeRatio": 0.2460966543,
    "totalOtherIncomeExpensesNet": 0,
    "incomeBeforeTax": 331000000,
    "incomeBeforeTaxRatio": 0.2460966543,
    "incomeTaxExpense": 110000000,
    "netIncome": 221000000,
    "netIncomeRatio": 0.1643122677,
    "eps": 0.42,
    "epsdiluted": 0.42,
    "weightedAverageShsOut": 527649000,
    "weightedAverageShsOutDil": 530276000,
    "link": "https://www.sec.gov/Archives/edgar/data/759944/000075994416000099/0000759944-16-000099-index.htm",
    "finalLink": "https://www.sec.gov/Archives/edgar/data/759944/000075994416000099/citizens10k-2015.htm"
  },
  {
    "date": "2015-09-30",
    "symbol": "CFG",
    "reportedCurrency": "USD",
    "cik": "0000759944",
    "fillingDate": "2015-11-06",
    "acceptedDate": "2015-11-06 11:41:22",
    "calendarYear": "2015",
    "period": "Q3",
    "revenue": 1327000000,
    "costOfRevenue": 194000000,
    "grossProfit": 1133000000,
    "grossProfitRatio": 0.8538055765,
    "researchAndDevelopmentExpenses": 0,
    "generalAndAdministrativeExpenses": 432000000,
    "sellingAndMarketingExpenses": 25000000,
    "sellingGeneralAndAdministrativeExpenses": 457000000,
    "otherExpenses": 341000000,
    "operatingExpenses": 798000000,
    "costAndExpenses": 992000000,
    "interestIncome": 974000000,
    "interestExpense": 118000000,
    "depreciationAndAmortization": 116000000,
    "ebitda": 451000000,
    "ebitdaratio": 0.3398643557,
    "operatingIncome": 335000000,
    "operatingIncomeRatio": 0.2524491334,
    "totalOtherIncomeExpensesNet": 0,
    "incomeBeforeTax": 335000000,
    "incomeBeforeTaxRatio": 0.2524491334,
    "incomeTaxExpense": 115000000,
    "netIncome": 220000000,
    "netIncomeRatio": 0.1657874906,
    "eps": 0.4,
    "epsdiluted": 0.4,
    "weightedAverageShsOut": 530985000,
    "weightedAverageShsOutDil": 533398000,
    "link": "https://www.sec.gov/Archives/edgar/data/759944/000075994415000087/0000759944-15-000087-index.htm",
    "finalLink": "https://www.sec.gov/Archives/edgar/data/759944/000075994415000087/citizens10q-q32015.htm"
  },
  {
    "date": "2015-06-30",
    "symbol": "CFG",
    "reportedCurrency": "USD",
    "cik": "0000759944",
    "fillingDate": "2015-08-07",
    "acceptedDate": "2015-08-07 11:11:21",
    "calendarYear": "2015",
    "period": "Q2",
    "revenue": 1312000000,
    "costOfRevenue": 189000000,
    "grossProfit": 1123000000,
    "grossProfitRatio": 0.855945122,
    "researchAndDevelopmentExpenses": 0,
    "generalAndAdministrativeExpenses": 437000000,
    "sellingAndMarketingExpenses": 29000000,
    "sellingGeneralAndAdministrativeExpenses": 466000000,
    "otherExpenses": 375000000,
    "operatingExpenses": 841000000,
    "costAndExpenses": 1030000000,
    "interestIncome": 952000000,
    "interestExpense": 112000000,
    "depreciationAndAmortization": 121000000,
    "ebitda": 403000000,
    "ebitdaratio": 0.3071646341,
    "operatingIncome": 282000000,
    "operatingIncomeRatio": 0.2149390244,
    "totalOtherIncomeExpensesNet": 0,
    "incomeBeforeTax": 282000000,
    "incomeBeforeTaxRatio": 0.2149390244,
    "incomeTaxExpense": 92000000,
    "netIncome": 190000000,
    "netIncomeRatio": 0.1448170732,
    "eps": 0.35,
    "epsdiluted": 0.35,
    "weightedAverageShsOut": 537729000,
    "weightedAverageShsOutDil": 539909000,
    "link": "https://www.sec.gov/Archives/edgar/data/759944/000075994415000067/0000759944-15-000067-index.htm",
    "finalLink": "https://www.sec.gov/Archives/edgar/data/759944/000075994415000067/citizens10q-q22015.htm"
  },
  {
    "date": "2015-03-31",
    "symbol": "CFG",
    "reportedCurrency": "USD",
    "cik": "0000759944",
    "fillingDate": "2015-05-08",
    "acceptedDate": "2015-05-08 13:35:32",
    "calendarYear": "2015",
    "period": "Q1",
    "revenue": 1289000000,
    "costOfRevenue": 164000000,
    "grossProfit": 1125000000,
    "grossProfitRatio": 0.8727695888,
    "researchAndDevelopmentExpenses": 0,
    "generalAndAdministrativeExpenses": 453000000,
    "sellingAndMarketingExpenses": 22000000,
    "sellingGeneralAndAdministrativeExpenses": 475000000,
    "otherExpenses": 335000000,
    "operatingExpenses": 810000000,
    "costAndExpenses": 974000000,
    "interestIncome": 942000000,
    "interestExpense": 106000000,
    "depreciationAndAmortization": 113000000,
    "ebitda": 428000000,
    "ebitdaratio": 0.3320403413,
    "operatingIncome": 315000000,
    "operatingIncomeRatio": 0.2443754849,
    "totalOtherIncomeExpensesNet": 0,
    "incomeBeforeTax": 315000000,
    "incomeBeforeTaxRatio": 0.2443754849,
    "incomeTaxExpense": 106000000,
    "netIncome": 209000000,
    "netIncomeRatio": 0.1621411947,
    "eps": 0.38,
    "epsdiluted": 0.38,
    "weightedAverageShsOut": 546291000,
    "weightedAverageShsOutDil": 549799000,
    "link": "https://www.sec.gov/Archives/edgar/data/759944/000075994415000055/0000759944-15-000055-index.htm",
    "finalLink": "https://www.sec.gov/Archives/edgar/data/759944/000075994415000055/citizens10q-1q15.htm"
  },
  {
    "date": "2014-12-31",
    "symbol": "CFG",
    "reportedCurrency": "USD",
    "cik": "0000759944",
    "fillingDate": "2015-03-03",
    "acceptedDate": "2015-03-02 21:23:05",
    "calendarYear": "2014",
    "period": "Q4",
    "revenue": 992000000,
    "costOfRevenue": 173000000,
    "grossProfit": 819000000,
    "grossProfitRatio": 0.8256048387,
    "researchAndDevelopmentExpenses": 0,
    "generalAndAdministrativeExpenses": 423000000,
    "sellingAndMarketingExpenses": 26000000,
    "sellingGeneralAndAdministrativeExpenses": 449000000,
    "otherExpenses": 87000000,
    "operatingExpenses": 536000000,
    "costAndExpenses": 709000000,
    "interestIncome": 941000000,
    "interestExpense": 101000000,
    "depreciationAndAmortization": 73000000,
    "ebitda": 356000000,
    "ebitdaratio": 0.3588709677,
    "operatingIncome": 283000000,
    "operatingIncomeRatio": 0.2852822581,
    "totalOtherIncomeExpensesNet": 0,
    "incomeBeforeTax": 283000000,
    "incomeBeforeTaxRatio": 0.2852822581,
    "incomeTaxExpense": 86000000,
    "netIncome": 197000000,
    "netIncomeRatio": 0.1985887097,
    "eps": 0.36,
    "epsdiluted": 0.36,
    "weightedAverageShsOut": 547959000,
    "weightedAverageShsOutDil": 550676000,
    "link": "https://www.sec.gov/Archives/edgar/data/759944/000075994415000016/0000759944-15-000016-index.htm",
    "finalLink": "https://www.sec.gov/Archives/edgar/data/759944/000075994415000016/citizens2014-10k.htm"
  },
  {
    "date": "2014-09-30",
    "symbol": "CFG",
    "reportedCurrency": "USD",
    "cik": "0000759944",
    "fillingDate": "2014-11-14",
    "acceptedDate": "2014-11-14 10:14:51",
    "calendarYear": "2014",
    "period": "Q3",
    "revenue": 1254000000,
    "costOfRevenue": 170000000,
    "grossProfit": 1084000000,
    "grossProfitRatio": 0.8644338118,
    "researchAndDevelopmentExpenses": 0,
    "generalAndAdministrativeExpenses": 432000000,
    "sellingAndMarketingExpenses": 19000000,
    "sellingGeneralAndAdministrativeExpenses": 451000000,
    "otherExpenses": 359000000,
    "operatingExpenses": 810000000,
    "costAndExpenses": 980000000,
    "interestIncome": 913000000,
    "interestExpense": 93000000,
    "depreciationAndAmortization": 117000000,
    "ebitda": 391000000,
    "ebitdaratio": 0.3118022329,
    "operatingIncome": 274000000,
    "operatingIncomeRatio": 0.2185007974,
    "totalOtherIncomeExpensesNet": 0,
    "incomeBeforeTax": 274000000,
    "incomeBeforeTaxRatio": 0.2185007974,
    "incomeTaxExpense": 85000000,
    "netIncome": 189000000,
    "netIncomeRatio": 0.1507177033,
    "eps": 0.34,
    "epsdiluted": 0.34,
    "weightedAverageShsOut": 559998000,
    "weightedAverageShsOutDil": 560244000,
    "link": "https://www.sec.gov/Archives/edgar/data/759944/000075994414000009/0000759944-14-000009-index.htm",
    "finalLink": "https://www.sec.gov/Archives/edgar/data/759944/000075994414000009/citizensq32014-10q.htm"
  },
  {
    "date": "2014-06-30",
    "symbol": "CFG",
    "reportedCurrency": "USD",
    "cik": "0000759944",
    "fillingDate": "2014-06-30",
    "acceptedDate": "2014-06-29 20:00:00",
    "calendarYear": "2014",
    "period": "Q2",
    "revenue": 1269000000,
    "costOfRevenue": 133000000,
    "grossProfit": 1136000000,
    "grossProfitRatio": 0.8951930654,
    "researchAndDevelopmentExpenses": 0,
    "generalAndAdministrativeExpenses": 493000000,
    "sellingAndMarketingExpenses": 21000000,
    "sellingGeneralAndAdministrativeExpenses": 514000000,
    "otherExpenses": 146000000,
    "operatingExpenses": 660000000,
    "costAndExpenses": 793000000,
    "interestIncome": 917000000,
    "interestExpense": 84000000,
    "depreciationAndAmortization": 100000000,
    "ebitda": 576000000,
    "ebitdaratio": 0.4539007092,
    "operatingIncome": 476000000,
    "operatingIncomeRatio": 0.3750985028,
    "totalOtherIncomeExpensesNet": 0,
    "incomeBeforeTax": 476000000,
    "incomeBeforeTaxRatio": 0.3750985028,
    "incomeTaxExpense": 163000000,
    "netIncome": 313000000,
    "netIncomeRatio": 0.2466509062,
    "eps": 0.56,
    "epsdiluted": 0.56,
    "weightedAverageShsOut": 559998000,
    "weightedAverageShsOutDil": 559998000,
    "link": "",
    "finalLink": ""
  },
  {
    "date": "2014-03-31",
    "symbol": "CFG",
    "reportedCurrency": "USD",
    "cik": "0000759944",
    "fillingDate": "2014-03-31",
    "acceptedDate": "2014-03-30 20:00:00",
    "calendarYear": "2014",
    "period": "Q1",
    "revenue": 1251000000,
    "costOfRevenue": 206000000,
    "grossProfit": 1045000000,
    "grossProfitRatio": 0.8353317346,
    "researchAndDevelopmentExpenses": 0,
    "generalAndAdministrativeExpenses": 425000000,
    "sellingAndMarketingExpenses": 20000000,
    "sellingGeneralAndAdministrativeExpenses": 445000000,
    "otherExpenses": 365000000,
    "operatingExpenses": 810000000,
    "costAndExpenses": 1016000000,
    "interestIncome": 893000000,
    "interestExpense": 85000000,
    "depreciationAndAmortization": 96000000,
    "ebitda": 331000000,
    "ebitdaratio": 0.2645883293,
    "operatingIncome": 235000000,
    "operatingIncomeRatio": 0.1878497202,
    "totalOtherIncomeExpensesNet": 0,
    "incomeBeforeTax": 235000000,
    "incomeBeforeTaxRatio": 0.1878497202,
    "incomeTaxExpense": 69000000,
    "netIncome": 166000000,
    "netIncomeRatio": 0.1326938449,
    "eps": 0.3,
    "epsdiluted": 0.3,
    "weightedAverageShsOut": 559998000,
    "weightedAverageShsOutDil": 559998000,
    "link": "",
    "finalLink": ""
  },
  {
    "date": "2013-12-31",
    "symbol": "CFG",
    "reportedCurrency": "USD",
    "cik": "0000759944",
    "fillingDate": "2013-12-31",
    "acceptedDate": "2013-12-30 19:00:00",
    "calendarYear": "2013",
    "period": "Q4",
    "revenue": 1255000000,
    "costOfRevenue": 229000000,
    "grossProfit": 1026000000,
    "grossProfitRatio": 0.8175298805,
    "researchAndDevelopmentExpenses": 0,
    "generalAndAdministrativeExpenses": 409000000,
    "sellingAndMarketingExpenses": 20000000,
    "sellingGeneralAndAdministrativeExpenses": 429000000,
    "otherExpenses": 389000000,
    "operatingExpenses": 818000000,
    "costAndExpenses": 1047000000,
    "interestIncome": 876000000,
    "interestExpense": 97000000,
    "depreciationAndAmortization": 100000000,
    "ebitda": 308000000,
    "ebitdaratio": 0.2454183267,
    "operatingIncome": 208000000,
    "operatingIncomeRatio": 0.1657370518,
    "totalOtherIncomeExpensesNet": 0,
    "incomeBeforeTax": 208000000,
    "incomeBeforeTaxRatio": 0.1657370518,
    "incomeTaxExpense": 56000000,
    "netIncome": 152000000,
    "netIncomeRatio": 0.1211155378,
    "eps": 0.27,
    "epsdiluted": 0.27,
    "weightedAverageShsOut": 559998000,
    "weightedAverageShsOutDil": 559998000,
    "link": "",
    "finalLink": ""
  },
  {
    "date": "2013-09-30",
    "symbol": "CFG",
    "reportedCurrency": "USD",
    "cik": "0000759944",
    "fillingDate": "2013-09-30",
    "acceptedDate": "2013-09-30 00:00:00",
    "calendarYear": "2013",
    "period": "Q3",
    "revenue": 1256000000,
    "costOfRevenue": 248000000,
    "grossProfit": 1008000000,
    "grossProfitRatio": 0.8025477707,
    "researchAndDevelopmentExpenses": 0,
    "generalAndAdministrativeExpenses": 421000000,
    "sellingAndMarketingExpenses": 18000000,
    "sellingGeneralAndAdministrativeExpenses": 439000000,
    "otherExpenses": 349000000,
    "operatingExpenses": 788000000,
    "costAndExpenses": 1036000000,
    "interestIncome": 873000000,
    "interestExpense": 103000000,
    "depreciationAndAmortization": 99000000,
    "ebitda": 319000000,
    "ebitdaratio": 0.2539808917,
    "operatingIncome": 220000000,
    "operatingIncomeRatio": 0.1751592357,
    "totalOtherIncomeExpensesNet": 0,
    "incomeBeforeTax": 220000000,
    "incomeBeforeTaxRatio": 0.1751592357,
    "incomeTaxExpense": 76000000,
    "netIncome": 144000000,
    "netIncomeRatio": 0.1146496815,
    "eps": 0.26,
    "epsdiluted": 0.26,
    "weightedAverageShsOut": 559998000,
    "weightedAverageShsOutDil": 559998000,
    "link": "",
    "finalLink": ""
  },
  {
    "date": "2013-06-30",
    "symbol": "CFG",
    "reportedCurrency": "USD",
    "cik": "0000759944",
    "fillingDate": "2013-06-30",
    "acceptedDate": "2013-06-30 00:00:00",
    "calendarYear": "2013",
    "period": "Q2",
    "revenue": 1303000000,
    "costOfRevenue": 229000000,
    "grossProfit": 1074000000,
    "grossProfitRatio": 0.8242517268,
    "researchAndDevelopmentExpenses": 0,
    "generalAndAdministrativeExpenses": 447000000,
    "sellingAndMarketingExpenses": 19000000,
    "sellingGeneralAndAdministrativeExpenses": 466000000,
    "otherExpenses": 4786000000,
    "operatingExpenses": 5252000000,
    "costAndExpenses": 5481000000,
    "interestIncome": 866000000,
    "interestExpense": 117000000,
    "depreciationAndAmortization": 102000000,
    "ebitda": -4076000000,
    "ebitdaratio": -3.1281657713,
    "operatingIncome": -4178000000,
    "operatingIncomeRatio": -3.2064466616,
    "totalOtherIncomeExpensesNet": 0,
    "incomeBeforeTax": -4178000000,
    "incomeBeforeTaxRatio": -3.2064466616,
    "incomeTaxExpense": -273000000,
    "netIncome": -3905000000,
    "netIncomeRatio": -2.9969301612,
    "eps": -6.98,
    "epsdiluted": -6.97,
    "weightedAverageShsOut": 559696000,
    "weightedAverageShsOutDil": 559998000,
    "link": "",
    "finalLink": ""
  },
  {
    "date": "2013-03-31",
    "symbol": "CFG",
    "reportedCurrency": "USD",
    "cik": "0000759944",
    "fillingDate": "2013-03-31",
    "acceptedDate": "2013-03-31 00:00:00",
    "calendarYear": "2013",
    "period": "Q1",
    "revenue": 1319000000,
    "costOfRevenue": 216000000,
    "grossProfit": 1103000000,
    "grossProfitRatio": 0.8362395754,
    "researchAndDevelopmentExpenses": 0,
    "generalAndAdministrativeExpenses": 460000000,
    "sellingAndMarketingExpenses": 19000000,
    "sellingGeneralAndAdministrativeExpenses": 479000000,
    "otherExpenses": 342000000,
    "operatingExpenses": 821000000,
    "costAndExpenses": 1037000000,
    "interestIncome": 886000000,
    "interestExpense": 126000000,
    "depreciationAndAmortization": 103000000,
    "ebitda": 385000000,
    "ebitdaratio": 0.2918877938,
    "operatingIncome": 282000000,
    "operatingIncomeRatio": 0.2137983321,
    "totalOtherIncomeExpensesNet": 0,
    "incomeBeforeTax": 282000000,
    "incomeBeforeTaxRatio": 0.2137983321,
    "incomeTaxExpense": 99000000,
    "netIncome": 183000000,
    "netIncomeRatio": 0.1387414708,
    "eps": 0.33,
    "epsdiluted": 0.33,
    "weightedAverageShsOut": 559998000,
    "weightedAverageShsOutDil": 559998000,
    "link": "",
    "finalLink": ""
  },
  {
    "date": "2012-12-31",
    "symbol": "CFG",
    "reportedCurrency": "USD",
    "cik": "0000759944",
    "fillingDate": "2012-12-31",
    "acceptedDate": "2012-12-30 19:00:00",
    "calendarYear": "2012",
    "period": "Q4",
    "revenue": 1058000000,
    "costOfRevenue": 0,
    "grossProfit": 1058000000,
    "grossProfitRatio": 1,
    "researchAndDevelopmentExpenses": 0,
    "generalAndAdministrativeExpenses": 645000000,
    "sellingAndMarketingExpenses": 22000000,
    "sellingGeneralAndAdministrativeExpenses": 667000000,
    "otherExpenses": 0,
    "operatingExpenses": 894000000,
    "costAndExpenses": 894000000,
    "interestIncome": 0,
    "interestExpense": 0,
    "depreciationAndAmortization": -398000000,
    "ebitda": -234000000,
    "ebitdaratio": -0.2211720227,
    "operatingIncome": 398000000,
    "operatingIncomeRatio": 0.3761814745,
    "totalOtherIncomeExpensesNet": -234000000,
    "incomeBeforeTax": 164000000,
    "incomeBeforeTaxRatio": 0.1550094518,
    "incomeTaxExpense": 63000000,
    "netIncome": 101000000,
    "netIncomeRatio": 0.095463138,
    "eps": 0.18,
    "epsdiluted": 0.18,
    "weightedAverageShsOut": 559998000,
    "weightedAverageShsOutDil": 559998000,
    "link": null,
    "finalLink": null
  }
]