[
  {
    "date": "2024-12-31",
    "symbol": "CFG",
    "reportedCurrency": "USD",
    "cik": "0000759944",
    "fillingDate": "2025-02-13",
    "acceptedDate": "2025-02-13 16:03:58",
    "calendarYear": "2024",
    "period": "FY",
    "revenue": 12347000000,
    "costOfRevenue": 5240000000,
    "grossProfit": 7107000000,
    "grossProfitRatio": 0.5756054102,
    "researchAndDevelopmentExpenses": 0,
    "generalAndAdministrativeExpenses": 2819000000,
    "sellingAndMarketingExpenses": 170000000,
    "sellingGeneralAndAdministrativeExpenses": 2989000000,
    "otherExpenses": 2230000000,
    "operatingExpenses": 5219000000,
    "costAndExpenses": 10459000000,
    "interestIncome": 10186000000,
    "interestExpense": 4553000000,
    "depreciationAndAmortization": 498000000,
    "ebitda": 2386000000,
    "ebitdaratio": 0.1932453228,
    "operatingIncome": 1888000000,
    "operatingIncomeRatio": 0.1529116385,
    "totalOtherIncomeExpensesNet": 0,
    "incomeBeforeTax": 1888000000,
    "incomeBeforeTaxRatio": 0.1529116385,
    "incomeTaxExpense": 379000000,
    "netIncome": 1509000000,
    "netIncomeRatio": 0.1222159229,
    "eps": 3.04,
    "epsdiluted": 3.03,
    "weightedAverageShsOut": 450678000,
    "weightedAverageShsOutDil": 453510000,
    "link": "https://www.sec.gov/Archives/edgar/data/759944/000075994425000013/0000759944-25-000013-index.htm",
    "finalLink": "https://www.sec.gov/Archives/edgar/data/759944/000075994425000013/cfg-20241231.htm"
  },
  {
    "date": "2023-12-31",
    "symbol": "CFG",
    "reportedCurrency": "USD",
    "cik": "0000759944",
    "fillingDate": "2024-02-16",
    "acceptedDate": "2024-02-16 16:02:40",
    "calendarYear": "2023",
    "period": "FY",
    "revenue": 12187000000,
    "costOfRevenue": 4650000000,
    "grossProfit": 7537000000,
    "grossProfitRatio": 0.618445885,
    "researchAndDevelopmentExpenses": 0,
    "generalAndAdministrativeExpenses": 2764000000,
    "sellingAndMarketingExpenses": 187000000,
    "sellingGeneralAndAdministrativeExpenses": 2951000000,
    "otherExpenses": 2556000000,
    "operatingExpenses": 5507000000,
    "costAndExpenses": 10157000000,
    "interestIncome": 10204000000,
    "interestExpense": 3963000000,
    "depreciationAndAmortization": 478000000,
    "ebitda": 2508000000,
    "ebitdaratio": 0.2057930582,
    "operatingIncome": 2030000000,
    "operatingIncomeRatio": 0.1665709362,
    "totalOtherIncomeExpensesNet": 0,
    "incomeBeforeTax": 2030000000,
    "incomeBeforeTaxRatio": 0.1665709362,
    "incomeTaxExpense": 422000000,
    "netIncome": 1608000000,
    "netIncomeRatio": 0.1319438746,
    "eps": 3.14,
    "epsdiluted": 3.13,
    "weightedAverageShsOut": 475089000,
    "weightedAverageShsOutDil": 476693000,
    "link": "https://www.sec.gov/Archives/edgar/data/759944/000075994424000039/0000759944-24-000039-index.htm",
    "finalLink": "https://www.sec.gov/Archives/edgar/data/759944/000075994424000039/cfg-20231231.htm"
  },
  {
    "date": "2022-12-31",
    "symbol": "CFG",
    "reportedCurrency": "USD",
    "cik": "0000759944",
    "fillingDate": "2023-02-17",
    "acceptedDate": "2023-02-17 07:57:56",
    "calendarYear": "2022",
    "period": "FY",
    "revenue": 9069000000,
    "costOfRevenue": 1522000000,
    "grossProfit": 7547000000,
    "grossProfitRatio": 0.8321755431,
    "researchAndDevelopmentExpenses": 0,
    "generalAndAdministrativeExpenses": 2645000000,
    "sellingAndMarketingExpenses": 166000000,
    "sellingGeneralAndAdministrativeExpenses": 2811000000,
    "otherExpenses": 2081000000,
    "operatingExpenses": 4892000000,
    "costAndExpenses": 6414000000,
    "interestIncome": 7060000000,
    "interestExpense": 1048000000,
    "depreciationAndAmortization": 565000000,
    "ebitda": 3220000000,
    "ebitdaratio": 0.3550556842,
    "operatingIncome": 2655000000,
    "operatingIncomeRatio": 0.2927555409,
    "totalOtherIncomeExpensesNet": 0,
    "incomeBeforeTax": 2655000000,
    "incomeBeforeTaxRatio": 0.2927555409,
    "incomeTaxExpense": 582000000,
    "netIncome": 2073000000,
    "netIncomeRatio": 0.2285808799,
    "eps": 4.12,
    "epsdiluted": 4.1,
    "weightedAverageShsOut": 475960000,
    "weightedAverageShsOutDil": 477803000,
    "link": "https://www.sec.gov/Archives/edgar/data/759944/000075994423000029/0000759944-23-000029-index.htm",
    "finalLink": "https://www.sec.gov/Archives/edgar/data/759944/000075994423000029/cfg-20221231.htm"
  },
  {
    "date": "2021-12-31",
    "symbol": "CFG",
    "reportedCurrency": "USD",
    "cik": "0000759944",
    "fillingDate": "2022-02-23",
    "acceptedDate": "2022-02-23 16:10:35",
    "calendarYear": "2021",
    "period": "FY",
    "revenue": 6986000000,
    "costOfRevenue": -72000000,
    "grossProfit": 7058000000,
    "grossProfitRatio": 1.0103063269,
    "researchAndDevelopmentExpenses": 0,
    "generalAndAdministrativeExpenses": 2198000000,
    "sellingAndMarketingExpenses": 111000000,
    "sellingGeneralAndAdministrativeExpenses": 2309000000,
    "otherExpenses": 1772000000,
    "operatingExpenses": 4081000000,
    "costAndExpenses": 4009000000,
    "interestIncome": 4851000000,
    "interestExpense": 339000000,
    "depreciationAndAmortization": 625000000,
    "ebitda": 3602000000,
    "ebitdaratio": 0.5156026338,
    "operatingIncome": 2977000000,
    "operatingIncomeRatio": 0.4261379903,
    "totalOtherIncomeExpensesNet": 0,
    "incomeBeforeTax": 2977000000,
    "incomeBeforeTaxRatio": 0.4261379903,
    "incomeTaxExpense": 658000000,
    "netIncome": 2319000000,
    "netIncomeRatio": 0.3319496135,
    "eps": 5.18,
    "epsdiluted": 5.16,
    "weightedAverageShsOut": 425669000,
    "weightedAverageShsOutDil": 427436000,
    "link": "https://www.sec.gov/Archives/edgar/data/759944/000075994422000025/0000759944-22-000025-index.htm",
    "finalLink": "https://www.sec.gov/Archives/edgar/data/759944/000075994422000025/cfg-20211231.htm"
  },
  {
    "date": "2020-12-31",
    "symbol": "CFG",
    "reportedCurrency": "USD",
    "cik": "0000759944",
    "fillingDate": "2021-02-23",
    "acceptedDate": "2021-02-23 16:04:16",
    "calendarYear": "2020",
    "period": "FY",
    "revenue": 7676000000,
    "costOfRevenue": 2387000000,
    "grossProfit": 5289000000,
    "grossProfitRatio": 0.6890307452,
    "researchAndDevelopmentExpenses": 0,
    "generalAndAdministrativeExpenses": 2189000000,
    "sellingAndMarketingExpenses": 100000000,
    "sellingGeneralAndAdministrativeExpenses": 2289000000,
    "otherExpenses": 1702000000,
    "operatingExpenses": 3991000000,
    "costAndExpenses": 6378000000,
    "interestIncome": 5357000000,
    "interestExpense": 771000000,
    "depreciationAndAmortization": 578000000,
    "ebitda": 1876000000,
    "ebitdaratio": 0.244398124,
    "operatingIncome": 1298000000,
    "operatingIncomeRatio": 0.1690984888,
    "totalOtherIncomeExpensesNet": 0,
    "incomeBeforeTax": 1298000000,
    "incomeBeforeTaxRatio": 0.1690984888,
    "incomeTaxExpense": 241000000,
    "netIncome": 1057000000,
    "netIncomeRatio": 0.1377019281,
    "eps": 2.22,
    "epsdiluted": 2.22,
    "weightedAverageShsOut": 427063000,
    "weightedAverageShsOutDil": 428158000,
    "link": "https://www.sec.gov/Archives/edgar/data/759944/000075994421000034/0000759944-21-000034-index.htm",
    "finalLink": "https://www.sec.gov/Archives/edgar/data/759944/000075994421000034/cfg-20201231.htm"
  },
  {
    "date": "2019-12-31",
    "symbol": "CFG",
    "reportedCurrency": "USD",
    "cik": "0000759944",
    "fillingDate": "2020-02-24",
    "acceptedDate": "2020-02-24 16:44:55",
    "calendarYear": "2019",
    "period": "FY",
    "revenue": 8066000000,
    "costOfRevenue": 1968000000,
    "grossProfit": 6098000000,
    "grossProfitRatio": 0.7560128936,
    "researchAndDevelopmentExpenses": 0,
    "generalAndAdministrativeExpenses": 2026000000,
    "sellingAndMarketingExpenses": 112000000,
    "sellingGeneralAndAdministrativeExpenses": 2138000000,
    "otherExpenses": 1709000000,
    "operatingExpenses": 3847000000,
    "costAndExpenses": 5815000000,
    "interestIncome": 6189000000,
    "interestExpense": 1575000000,
    "depreciationAndAmortization": 633000000,
    "ebitda": 2884000000,
    "ebitdaratio": 0.3575502108,
    "operatingIncome": 2251000000,
    "operatingIncomeRatio": 0.2790726506,
    "totalOtherIncomeExpensesNet": 0,
    "incomeBeforeTax": 2251000000,
    "incomeBeforeTaxRatio": 0.2790726506,
    "incomeTaxExpense": 460000000,
    "netIncome": 1791000000,
    "netIncomeRatio": 0.2220431441,
    "eps": 3.82,
    "epsdiluted": 3.81,
    "weightedAverageShsOut": 449731000,
    "weightedAverageShsOutDil": 451214000,
    "link": "https://www.sec.gov/Archives/edgar/data/759944/000075994420000030/0000759944-20-000030-index.htm",
    "finalLink": "https://www.sec.gov/Archives/edgar/data/759944/000075994420000030/citizens10-kx2019.htm"
  },
  {
    "date": "2018-12-31",
    "symbol": "CFG",
    "reportedCurrency": "USD",
    "cik": "0000759944",
    "fillingDate": "2019-02-21",
    "acceptedDate": "2019-02-21 16:07:49",
    "calendarYear": "2018",
    "period": "FY",
    "revenue": 7354000000,
    "costOfRevenue": 1552000000,
    "grossProfit": 5802000000,
    "grossProfitRatio": 0.78895839,
    "researchAndDevelopmentExpenses": 0,
    "generalAndAdministrativeExpenses": 1984000000,
    "sellingAndMarketingExpenses": 129000000,
    "sellingGeneralAndAdministrativeExpenses": 2113000000,
    "otherExpenses": 1506000000,
    "operatingExpenses": 3619000000,
    "costAndExpenses": 5171000000,
    "interestIncome": 5758000000,
    "interestExpense": 1226000000,
    "depreciationAndAmortization": 489000000,
    "ebitda": 2672000000,
    "ebitdaratio": 0.3633396791,
    "operatingIncome": 2183000000,
    "operatingIncomeRatio": 0.2968452543,
    "totalOtherIncomeExpensesNet": 0,
    "incomeBeforeTax": 2183000000,
    "incomeBeforeTaxRatio": 0.2968452543,
    "incomeTaxExpense": 462000000,
    "netIncome": 1721000000,
    "netIncomeRatio": 0.2340223008,
    "eps": 3.54,
    "epsdiluted": 3.52,
    "weightedAverageShsOut": 478822000,
    "weightedAverageShsOutDil": 480431000,
    "link": "https://www.sec.gov/Archives/edgar/data/759944/000075994419000024/0000759944-19-000024-index.htm",
    "finalLink": "https://www.sec.gov/Archives/edgar/data/759944/000075994419000024/citizens10-kx2018.htm"
  },
  {
    "date": "2017-12-31",
    "symbol": "CFG",
    "reportedCurrency": "USD",
    "cik": "0000759944",
    "fillingDate": "2018-02-22",
    "acceptedDate": "2018-02-22 13:24:06",
    "calendarYear": "2017",
    "period": "FY",
    "revenue": 6454000000,
    "costOfRevenue": 1068000000,
    "grossProfit": 5386000000,
    "grossProfitRatio": 0.8345212271,
    "researchAndDevelopmentExpenses": 0,
    "generalAndAdministrativeExpenses": 1903000000,
    "sellingAndMarketingExpenses": 105000000,
    "sellingGeneralAndAdministrativeExpenses": 2008000000,
    "otherExpenses": 1466000000,
    "operatingExpenses": 3474000000,
    "costAndExpenses": 4542000000,
    "interestIncome": 4920000000,
    "interestExpense": 747000000,
    "depreciationAndAmortization": 487000000,
    "ebitda": 2399000000,
    "ebitdaratio": 0.3717074682,
    "operatingIncome": 1912000000,
    "operatingIncomeRatio": 0.2962503874,
    "totalOtherIncomeExpensesNet": 0,
    "incomeBeforeTax": 1912000000,
    "incomeBeforeTaxRatio": 0.2962503874,
    "incomeTaxExpense": 260000000,
    "netIncome": 1652000000,
    "netIncomeRatio": 0.2559652928,
    "eps": 3.26,
    "epsdiluted": 3.25,
    "weightedAverageShsOut": 502157000,
    "weightedAverageShsOutDil": 503685000,
    "link": "https://www.sec.gov/Archives/edgar/data/759944/000075994418000016/0000759944-18-000016-index.htm",
    "finalLink": "https://www.sec.gov/Archives/edgar/data/759944/000075994418000016/citizens10-kx2017.htm"
  },
  {
    "date": "2016-12-31",
    "symbol": "CFG",
    "reportedCurrency": "USD",
    "cik": "0000759944",
    "fillingDate": "2017-02-24",
    "acceptedDate": "2017-02-24 11:24:02",
    "calendarYear": "2016",
    "period": "FY",
    "revenue": 5763000000,
    "costOfRevenue": 877000000,
    "grossProfit": 4886000000,
    "grossProfitRatio": 0.8478223148,
    "researchAndDevelopmentExpenses": 0,
    "generalAndAdministrativeExpenses": 1834000000,
    "sellingAndMarketingExpenses": 98000000,
    "sellingGeneralAndAdministrativeExpenses": 1932000000,
    "otherExpenses": 1420000000,
    "operatingExpenses": 3352000000,
    "costAndExpenses": 4229000000,
    "interestIncome": 4266000000,
    "interestExpense": 508000000,
    "depreciationAndAmortization": 515000000,
    "ebitda": 2049000000,
    "ebitdaratio": 0.3555439875,
    "operatingIncome": 1534000000,
    "operatingIncomeRatio": 0.2661808086,
    "totalOtherIncomeExpensesNet": 0,
    "incomeBeforeTax": 1534000000,
    "incomeBeforeTaxRatio": 0.2661808086,
    "incomeTaxExpense": 489000000,
    "netIncome": 1045000000,
    "netIncomeRatio": 0.1813291688,
    "eps": 1.97,
    "epsdiluted": 1.97,
    "weightedAverageShsOut": 522094000,
    "weightedAverageShsOutDil": 523931000,
    "link": "https://www.sec.gov/Archives/edgar/data/759944/000075994417000012/0000759944-17-000012-index.htm",
    "finalLink": "https://www.sec.gov/Archives/edgar/data/759944/000075994417000012/citizens10-kx2016.htm"
  },
  {
    "date": "2015-12-31",
    "symbol": "CFG",
    "reportedCurrency": "USD",
    "cik": "0000759944",
    "fillingDate": "2016-02-26",
    "acceptedDate": "2016-02-26 14:29:14",
    "calendarYear": "2015",
    "period": "FY",
    "revenue": 5276000000,
    "costOfRevenue": 754000000,
    "grossProfit": 4522000000,
    "grossProfitRatio": 0.8570887036,
    "researchAndDevelopmentExpenses": 0,
    "generalAndAdministrativeExpenses": 1751000000,
    "sellingAndMarketingExpenses": 101000000,
    "sellingGeneralAndAdministrativeExpenses": 1852000000,
    "otherExpenses": 1407000000,
    "operatingExpenses": 3259000000,
    "costAndExpenses": 4013000000,
    "interestIncome": 3854000000,
    "interestExpense": 452000000,
    "depreciationAndAmortization": 471000000,
    "ebitda": 1734000000,
    "ebitdaratio": 0.3286580743,
    "operatingIncome": 1263000000,
    "operatingIncomeRatio": 0.2393858984,
    "totalOtherIncomeExpensesNet": 0,
    "incomeBeforeTax": 1263000000,
    "incomeBeforeTaxRatio": 0.2393858984,
    "incomeTaxExpense": 423000000,
    "netIncome": 840000000,
    "netIncomeRatio": 0.1592115239,
    "eps": 1.55,
    "epsdiluted": 1.55,
    "weightedAverageShsOut": 535600000,
    "weightedAverageShsOutDil": 538221000,
    "link": "https://www.sec.gov/Archives/edgar/data/759944/000075994416000099/0000759944-16-000099-index.htm",
    "finalLink": "https://www.sec.gov/Archives/edgar/data/759944/000075994416000099/citizens10k-2015.htm"
  },
  {
    "date": "2014-12-31",
    "symbol": "CFG",
    "reportedCurrency": "USD",
    "cik": "0000759944",
    "fillingDate": "2015-03-03",
    "acceptedDate": "2015-03-02 21:23:05",
    "calendarYear": "2014",
    "period": "FY",
    "revenue": 5054000000,
    "costOfRevenue": 682000000,
    "grossProfit": 4372000000,
    "grossProfitRatio": 0.8650573803,
    "researchAndDevelopmentExpenses": 0,
    "generalAndAdministrativeExpenses": 1773000000,
    "sellingAndMarketingExpenses": 86000000,
    "sellingGeneralAndAdministrativeExpenses": 1859000000,
    "otherExpenses": 1245000000,
    "operatingExpenses": 3104000000,
    "costAndExpenses": 3786000000,
    "interestIncome": 3664000000,
    "interestExpense": 363000000,
    "depreciationAndAmortization": 386000000,
    "ebitda": 1654000000,
    "ebitdaratio": 0.3272655323,
    "operatingIncome": 1268000000,
    "operatingIncomeRatio": 0.2508903839,
    "totalOtherIncomeExpensesNet": 0,
    "incomeBeforeTax": 1268000000,
    "incomeBeforeTaxRatio": 0.2508903839,
    "incomeTaxExpense": 403000000,
    "netIncome": 865000000,
    "netIncomeRatio": 0.1711515631,
    "eps": 1.55,
    "epsdiluted": 1.55,
    "weightedAverageShsOut": 556674000,
    "weightedAverageShsOutDil": 557725000,
    "link": "https://www.sec.gov/Archives/edgar/data/759944/000075994415000016/0000759944-15-000016-index.htm",
    "finalLink": "https://www.sec.gov/Archives/edgar/data/759944/000075994415000016/citizens2014-10k.htm"
  },
  {
    "date": "2013-12-31",
    "symbol": "CFG",
    "reportedCurrency": "USD",
    "cik": "0000759944",
    "fillingDate": "2013-12-31",
    "acceptedDate": "2013-12-30 19:00:00",
    "calendarYear": "2013",
    "period": "FY",
    "revenue": 5133000000,
    "costOfRevenue": 922000000,
    "grossProfit": 4211000000,
    "grossProfitRatio": 0.8203779466,
    "researchAndDevelopmentExpenses": 0,
    "generalAndAdministrativeExpenses": 1737000000,
    "sellingAndMarketingExpenses": 76000000,
    "sellingGeneralAndAdministrativeExpenses": 1813000000,
    "otherExpenses": 5866000000,
    "operatingExpenses": 7679000000,
    "costAndExpenses": 8601000000,
    "interestIncome": 3501000000,
    "interestExpense": 443000000,
    "depreciationAndAmortization": 404000000,
    "ebitda": -3064000000,
    "ebitdaratio": -0.596921878,
    "operatingIncome": -3468000000,
    "operatingIncomeRatio": -0.6756282876,
    "totalOtherIncomeExpensesNet": 0,
    "incomeBeforeTax": -3468000000,
    "incomeBeforeTaxRatio": -0.6756282876,
    "incomeTaxExpense": -42000000,
    "netIncome": -3426000000,
    "netIncomeRatio": -0.667445938,
    "eps": -6.12,
    "epsdiluted": -6.12,
    "weightedAverageShsOut": 559804000,
    "weightedAverageShsOutDil": 559998000,
    "link": "",
    "finalLink": ""
  },
  {
    "date": "2012-12-31",
    "symbol": "CFG",
    "reportedCurrency": "USD",
    "cik": "0000759944",
    "fillingDate": "2012-12-31",
    "acceptedDate": "2012-12-30 19:00:00",
    "calendarYear": "2012",
    "period": "FY",
    "revenue": 5513000000,
    "costOfRevenue": 1032000000,
    "grossProfit": 4481000000,
    "grossProfitRatio": 0.8128060947,
    "researchAndDevelopmentExpenses": 0,
    "generalAndAdministrativeExpenses": 1841000000,
    "sellingAndMarketingExpenses": 86000000,
    "sellingGeneralAndAdministrativeExpenses": 1927000000,
    "otherExpenses": 1530000000,
    "operatingExpenses": 3457000000,
    "costAndExpenses": 4489000000,
    "interestIncome": 3846000000,
    "interestExpense": 619000000,
    "depreciationAndAmortization": 467000000,
    "ebitda": 1491000000,
    "ebitdaratio": 0.2704516597,
    "operatingIncome": 1024000000,
    "operatingIncomeRatio": 0.1857427898,
    "totalOtherIncomeExpensesNet": 0,
    "incomeBeforeTax": 1024000000,
    "incomeBeforeTaxRatio": 0.1857427898,
    "incomeTaxExpense": 381000000,
    "netIncome": 643000000,
    "netIncomeRatio": 0.1166334119,
    "eps": 1.15,
    "epsdiluted": 1.15,
    "weightedAverageShsOut": 559998000,
    "weightedAverageShsOutDil": 559998000,
    "link": "",
    "finalLink": ""
  },
  {
    "date": "2011-12-31",
    "symbol": "CFG",
    "reportedCurrency": "USD",
    "cik": "0000759944",
    "fillingDate": "2011-12-31",
    "acceptedDate": "2011-12-30 19:00:00",
    "calendarYear": "2011",
    "period": "FY",
    "revenue": 5915000000,
    "costOfRevenue": 1766000000,
    "grossProfit": 4149000000,
    "grossProfitRatio": 0.7014370245,
    "researchAndDevelopmentExpenses": 0,
    "generalAndAdministrativeExpenses": 1740000000,
    "sellingAndMarketingExpenses": 102000000,
    "sellingGeneralAndAdministrativeExpenses": 1842000000,
    "otherExpenses": 1529000000,
    "operatingExpenses": 3371000000,
    "costAndExpenses": 5137000000,
    "interestIncome": 4204000000,
    "interestExpense": 884000000,
    "depreciationAndAmortization": 434000000,
    "ebitda": 1212000000,
    "ebitdaratio": 0.2049027895,
    "operatingIncome": 778000000,
    "operatingIncomeRatio": 0.1315300085,
    "totalOtherIncomeExpensesNet": 0,
    "incomeBeforeTax": 778000000,
    "incomeBeforeTaxRatio": 0.1315300085,
    "incomeTaxExpense": 272000000,
    "netIncome": 506000000,
    "netIncomeRatio": 0.085545224,
    "eps": 0.9,
    "epsdiluted": 0.9,
    "weightedAverageShsOut": 559998000,
    "weightedAverageShsOutDil": 559998000,
    "link": "",
    "finalLink": ""
  }
]