[
  {
    "date": "2025-06-30",
    "symbol": "CHD",
    "reportedCurrency": "USD",
    "cik": "0000313927",
    "fillingDate": "2025-08-01",
    "acceptedDate": "2025-08-01 12:13:23",
    "calendarYear": "2025",
    "period": "Q2",
    "revenue": 1506300000,
    "costOfRevenue": 859300000,
    "grossProfit": 647000000,
    "grossProfitRatio": 0.4295293102,
    "researchAndDevelopmentExpenses": 0,
    "generalAndAdministrativeExpenses": 228200000,
    "sellingAndMarketingExpenses": 157100000,
    "sellingGeneralAndAdministrativeExpenses": 385300000,
    "otherExpenses": 0,
    "operatingExpenses": 385300000,
    "costAndExpenses": 1244600000,
    "interestIncome": 9200000,
    "interestExpense": 23500000,
    "depreciationAndAmortization": 56600000,
    "ebitda": 330600000,
    "ebitdaratio": 0.2194781916,
    "operatingIncome": 261700000,
    "operatingIncomeRatio": 0.1737369714,
    "totalOtherIncomeExpensesNet": -11200000,
    "incomeBeforeTax": 250500000,
    "incomeBeforeTaxRatio": 0.1663015336,
    "incomeTaxExpense": 59500000,
    "netIncome": 191000000,
    "netIncomeRatio": 0.1268007701,
    "eps": 0.78,
    "epsdiluted": 0.78,
    "weightedAverageShsOut": 245200000,
    "weightedAverageShsOutDil": 247200000,
    "link": "https://www.sec.gov/Archives/edgar/data/313927/000095017025101235/0000950170-25-101235-index.htm",
    "finalLink": "https://www.sec.gov/Archives/edgar/data/313927/000095017025101235/chd-20250630.htm"
  },
  {
    "date": "2025-03-31",
    "symbol": "CHD",
    "reportedCurrency": "USD",
    "cik": "0000313927",
    "fillingDate": "2025-05-01",
    "acceptedDate": "2025-05-01 13:14:36",
    "calendarYear": "2025",
    "period": "Q1",
    "revenue": 1467100000,
    "costOfRevenue": 807500000,
    "grossProfit": 659600000,
    "grossProfitRatio": 0.449594438,
    "researchAndDevelopmentExpenses": 0,
    "generalAndAdministrativeExpenses": 227700000,
    "sellingAndMarketingExpenses": 136600000,
    "sellingGeneralAndAdministrativeExpenses": 364300000,
    "otherExpenses": 0,
    "operatingExpenses": 364300000,
    "costAndExpenses": 1171800000,
    "interestIncome": 9300000,
    "interestExpense": 23300000,
    "depreciationAndAmortization": 60900000,
    "ebitda": 366300000,
    "ebitdaratio": 0.249676232,
    "operatingIncome": 295300000,
    "operatingIncomeRatio": 0.2012814396,
    "totalOtherIncomeExpensesNet": -13200000,
    "incomeBeforeTax": 282100000,
    "incomeBeforeTaxRatio": 0.1922840979,
    "incomeTaxExpense": 62000000,
    "netIncome": 220100000,
    "netIncomeRatio": 0.1500238566,
    "eps": 0.9,
    "epsdiluted": 0.89,
    "weightedAverageShsOut": 245800000,
    "weightedAverageShsOutDil": 248000000,
    "link": "https://www.sec.gov/Archives/edgar/data/313927/000095017025061624/0000950170-25-061624-index.htm",
    "finalLink": "https://www.sec.gov/Archives/edgar/data/313927/000095017025061624/chd-20250331.htm"
  },
  {
    "date": "2024-12-31",
    "symbol": "CHD",
    "reportedCurrency": "USD",
    "cik": "0000313927",
    "fillingDate": "2025-02-13",
    "acceptedDate": "2025-02-13 15:36:46",
    "calendarYear": "2024",
    "period": "Q4",
    "revenue": 1582000000,
    "costOfRevenue": 874100000,
    "grossProfit": 707900000,
    "grossProfitRatio": 0.447471555,
    "researchAndDevelopmentExpenses": 0,
    "generalAndAdministrativeExpenses": 243300000,
    "sellingAndMarketingExpenses": 207900000,
    "sellingGeneralAndAdministrativeExpenses": 451200000,
    "otherExpenses": 0,
    "operatingExpenses": 451200000,
    "costAndExpenses": 1325300000,
    "interestIncome": 8600000,
    "interestExpense": 23400000,
    "depreciationAndAmortization": 61700000,
    "ebitda": 338200000,
    "ebitdaratio": 0.2137800253,
    "operatingIncome": 256700000,
    "operatingIncomeRatio": 0.1622629583,
    "totalOtherIncomeExpensesNet": -3600000,
    "incomeBeforeTax": 253100000,
    "incomeBeforeTaxRatio": 0.1599873578,
    "incomeTaxExpense": 63900000,
    "netIncome": 189200000,
    "netIncomeRatio": 0.1195954488,
    "eps": 0.77,
    "epsdiluted": 0.76,
    "weightedAverageShsOut": 245200000,
    "weightedAverageShsOutDil": 247500000,
    "link": "https://www.sec.gov/Archives/edgar/data/313927/000095017025019801/0000950170-25-019801-index.htm",
    "finalLink": "https://www.sec.gov/Archives/edgar/data/313927/000095017025019801/chd-20241231.htm"
  },
  {
    "date": "2024-09-30",
    "symbol": "CHD",
    "reportedCurrency": "USD",
    "cik": "0000313927",
    "fillingDate": "2024-11-01",
    "acceptedDate": "2024-11-01 15:49:47",
    "calendarYear": "2024",
    "period": "Q3",
    "revenue": 1510600000,
    "costOfRevenue": 827500000,
    "grossProfit": 683100000,
    "grossProfitRatio": 0.4522044221,
    "researchAndDevelopmentExpenses": 0,
    "generalAndAdministrativeExpenses": 231700000,
    "sellingAndMarketingExpenses": 185800000,
    "sellingGeneralAndAdministrativeExpenses": 417500000,
    "otherExpenses": 357100000,
    "operatingExpenses": 774600000,
    "costAndExpenses": 1602100000,
    "interestIncome": 10600000,
    "interestExpense": 23400000,
    "depreciationAndAmortization": 60200000,
    "ebitda": -17800000,
    "ebitdaratio": -0.0117833973,
    "operatingIncome": -91500000,
    "operatingIncomeRatio": -0.0605719582,
    "totalOtherIncomeExpensesNet": -9900000,
    "incomeBeforeTax": -101400000,
    "incomeBeforeTaxRatio": -0.0671256454,
    "incomeTaxExpense": -26300000,
    "netIncome": -75100000,
    "netIncomeRatio": -0.0497153449,
    "eps": -0.31,
    "epsdiluted": -0.31,
    "weightedAverageShsOut": 244600000,
    "weightedAverageShsOutDil": 244600000,
    "link": "https://www.sec.gov/Archives/edgar/data/313927/000095017024120026/0000950170-24-120026-index.htm",
    "finalLink": "https://www.sec.gov/Archives/edgar/data/313927/000095017024120026/chd-20240930.htm"
  },
  {
    "date": "2024-06-30",
    "symbol": "CHD",
    "reportedCurrency": "USD",
    "cik": "0000313927",
    "fillingDate": "2024-08-02",
    "acceptedDate": "2024-08-02 17:27:09",
    "calendarYear": "2024",
    "period": "Q2",
    "revenue": 1511200000,
    "costOfRevenue": 799100000,
    "grossProfit": 712100000,
    "grossProfitRatio": 0.4712149285,
    "researchAndDevelopmentExpenses": 0,
    "generalAndAdministrativeExpenses": 222800000,
    "sellingAndMarketingExpenses": 152400000,
    "sellingGeneralAndAdministrativeExpenses": 375200000,
    "otherExpenses": 0,
    "operatingExpenses": 375200000,
    "costAndExpenses": 1174300000,
    "interestIncome": 0,
    "interestExpense": 23200000,
    "depreciationAndAmortization": 59600000,
    "ebitda": 403300000,
    "ebitdaratio": 0.2668740074,
    "operatingIncome": 336900000,
    "operatingIncomeRatio": 0.2229354156,
    "totalOtherIncomeExpensesNet": -16400000,
    "incomeBeforeTax": 320500000,
    "incomeBeforeTaxRatio": 0.2120831128,
    "incomeTaxExpense": 77000000,
    "netIncome": 243500000,
    "netIncomeRatio": 0.1611302276,
    "eps": 1,
    "epsdiluted": 0.99,
    "weightedAverageShsOut": 244300000,
    "weightedAverageShsOutDil": 247000000,
    "link": "https://www.sec.gov/Archives/edgar/data/313927/000095017024090144/0000950170-24-090144-index.htm",
    "finalLink": "https://www.sec.gov/Archives/edgar/data/313927/000095017024090144/chd-20240630.htm"
  },
  {
    "date": "2024-03-31",
    "symbol": "CHD",
    "reportedCurrency": "USD",
    "cik": "0000313927",
    "fillingDate": "2024-05-02",
    "acceptedDate": "2024-05-02 13:52:56",
    "calendarYear": "2024",
    "period": "Q1",
    "revenue": 1503300000,
    "costOfRevenue": 816300000,
    "grossProfit": 687000000,
    "grossProfitRatio": 0.4569946119,
    "researchAndDevelopmentExpenses": 0,
    "generalAndAdministrativeExpenses": 230000000,
    "sellingAndMarketingExpenses": 152000000,
    "sellingGeneralAndAdministrativeExpenses": 382000000,
    "otherExpenses": 0,
    "operatingExpenses": 382000000,
    "costAndExpenses": 1198300000,
    "interestIncome": 3400000,
    "interestExpense": 25000000,
    "depreciationAndAmortization": 57600000,
    "ebitda": 366700000,
    "ebitdaratio": 0.2439300206,
    "operatingIncome": 305000000,
    "operatingIncomeRatio": 0.202886982,
    "totalOtherIncomeExpensesNet": -20900000,
    "incomeBeforeTax": 284100000,
    "incomeBeforeTaxRatio": 0.1889842347,
    "incomeTaxExpense": 56400000,
    "netIncome": 227700000,
    "netIncomeRatio": 0.1514667731,
    "eps": 0.94,
    "epsdiluted": 0.93,
    "weightedAverageShsOut": 243400000,
    "weightedAverageShsOutDil": 246100000,
    "link": "https://www.sec.gov/Archives/edgar/data/313927/000095017024051879/0000950170-24-051879-index.htm",
    "finalLink": "https://www.sec.gov/Archives/edgar/data/313927/000095017024051879/chd-20240331.htm"
  },
  {
    "date": "2023-12-31",
    "symbol": "CHD",
    "reportedCurrency": "USD",
    "cik": "0000313927",
    "fillingDate": "2024-02-15",
    "acceptedDate": "2024-02-15 15:17:58",
    "calendarYear": "2023",
    "period": "Q4",
    "revenue": 1528000000,
    "costOfRevenue": 846700000,
    "grossProfit": 681300000,
    "grossProfitRatio": 0.4458769634,
    "researchAndDevelopmentExpenses": 0,
    "generalAndAdministrativeExpenses": 246200000,
    "sellingAndMarketingExpenses": 219000000,
    "sellingGeneralAndAdministrativeExpenses": 465200000,
    "otherExpenses": 0,
    "operatingExpenses": 465200000,
    "costAndExpenses": 1311900000,
    "interestIncome": 0,
    "interestExpense": 27000000,
    "depreciationAndAmortization": 58300000,
    "ebitda": 280500000,
    "ebitdaratio": 0.1835732984,
    "operatingIncome": 216100000,
    "operatingIncomeRatio": 0.1414267016,
    "totalOtherIncomeExpensesNet": -20900000,
    "incomeBeforeTax": 195200000,
    "incomeBeforeTaxRatio": 0.1277486911,
    "incomeTaxExpense": 41500000,
    "netIncome": 153700000,
    "netIncomeRatio": 0.1005890052,
    "eps": 0.63,
    "epsdiluted": 0.62,
    "weightedAverageShsOut": 244600000,
    "weightedAverageShsOutDil": 247000000,
    "link": "https://www.sec.gov/Archives/edgar/data/313927/000095017024015810/0000950170-24-015810-index.htm",
    "finalLink": "https://www.sec.gov/Archives/edgar/data/313927/000095017024015810/chd-20231231.htm"
  },
  {
    "date": "2023-09-30",
    "symbol": "CHD",
    "reportedCurrency": "USD",
    "cik": "0000313927",
    "fillingDate": "2023-11-03",
    "acceptedDate": "2023-11-03 13:26:18",
    "calendarYear": "2023",
    "period": "Q3",
    "revenue": 1455900000,
    "costOfRevenue": 809600000,
    "grossProfit": 646300000,
    "grossProfitRatio": 0.4439178515,
    "researchAndDevelopmentExpenses": 0,
    "generalAndAdministrativeExpenses": 222700000,
    "sellingAndMarketingExpenses": 167800000,
    "sellingGeneralAndAdministrativeExpenses": 390500000,
    "otherExpenses": 0,
    "operatingExpenses": 390500000,
    "costAndExpenses": 1200100000,
    "interestIncome": 4500000,
    "interestExpense": 27200000,
    "depreciationAndAmortization": 56200000,
    "ebitda": 317400000,
    "ebitdaratio": 0.2180094787,
    "operatingIncome": 255800000,
    "operatingIncomeRatio": 0.1756988804,
    "totalOtherIncomeExpensesNet": -21800000,
    "incomeBeforeTax": 234000000,
    "incomeBeforeTaxRatio": 0.1607253245,
    "incomeTaxExpense": 56500000,
    "netIncome": 177500000,
    "netIncomeRatio": 0.1219177141,
    "eps": 0.72,
    "epsdiluted": 0.71,
    "weightedAverageShsOut": 246000000,
    "weightedAverageShsOutDil": 248700000,
    "link": "https://www.sec.gov/Archives/edgar/data/313927/000095017023058681/0000950170-23-058681-index.htm",
    "finalLink": "https://www.sec.gov/Archives/edgar/data/313927/000095017023058681/chd-20230930.htm"
  },
  {
    "date": "2023-06-30",
    "symbol": "CHD",
    "reportedCurrency": "USD",
    "cik": "0000313927",
    "fillingDate": "2023-07-28",
    "acceptedDate": "2023-07-28 12:51:26",
    "calendarYear": "2023",
    "period": "Q2",
    "revenue": 1454200000,
    "costOfRevenue": 815300000,
    "grossProfit": 638900000,
    "grossProfitRatio": 0.4393480952,
    "researchAndDevelopmentExpenses": 0,
    "generalAndAdministrativeExpenses": 213100000,
    "sellingAndMarketingExpenses": 132200000,
    "sellingGeneralAndAdministrativeExpenses": 345300000,
    "otherExpenses": 0,
    "operatingExpenses": 345300000,
    "costAndExpenses": 1160600000,
    "interestIncome": 0,
    "interestExpense": 27900000,
    "depreciationAndAmortization": 55800000,
    "ebitda": 353100000,
    "ebitdaratio": 0.2428139183,
    "operatingIncome": 293600000,
    "operatingIncomeRatio": 0.2018979508,
    "totalOtherIncomeExpensesNet": -24200000,
    "incomeBeforeTax": 269400000,
    "incomeBeforeTaxRatio": 0.1852564984,
    "incomeTaxExpense": 48200000,
    "netIncome": 221200000,
    "netIncomeRatio": 0.1521111264,
    "eps": 0.9,
    "epsdiluted": 0.89,
    "weightedAverageShsOut": 245000000,
    "weightedAverageShsOutDil": 247900000,
    "link": "https://www.sec.gov/Archives/edgar/data/313927/000095017023035361/0000950170-23-035361-index.htm",
    "finalLink": "https://www.sec.gov/Archives/edgar/data/313927/000095017023035361/chd-20230630.htm"
  },
  {
    "date": "2023-03-31",
    "symbol": "CHD",
    "reportedCurrency": "USD",
    "cik": "0000313927",
    "fillingDate": "2023-04-27",
    "acceptedDate": "2023-04-27 14:22:28",
    "calendarYear": "2023",
    "period": "Q1",
    "revenue": 1429800000,
    "costOfRevenue": 807800000,
    "grossProfit": 622000000,
    "grossProfitRatio": 0.4350258777,
    "researchAndDevelopmentExpenses": 0,
    "generalAndAdministrativeExpenses": 207800000,
    "sellingAndMarketingExpenses": 122300000,
    "sellingGeneralAndAdministrativeExpenses": 330100000,
    "otherExpenses": 0,
    "operatingExpenses": 330100000,
    "costAndExpenses": 1137900000,
    "interestIncome": 0,
    "interestExpense": 28800000,
    "depreciationAndAmortization": 54900000,
    "ebitda": 352500000,
    "ebitdaratio": 0.2465379773,
    "operatingIncome": 291900000,
    "operatingIncomeRatio": 0.2041544272,
    "totalOtherIncomeExpensesNet": -23100000,
    "incomeBeforeTax": 268800000,
    "incomeBeforeTaxRatio": 0.1879983214,
    "incomeTaxExpense": 65600000,
    "netIncome": 203200000,
    "netIncomeRatio": 0.1421177787,
    "eps": 0.83,
    "epsdiluted": 0.82,
    "weightedAverageShsOut": 243800000,
    "weightedAverageShsOutDil": 246800000,
    "link": "https://www.sec.gov/Archives/edgar/data/313927/000095017023015179/0000950170-23-015179-index.htm",
    "finalLink": "https://www.sec.gov/Archives/edgar/data/313927/000095017023015179/chd-20230331.htm"
  },
  {
    "date": "2022-12-31",
    "symbol": "CHD",
    "reportedCurrency": "USD",
    "cik": "0000313927",
    "fillingDate": "2023-02-16",
    "acceptedDate": "2023-02-16 16:28:52",
    "calendarYear": "2022",
    "period": "Q4",
    "revenue": 1436000000,
    "costOfRevenue": 833500000,
    "grossProfit": 602500000,
    "grossProfitRatio": 0.4195682451,
    "researchAndDevelopmentExpenses": 0,
    "generalAndAdministrativeExpenses": 611200000,
    "sellingAndMarketingExpenses": 189700000,
    "sellingGeneralAndAdministrativeExpenses": 800900000,
    "otherExpenses": 0,
    "operatingExpenses": 800900000,
    "costAndExpenses": 1634400000,
    "interestIncome": 0,
    "interestExpense": 30000000,
    "depreciationAndAmortization": 58400000,
    "ebitda": -135500000,
    "ebitdaratio": -0.0943593315,
    "operatingIncome": -198400000,
    "operatingIncomeRatio": -0.1381615599,
    "totalOtherIncomeExpensesNet": -25500000,
    "incomeBeforeTax": -223900000,
    "incomeBeforeTaxRatio": -0.1559192201,
    "incomeTaxExpense": -59200000,
    "netIncome": -164700000,
    "netIncomeRatio": -0.1146935933,
    "eps": -0.68,
    "epsdiluted": -0.68,
    "weightedAverageShsOut": 243600000,
    "weightedAverageShsOutDil": 243600000,
    "link": "https://www.sec.gov/Archives/edgar/data/313927/000095017023003066/0000950170-23-003066-index.htm",
    "finalLink": "https://www.sec.gov/Archives/edgar/data/313927/000095017023003066/chd-20221231.htm"
  },
  {
    "date": "2022-09-30",
    "symbol": "CHD",
    "reportedCurrency": "USD",
    "cik": "0000313927",
    "fillingDate": "2022-10-28",
    "acceptedDate": "2022-10-28 11:30:56",
    "calendarYear": "2022",
    "period": "Q3",
    "revenue": 1317300000,
    "costOfRevenue": 767600000,
    "grossProfit": 549700000,
    "grossProfitRatio": 0.4172929477,
    "researchAndDevelopmentExpenses": 0,
    "generalAndAdministrativeExpenses": 155100000,
    "sellingAndMarketingExpenses": 140700000,
    "sellingGeneralAndAdministrativeExpenses": 295800000,
    "otherExpenses": 0,
    "operatingExpenses": 295800000,
    "costAndExpenses": 1063400000,
    "interestIncome": 0,
    "interestExpense": 23700000,
    "depreciationAndAmortization": 53300000,
    "ebitda": 311500000,
    "ebitdaratio": 0.2364685341,
    "operatingIncome": 253900000,
    "operatingIncomeRatio": 0.1927427313,
    "totalOtherIncomeExpensesNet": -19400000,
    "incomeBeforeTax": 234500000,
    "incomeBeforeTaxRatio": 0.178015638,
    "incomeTaxExpense": 47400000,
    "netIncome": 187100000,
    "netIncomeRatio": 0.1420329462,
    "eps": 0.77,
    "epsdiluted": 0.76,
    "weightedAverageShsOut": 242800000,
    "weightedAverageShsOutDil": 246000000,
    "link": "https://www.sec.gov/Archives/edgar/data/313927/000095017022020408/0000950170-22-020408-index.htm",
    "finalLink": "https://www.sec.gov/Archives/edgar/data/313927/000095017022020408/chd-20220930.htm"
  },
  {
    "date": "2022-06-30",
    "symbol": "CHD",
    "reportedCurrency": "USD",
    "cik": "0000313927",
    "fillingDate": "2022-07-29",
    "acceptedDate": "2022-07-29 12:19:09",
    "calendarYear": "2022",
    "period": "Q2",
    "revenue": 1325100000,
    "costOfRevenue": 779800000,
    "grossProfit": 545300000,
    "grossProfitRatio": 0.411516112,
    "researchAndDevelopmentExpenses": 0,
    "generalAndAdministrativeExpenses": 180800000,
    "sellingAndMarketingExpenses": 102900000,
    "sellingGeneralAndAdministrativeExpenses": 283700000,
    "otherExpenses": 0,
    "operatingExpenses": 283700000,
    "costAndExpenses": 1063500000,
    "interestIncome": 0,
    "interestExpense": 19300000,
    "depreciationAndAmortization": 53600000,
    "ebitda": 319400000,
    "ebitdaratio": 0.2410384122,
    "operatingIncome": 261600000,
    "operatingIncomeRatio": 0.1974190627,
    "totalOtherIncomeExpensesNet": -15100000,
    "incomeBeforeTax": 246500000,
    "incomeBeforeTaxRatio": 0.1860236963,
    "incomeTaxExpense": 59400000,
    "netIncome": 187100000,
    "netIncomeRatio": 0.1411968908,
    "eps": 0.77,
    "epsdiluted": 0.76,
    "weightedAverageShsOut": 242600000,
    "weightedAverageShsOutDil": 246400000,
    "link": "https://www.sec.gov/Archives/edgar/data/313927/000095017022013470/0000950170-22-013470-index.htm",
    "finalLink": "https://www.sec.gov/Archives/edgar/data/313927/000095017022013470/chd-20220630.htm"
  },
  {
    "date": "2022-03-31",
    "symbol": "CHD",
    "reportedCurrency": "USD",
    "cik": "0000313927",
    "fillingDate": "2022-04-28",
    "acceptedDate": "2022-04-28 12:49:51",
    "calendarYear": "2022",
    "period": "Q1",
    "revenue": 1297200000,
    "costOfRevenue": 744700000,
    "grossProfit": 552500000,
    "grossProfitRatio": 0.4259173605,
    "researchAndDevelopmentExpenses": 0,
    "generalAndAdministrativeExpenses": 169900000,
    "sellingAndMarketingExpenses": 101900000,
    "sellingGeneralAndAdministrativeExpenses": 271800000,
    "otherExpenses": 0,
    "operatingExpenses": 271800000,
    "costAndExpenses": 1016500000,
    "interestIncome": 0,
    "interestExpense": 16600000,
    "depreciationAndAmortization": 53700000,
    "ebitda": 336500000,
    "ebitdaratio": 0.259404872,
    "operatingIncome": 280700000,
    "operatingIncomeRatio": 0.2163891459,
    "totalOtherIncomeExpensesNet": -14500000,
    "incomeBeforeTax": 266200000,
    "incomeBeforeTaxRatio": 0.2052112242,
    "incomeTaxExpense": 61800000,
    "netIncome": 204400000,
    "netIncomeRatio": 0.1575701511,
    "eps": 0.84,
    "epsdiluted": 0.83,
    "weightedAverageShsOut": 242600000,
    "weightedAverageShsOutDil": 246700000,
    "link": "https://www.sec.gov/Archives/edgar/data/313927/000095017022006478/0000950170-22-006478-index.htm",
    "finalLink": "https://www.sec.gov/Archives/edgar/data/313927/000095017022006478/chd-20220331.htm"
  },
  {
    "date": "2021-12-31",
    "symbol": "CHD",
    "reportedCurrency": "USD",
    "cik": "0000313927",
    "fillingDate": "2022-02-17",
    "acceptedDate": "2022-02-17 14:06:45",
    "calendarYear": "2021",
    "period": "Q4",
    "revenue": 1368700000,
    "costOfRevenue": 787500000,
    "grossProfit": 581200000,
    "grossProfitRatio": 0.4246365164,
    "researchAndDevelopmentExpenses": 0,
    "generalAndAdministrativeExpenses": 203700000,
    "sellingAndMarketingExpenses": 201100000,
    "sellingGeneralAndAdministrativeExpenses": 404800000,
    "otherExpenses": 0,
    "operatingExpenses": 404800000,
    "costAndExpenses": 1192300000,
    "interestIncome": 0,
    "interestExpense": 13000000,
    "depreciationAndAmortization": 54200000,
    "ebitda": 231300000,
    "ebitdaratio": 0.1689924746,
    "operatingIncome": 176400000,
    "operatingIncomeRatio": 0.1288814203,
    "totalOtherIncomeExpensesNet": -12300000,
    "incomeBeforeTax": 164100000,
    "incomeBeforeTaxRatio": 0.1198947907,
    "incomeTaxExpense": 6000000,
    "netIncome": 158100000,
    "netIncomeRatio": 0.1155110689,
    "eps": 0.65,
    "epsdiluted": 0.64,
    "weightedAverageShsOut": 244100000,
    "weightedAverageShsOutDil": 248700000,
    "link": "https://www.sec.gov/Archives/edgar/data/313927/000156459022005528/0001564590-22-005528-index.htm",
    "finalLink": "https://www.sec.gov/Archives/edgar/data/313927/000156459022005528/chd-10k_20211231.htm"
  },
  {
    "date": "2021-09-30",
    "symbol": "CHD",
    "reportedCurrency": "USD",
    "cik": "0000313927",
    "fillingDate": "2021-10-29",
    "acceptedDate": "2021-10-29 11:34:07",
    "calendarYear": "2021",
    "period": "Q3",
    "revenue": 1311400000,
    "costOfRevenue": 732200000,
    "grossProfit": 579200000,
    "grossProfitRatio": 0.4416653958,
    "researchAndDevelopmentExpenses": 0,
    "generalAndAdministrativeExpenses": 116900000,
    "sellingAndMarketingExpenses": 160900000,
    "sellingGeneralAndAdministrativeExpenses": 277800000,
    "otherExpenses": 0,
    "operatingExpenses": 277800000,
    "costAndExpenses": 1010000000,
    "interestIncome": 0,
    "interestExpense": 13400000,
    "depreciationAndAmortization": 54600000,
    "ebitda": 357300000,
    "ebitdaratio": 0.2724569163,
    "operatingIncome": 301400000,
    "operatingIncomeRatio": 0.2298307153,
    "totalOtherIncomeExpensesNet": -12100000,
    "incomeBeforeTax": 289300000,
    "incomeBeforeTaxRatio": 0.2206039347,
    "incomeTaxExpense": 58900000,
    "netIncome": 230400000,
    "netIncomeRatio": 0.1756901022,
    "eps": 0.94,
    "epsdiluted": 0.92,
    "weightedAverageShsOut": 245300000,
    "weightedAverageShsOutDil": 249800000,
    "link": "https://www.sec.gov/Archives/edgar/data/313927/000156459021052862/0001564590-21-052862-index.htm",
    "finalLink": "https://www.sec.gov/Archives/edgar/data/313927/000156459021052862/chd-10q_20210930.htm"
  },
  {
    "date": "2021-06-30",
    "symbol": "CHD",
    "reportedCurrency": "USD",
    "cik": "0000313927",
    "fillingDate": "2021-07-30",
    "acceptedDate": "2021-07-30 12:33:24",
    "calendarYear": "2021",
    "period": "Q2",
    "revenue": 1271100000,
    "costOfRevenue": 718900000,
    "grossProfit": 552200000,
    "grossProfitRatio": 0.4344268744,
    "researchAndDevelopmentExpenses": 0,
    "generalAndAdministrativeExpenses": 136500000,
    "sellingAndMarketingExpenses": 117000000,
    "sellingGeneralAndAdministrativeExpenses": 253500000,
    "otherExpenses": 0,
    "operatingExpenses": 253500000,
    "costAndExpenses": 972400000,
    "interestIncome": 0,
    "interestExpense": 14100000,
    "depreciationAndAmortization": 55400000,
    "ebitda": 356800000,
    "ebitdaratio": 0.2807017544,
    "operatingIncome": 298700000,
    "operatingIncomeRatio": 0.2349933129,
    "totalOtherIncomeExpensesNet": -11400000,
    "incomeBeforeTax": 287300000,
    "incomeBeforeTaxRatio": 0.226024703,
    "incomeTaxExpense": 69000000,
    "netIncome": 218300000,
    "netIncomeRatio": 0.1717410117,
    "eps": 0.89,
    "epsdiluted": 0.87,
    "weightedAverageShsOut": 245200000,
    "weightedAverageShsOutDil": 250000000,
    "link": "https://www.sec.gov/Archives/edgar/data/313927/000156459021039389/0001564590-21-039389-index.htm",
    "finalLink": "https://www.sec.gov/Archives/edgar/data/313927/000156459021039389/chd-10q_20210630.htm"
  },
  {
    "date": "2021-03-31",
    "symbol": "CHD",
    "reportedCurrency": "USD",
    "cik": "0000313927",
    "fillingDate": "2021-04-29",
    "acceptedDate": "2021-04-29 16:12:56",
    "calendarYear": "2021",
    "period": "Q1",
    "revenue": 1238900000,
    "costOfRevenue": 688000000,
    "grossProfit": 550900000,
    "grossProfitRatio": 0.4446686577,
    "researchAndDevelopmentExpenses": 0,
    "generalAndAdministrativeExpenses": 149600000,
    "sellingAndMarketingExpenses": 98700000,
    "sellingGeneralAndAdministrativeExpenses": 248300000,
    "otherExpenses": 0,
    "operatingExpenses": 248300000,
    "costAndExpenses": 936300000,
    "interestIncome": 0,
    "interestExpense": 14000000,
    "depreciationAndAmortization": 54900000,
    "ebitda": 359900000,
    "ebitdaratio": 0.2904996368,
    "operatingIncome": 302600000,
    "operatingIncomeRatio": 0.2442489305,
    "totalOtherIncomeExpensesNet": -11600000,
    "incomeBeforeTax": 291000000,
    "incomeBeforeTaxRatio": 0.2348857858,
    "incomeTaxExpense": 70300000,
    "netIncome": 220700000,
    "netIncomeRatio": 0.1781419001,
    "eps": 0.9,
    "epsdiluted": 0.88,
    "weightedAverageShsOut": 245200000,
    "weightedAverageShsOutDil": 249800000,
    "link": "https://www.sec.gov/Archives/edgar/data/313927/000156459021021960/0001564590-21-021960-index.htm",
    "finalLink": "https://www.sec.gov/Archives/edgar/data/313927/000156459021021960/chd-10q_20210331.htm"
  },
  {
    "date": "2020-12-31",
    "symbol": "CHD",
    "reportedCurrency": "USD",
    "cik": "0000313927",
    "fillingDate": "2021-02-18",
    "acceptedDate": "2021-02-18 16:14:12",
    "calendarYear": "2020",
    "period": "Q4",
    "revenue": 1295300000,
    "costOfRevenue": 737900000,
    "grossProfit": 557400000,
    "grossProfitRatio": 0.4303250212,
    "researchAndDevelopmentExpenses": 0,
    "generalAndAdministrativeExpenses": 165200000,
    "sellingAndMarketingExpenses": 201600000,
    "sellingGeneralAndAdministrativeExpenses": 366800000,
    "otherExpenses": 0,
    "operatingExpenses": 366800000,
    "costAndExpenses": 1104700000,
    "interestIncome": 0,
    "interestExpense": 14000000,
    "depreciationAndAmortization": 50800000,
    "ebitda": 241700000,
    "ebitdaratio": 0.1865976994,
    "operatingIncome": 190600000,
    "operatingIncomeRatio": 0.147147379,
    "totalOtherIncomeExpensesNet": -13700000,
    "incomeBeforeTax": 176900000,
    "incomeBeforeTaxRatio": 0.1365706786,
    "incomeTaxExpense": 26700000,
    "netIncome": 150200000,
    "netIncomeRatio": 0.1159576932,
    "eps": 0.61,
    "epsdiluted": 0.59,
    "weightedAverageShsOut": 247900000,
    "weightedAverageShsOutDil": 253000000,
    "link": "https://www.sec.gov/Archives/edgar/data/313927/000156459021006669/0001564590-21-006669-index.htm",
    "finalLink": "https://www.sec.gov/Archives/edgar/data/313927/000156459021006669/chd-10k_20201231.htm"
  },
  {
    "date": "2020-09-30",
    "symbol": "CHD",
    "reportedCurrency": "USD",
    "cik": "0000313927",
    "fillingDate": "2020-10-29",
    "acceptedDate": "2020-10-29 13:14:48",
    "calendarYear": "2020",
    "period": "Q3",
    "revenue": 1241000000,
    "costOfRevenue": 675800000,
    "grossProfit": 565200000,
    "grossProfitRatio": 0.455439162,
    "researchAndDevelopmentExpenses": 0,
    "generalAndAdministrativeExpenses": 120500000,
    "sellingAndMarketingExpenses": 170900000,
    "sellingGeneralAndAdministrativeExpenses": 291400000,
    "otherExpenses": 0,
    "operatingExpenses": 291400000,
    "costAndExpenses": 967200000,
    "interestIncome": 0,
    "interestExpense": 13900000,
    "depreciationAndAmortization": 46500000,
    "ebitda": 321900000,
    "ebitdaratio": 0.2593875907,
    "operatingIncome": 273800000,
    "operatingIncomeRatio": 0.2206285254,
    "totalOtherIncomeExpensesNet": -12300000,
    "incomeBeforeTax": 261500000,
    "incomeBeforeTaxRatio": 0.2107171636,
    "incomeTaxExpense": 45300000,
    "netIncome": 216200000,
    "netIncomeRatio": 0.1742143433,
    "eps": 0.87,
    "epsdiluted": 0.85,
    "weightedAverageShsOut": 247700000,
    "weightedAverageShsOutDil": 253300000,
    "link": "https://www.sec.gov/Archives/edgar/data/313927/000156459020048700/0001564590-20-048700-index.htm",
    "finalLink": "https://www.sec.gov/Archives/edgar/data/313927/000156459020048700/chd-10q_20200930.htm"
  },
  {
    "date": "2020-06-30",
    "symbol": "CHD",
    "reportedCurrency": "USD",
    "cik": "0000313927",
    "fillingDate": "2020-07-31",
    "acceptedDate": "2020-07-31 11:35:25",
    "calendarYear": "2020",
    "period": "Q2",
    "revenue": 1194300000,
    "costOfRevenue": 634700000,
    "grossProfit": 559600000,
    "grossProfitRatio": 0.4685589885,
    "researchAndDevelopmentExpenses": 0,
    "generalAndAdministrativeExpenses": 186600000,
    "sellingAndMarketingExpenses": 122300000,
    "sellingGeneralAndAdministrativeExpenses": 308900000,
    "otherExpenses": 0,
    "operatingExpenses": 308900000,
    "costAndExpenses": 943600000,
    "interestIncome": 0,
    "interestExpense": 16800000,
    "depreciationAndAmortization": 46200000,
    "ebitda": 299000000,
    "ebitdaratio": 0.250355857,
    "operatingIncome": 250700000,
    "operatingIncomeRatio": 0.209913757,
    "totalOtherIncomeExpensesNet": -14700000,
    "incomeBeforeTax": 236000000,
    "incomeBeforeTaxRatio": 0.1976052918,
    "incomeTaxExpense": 46300000,
    "netIncome": 189700000,
    "netIncomeRatio": 0.1588378129,
    "eps": 0.77,
    "epsdiluted": 0.75,
    "weightedAverageShsOut": 246200000,
    "weightedAverageShsOutDil": 251300000,
    "link": "https://www.sec.gov/Archives/edgar/data/313927/000156459020035085/0001564590-20-035085-index.htm",
    "finalLink": "https://www.sec.gov/Archives/edgar/data/313927/000156459020035085/chd-10q_20200630.htm"
  },
  {
    "date": "2020-03-31",
    "symbol": "CHD",
    "reportedCurrency": "USD",
    "cik": "0000313927",
    "fillingDate": "2020-04-30",
    "acceptedDate": "2020-04-30 13:12:19",
    "calendarYear": "2020",
    "period": "Q1",
    "revenue": 1165200000,
    "costOfRevenue": 633200000,
    "grossProfit": 532000000,
    "grossProfitRatio": 0.4565739787,
    "researchAndDevelopmentExpenses": 0,
    "generalAndAdministrativeExpenses": 121000000,
    "sellingAndMarketingExpenses": 96400000,
    "sellingGeneralAndAdministrativeExpenses": 217400000,
    "otherExpenses": 0,
    "operatingExpenses": 217400000,
    "costAndExpenses": 850600000,
    "interestIncome": 0,
    "interestExpense": 16300000,
    "depreciationAndAmortization": 46200000,
    "ebitda": 361900000,
    "ebitdaratio": 0.3105904566,
    "operatingIncome": 314600000,
    "operatingIncomeRatio": 0.2699965671,
    "totalOtherIncomeExpensesNet": -15200000,
    "incomeBeforeTax": 299400000,
    "incomeBeforeTaxRatio": 0.2569515963,
    "incomeTaxExpense": 69600000,
    "netIncome": 229800000,
    "netIncomeRatio": 0.1972193615,
    "eps": 0.94,
    "epsdiluted": 0.92,
    "weightedAverageShsOut": 245600000,
    "weightedAverageShsOutDil": 251000000,
    "link": "https://www.sec.gov/Archives/edgar/data/313927/000156459020020074/0001564590-20-020074-index.htm",
    "finalLink": "https://www.sec.gov/Archives/edgar/data/313927/000156459020020074/chd-10q_20200331.htm"
  },
  {
    "date": "2019-12-31",
    "symbol": "CHD",
    "reportedCurrency": "USD",
    "cik": "0000313927",
    "fillingDate": "2020-02-18",
    "acceptedDate": "2020-02-18 11:12:28",
    "calendarYear": "2019",
    "period": "Q4",
    "revenue": 1144200000,
    "costOfRevenue": 620200000,
    "grossProfit": 524000000,
    "grossProfitRatio": 0.4579618948,
    "researchAndDevelopmentExpenses": 0,
    "generalAndAdministrativeExpenses": 166200000,
    "sellingAndMarketingExpenses": 162600000,
    "sellingGeneralAndAdministrativeExpenses": 328800000,
    "otherExpenses": 0,
    "operatingExpenses": 328800000,
    "costAndExpenses": 949000000,
    "interestIncome": 0,
    "interestExpense": 18000000,
    "depreciationAndAmortization": 46500000,
    "ebitda": 242200000,
    "ebitdaratio": 0.2116762804,
    "operatingIncome": 195200000,
    "operatingIncomeRatio": 0.1705995455,
    "totalOtherIncomeExpensesNet": -17500000,
    "incomeBeforeTax": 177700000,
    "incomeBeforeTaxRatio": 0.1553050166,
    "incomeTaxExpense": 33300000,
    "netIncome": 144400000,
    "netIncomeRatio": 0.126201713,
    "eps": 0.59,
    "epsdiluted": 0.58,
    "weightedAverageShsOut": 245300000,
    "weightedAverageShsOutDil": 250800000,
    "link": "https://www.sec.gov/Archives/edgar/data/313927/000156459020004956/0001564590-20-004956-index.htm",
    "finalLink": "https://www.sec.gov/Archives/edgar/data/313927/000156459020004956/chd-10k_20191231.htm"
  },
  {
    "date": "2019-09-30",
    "symbol": "CHD",
    "reportedCurrency": "USD",
    "cik": "0000313927",
    "fillingDate": "2019-10-31",
    "acceptedDate": "2019-10-31 11:54:55",
    "calendarYear": "2019",
    "period": "Q3",
    "revenue": 1089400000,
    "costOfRevenue": 581700000,
    "grossProfit": 507700000,
    "grossProfitRatio": 0.4660363503,
    "researchAndDevelopmentExpenses": 0,
    "generalAndAdministrativeExpenses": 165700000,
    "sellingAndMarketingExpenses": 125200000,
    "sellingGeneralAndAdministrativeExpenses": 290900000,
    "otherExpenses": 0,
    "operatingExpenses": 290900000,
    "costAndExpenses": 872600000,
    "interestIncome": 0,
    "interestExpense": 18900000,
    "depreciationAndAmortization": 47000000,
    "ebitda": 266500000,
    "ebitdaratio": 0.2446300716,
    "operatingIncome": 216800000,
    "operatingIncomeRatio": 0.1990086286,
    "totalOtherIncomeExpensesNet": -16200000,
    "incomeBeforeTax": 200600000,
    "incomeBeforeTaxRatio": 0.1841380576,
    "incomeTaxExpense": 43300000,
    "netIncome": 157300000,
    "netIncomeRatio": 0.1443914081,
    "eps": 0.64,
    "epsdiluted": 0.62,
    "weightedAverageShsOut": 246800000,
    "weightedAverageShsOutDil": 252900000,
    "link": "https://www.sec.gov/Archives/edgar/data/313927/000156459019039032/0001564590-19-039032-index.htm",
    "finalLink": "https://www.sec.gov/Archives/edgar/data/313927/000156459019039032/chd-10q_20190930.htm"
  },
  {
    "date": "2019-06-30",
    "symbol": "CHD",
    "reportedCurrency": "USD",
    "cik": "0000313927",
    "fillingDate": "2019-07-31",
    "acceptedDate": "2019-07-31 12:52:23",
    "calendarYear": "2019",
    "period": "Q2",
    "revenue": 1079400000,
    "costOfRevenue": 597900000,
    "grossProfit": 481500000,
    "grossProfitRatio": 0.4460811562,
    "researchAndDevelopmentExpenses": 0,
    "generalAndAdministrativeExpenses": 165000000,
    "sellingAndMarketingExpenses": 129100000,
    "sellingGeneralAndAdministrativeExpenses": 294100000,
    "otherExpenses": 0,
    "operatingExpenses": 294100000,
    "costAndExpenses": 892000000,
    "interestIncome": 0,
    "interestExpense": 18900000,
    "depreciationAndAmortization": 44300000,
    "ebitda": 233500000,
    "ebitdaratio": 0.2163238836,
    "operatingIncome": 187400000,
    "operatingIncomeRatio": 0.1736149713,
    "totalOtherIncomeExpensesNet": -17100000,
    "incomeBeforeTax": 170300000,
    "incomeBeforeTaxRatio": 0.1577728368,
    "incomeTaxExpense": 31800000,
    "netIncome": 138500000,
    "netIncomeRatio": 0.1283120252,
    "eps": 0.56,
    "epsdiluted": 0.55,
    "weightedAverageShsOut": 246400000,
    "weightedAverageShsOutDil": 252700000,
    "link": "https://www.sec.gov/Archives/edgar/data/313927/000156459019027342/0001564590-19-027342-index.htm",
    "finalLink": "https://www.sec.gov/Archives/edgar/data/313927/000156459019027342/chd-10q_20190630.htm"
  },
  {
    "date": "2019-03-31",
    "symbol": "CHD",
    "reportedCurrency": "USD",
    "cik": "0000313927",
    "fillingDate": "2019-05-02",
    "acceptedDate": "2019-05-02 13:57:15",
    "calendarYear": "2019",
    "period": "Q1",
    "revenue": 1044700000,
    "costOfRevenue": 573900000,
    "grossProfit": 470800000,
    "grossProfitRatio": 0.4506556906,
    "researchAndDevelopmentExpenses": 0,
    "generalAndAdministrativeExpenses": 131900000,
    "sellingAndMarketingExpenses": 98100000,
    "sellingGeneralAndAdministrativeExpenses": 230000000,
    "otherExpenses": 0,
    "operatingExpenses": 230000000,
    "costAndExpenses": 803900000,
    "interestIncome": 0,
    "interestExpense": 17800000,
    "depreciationAndAmortization": 38600000,
    "ebitda": 281500000,
    "ebitdaratio": 0.269455346,
    "operatingIncome": 240800000,
    "operatingIncomeRatio": 0.2304967933,
    "totalOtherIncomeExpensesNet": -15700000,
    "incomeBeforeTax": 225100000,
    "incomeBeforeTaxRatio": 0.2154685556,
    "incomeTaxExpense": 49400000,
    "netIncome": 175700000,
    "netIncomeRatio": 0.1681822533,
    "eps": 0.71,
    "epsdiluted": 0.7,
    "weightedAverageShsOut": 246100000,
    "weightedAverageShsOutDil": 251900000,
    "link": "https://www.sec.gov/Archives/edgar/data/313927/000156459019015199/0001564590-19-015199-index.htm",
    "finalLink": "https://www.sec.gov/Archives/edgar/data/313927/000156459019015199/chd-10q_20190331.htm"
  },
  {
    "date": "2018-12-31",
    "symbol": "CHD",
    "reportedCurrency": "USD",
    "cik": "0000313927",
    "fillingDate": "2019-02-21",
    "acceptedDate": "2019-02-21 12:35:48",
    "calendarYear": "2018",
    "period": "Q4",
    "revenue": 1074400000,
    "costOfRevenue": 600100000,
    "grossProfit": 474300000,
    "grossProfitRatio": 0.4414556962,
    "researchAndDevelopmentExpenses": 0,
    "generalAndAdministrativeExpenses": 154500000,
    "sellingAndMarketingExpenses": 126400000,
    "sellingGeneralAndAdministrativeExpenses": 280900000,
    "otherExpenses": 0,
    "operatingExpenses": 280900000,
    "costAndExpenses": 881000000,
    "interestIncome": 0,
    "interestExpense": 19700000,
    "depreciationAndAmortization": 35700000,
    "ebitda": 231500000,
    "ebitdaratio": 0.215469099,
    "operatingIncome": 193400000,
    "operatingIncomeRatio": 0.180007446,
    "totalOtherIncomeExpensesNet": -17300000,
    "incomeBeforeTax": 176100000,
    "incomeBeforeTaxRatio": 0.1639054356,
    "incomeTaxExpense": 33300000,
    "netIncome": 142800000,
    "netIncomeRatio": 0.1329113924,
    "eps": 0.58,
    "epsdiluted": 0.57,
    "weightedAverageShsOut": 246600000,
    "weightedAverageShsOutDil": 252500000,
    "link": "https://www.sec.gov/Archives/edgar/data/313927/000156459019003587/0001564590-19-003587-index.htm",
    "finalLink": "https://www.sec.gov/Archives/edgar/data/313927/000156459019003587/chd-10k_20181231.htm"
  },
  {
    "date": "2018-09-30",
    "symbol": "CHD",
    "reportedCurrency": "USD",
    "cik": "0000313927",
    "fillingDate": "2018-11-01",
    "acceptedDate": "2018-11-01 12:13:20",
    "calendarYear": "2018",
    "period": "Q3",
    "revenue": 1037600000,
    "costOfRevenue": 577500000,
    "grossProfit": 460100000,
    "grossProfitRatio": 0.4434271396,
    "researchAndDevelopmentExpenses": 0,
    "generalAndAdministrativeExpenses": 135400000,
    "sellingAndMarketingExpenses": 120500000,
    "sellingGeneralAndAdministrativeExpenses": 255900000,
    "otherExpenses": 0,
    "operatingExpenses": 255900000,
    "costAndExpenses": 833400000,
    "interestIncome": 0,
    "interestExpense": 19400000,
    "depreciationAndAmortization": 35500000,
    "ebitda": 242200000,
    "ebitdaratio": 0.2334232845,
    "operatingIncome": 204200000,
    "operatingIncomeRatio": 0.1968003084,
    "totalOtherIncomeExpensesNet": -16900000,
    "incomeBeforeTax": 187300000,
    "incomeBeforeTaxRatio": 0.1805127217,
    "incomeTaxExpense": 41000000,
    "netIncome": 146300000,
    "netIncomeRatio": 0.140998458,
    "eps": 0.6,
    "epsdiluted": 0.58,
    "weightedAverageShsOut": 245700000,
    "weightedAverageShsOutDil": 251100000,
    "link": "https://www.sec.gov/Archives/edgar/data/313927/000156459018026089/0001564590-18-026089-index.htm",
    "finalLink": "https://www.sec.gov/Archives/edgar/data/313927/000156459018026089/chd-10q_20180930.htm"
  },
  {
    "date": "2018-06-30",
    "symbol": "CHD",
    "reportedCurrency": "USD",
    "cik": "0000313927",
    "fillingDate": "2018-08-02",
    "acceptedDate": "2018-08-02 11:58:20",
    "calendarYear": "2018",
    "period": "Q2",
    "revenue": 1027900000,
    "costOfRevenue": 573000000,
    "grossProfit": 454900000,
    "grossProfitRatio": 0.4425527775,
    "researchAndDevelopmentExpenses": 0,
    "generalAndAdministrativeExpenses": 144700000,
    "sellingAndMarketingExpenses": 136400000,
    "sellingGeneralAndAdministrativeExpenses": 281100000,
    "otherExpenses": 0,
    "operatingExpenses": 281100000,
    "costAndExpenses": 854100000,
    "interestIncome": 0,
    "interestExpense": 20200000,
    "depreciationAndAmortization": 34200000,
    "ebitda": 209800000,
    "ebitdaratio": 0.2041054577,
    "operatingIncome": 173800000,
    "operatingIncomeRatio": 0.1690825956,
    "totalOtherIncomeExpensesNet": -18400000,
    "incomeBeforeTax": 155400000,
    "incomeBeforeTaxRatio": 0.1511820216,
    "incomeTaxExpense": 33700000,
    "netIncome": 121700000,
    "netIncomeRatio": 0.1183967312,
    "eps": 0.5,
    "epsdiluted": 0.49,
    "weightedAverageShsOut": 244800000,
    "weightedAverageShsOutDil": 249300000,
    "link": "https://www.sec.gov/Archives/edgar/data/313927/000156459018018766/0001564590-18-018766-index.htm",
    "finalLink": "https://www.sec.gov/Archives/edgar/data/313927/000156459018018766/chd-10q_20180630.htm"
  },
  {
    "date": "2018-03-31",
    "symbol": "CHD",
    "reportedCurrency": "USD",
    "cik": "0000313927",
    "fillingDate": "2018-05-03",
    "acceptedDate": "2018-05-03 13:39:14",
    "calendarYear": "2018",
    "period": "Q1",
    "revenue": 1006000000,
    "costOfRevenue": 554500000,
    "grossProfit": 451500000,
    "grossProfitRatio": 0.4488071571,
    "researchAndDevelopmentExpenses": 0,
    "generalAndAdministrativeExpenses": 131300000,
    "sellingAndMarketingExpenses": 99900000,
    "sellingGeneralAndAdministrativeExpenses": 231200000,
    "otherExpenses": 0,
    "operatingExpenses": 231200000,
    "costAndExpenses": 785700000,
    "interestIncome": 0,
    "interestExpense": 20100000,
    "depreciationAndAmortization": 35700000,
    "ebitda": 256500000,
    "ebitdaratio": 0.2549701789,
    "operatingIncome": 220300000,
    "operatingIncomeRatio": 0.2189860835,
    "totalOtherIncomeExpensesNet": -19600000,
    "incomeBeforeTax": 200700000,
    "incomeBeforeTaxRatio": 0.1995029821,
    "incomeTaxExpense": 42900000,
    "netIncome": 157800000,
    "netIncomeRatio": 0.1568588469,
    "eps": 0.64,
    "epsdiluted": 0.63,
    "weightedAverageShsOut": 244900000,
    "weightedAverageShsOutDil": 250000000,
    "link": "https://www.sec.gov/Archives/edgar/data/313927/000156459018010596/0001564590-18-010596-index.htm",
    "finalLink": "https://www.sec.gov/Archives/edgar/data/313927/000156459018010596/chd-10q_20180331.htm"
  },
  {
    "date": "2017-12-31",
    "symbol": "CHD",
    "reportedCurrency": "USD",
    "cik": "0000313927",
    "fillingDate": "2018-02-23",
    "acceptedDate": "2018-02-23 11:47:48",
    "calendarYear": "2017",
    "period": "Q4",
    "revenue": 1033100000,
    "costOfRevenue": 551700000,
    "grossProfit": 481400000,
    "grossProfitRatio": 0.4659761882,
    "researchAndDevelopmentExpenses": 0,
    "generalAndAdministrativeExpenses": 146100000,
    "sellingAndMarketingExpenses": 120600000,
    "sellingGeneralAndAdministrativeExpenses": 266700000,
    "otherExpenses": 0,
    "operatingExpenses": 266700000,
    "costAndExpenses": 818400000,
    "interestIncome": 0,
    "interestExpense": 18700000,
    "depreciationAndAmortization": 33800000,
    "ebitda": 251200000,
    "ebitdaratio": 0.2431516794,
    "operatingIncome": 214700000,
    "operatingIncomeRatio": 0.2078211209,
    "totalOtherIncomeExpensesNet": -16000000,
    "incomeBeforeTax": 198700000,
    "incomeBeforeTaxRatio": 0.1923337528,
    "incomeTaxExpense": -206900000,
    "netIncome": 405600000,
    "netIncomeRatio": 0.3926047817,
    "eps": 1.63,
    "epsdiluted": 1.6,
    "weightedAverageShsOut": 248900000,
    "weightedAverageShsOutDil": 253700000,
    "link": "https://www.sec.gov/Archives/edgar/data/313927/000156459018002984/0001564590-18-002984-index.htm",
    "finalLink": "https://www.sec.gov/Archives/edgar/data/313927/000156459018002984/chd-10k_20171231.htm"
  },
  {
    "date": "2017-09-30",
    "symbol": "CHD",
    "reportedCurrency": "USD",
    "cik": "0000313927",
    "fillingDate": "2017-11-02",
    "acceptedDate": "2017-11-02 12:53:03",
    "calendarYear": "2017",
    "period": "Q3",
    "revenue": 967900000,
    "costOfRevenue": 529400000,
    "grossProfit": 438500000,
    "grossProfitRatio": 0.4530426697,
    "researchAndDevelopmentExpenses": 0,
    "generalAndAdministrativeExpenses": 127900000,
    "sellingAndMarketingExpenses": 111900000,
    "sellingGeneralAndAdministrativeExpenses": 239800000,
    "otherExpenses": 0,
    "operatingExpenses": 239800000,
    "costAndExpenses": 769200000,
    "interestIncome": 0,
    "interestExpense": 16400000,
    "depreciationAndAmortization": 32400000,
    "ebitda": 235800000,
    "ebitdaratio": 0.2436202087,
    "operatingIncome": 198700000,
    "operatingIncomeRatio": 0.2052898027,
    "totalOtherIncomeExpensesNet": -11700000,
    "incomeBeforeTax": 187000000,
    "incomeBeforeTaxRatio": 0.193201777,
    "incomeTaxExpense": 53600000,
    "netIncome": 133400000,
    "netIncomeRatio": 0.1378241554,
    "eps": 0.53,
    "epsdiluted": 0.52,
    "weightedAverageShsOut": 249700000,
    "weightedAverageShsOutDil": 255300000,
    "link": "https://www.sec.gov/Archives/edgar/data/313927/000156459017021066/0001564590-17-021066-index.htm",
    "finalLink": "https://www.sec.gov/Archives/edgar/data/313927/000156459017021066/chd-10q_20170930.htm"
  },
  {
    "date": "2017-06-30",
    "symbol": "CHD",
    "reportedCurrency": "USD",
    "cik": "0000313927",
    "fillingDate": "2017-08-03",
    "acceptedDate": "2017-08-03 13:05:37",
    "calendarYear": "2017",
    "period": "Q2",
    "revenue": 898000000,
    "costOfRevenue": 487600000,
    "grossProfit": 410400000,
    "grossProfitRatio": 0.4570155902,
    "researchAndDevelopmentExpenses": 0,
    "generalAndAdministrativeExpenses": 156300000,
    "sellingAndMarketingExpenses": 130900000,
    "sellingGeneralAndAdministrativeExpenses": 287200000,
    "otherExpenses": 0,
    "operatingExpenses": 287200000,
    "costAndExpenses": 774800000,
    "interestIncome": 0,
    "interestExpense": 9300000,
    "depreciationAndAmortization": 29900000,
    "ebitda": 156000000,
    "ebitdaratio": 0.1737193764,
    "operatingIncome": 123200000,
    "operatingIncomeRatio": 0.1371937639,
    "totalOtherIncomeExpensesNet": -6400000,
    "incomeBeforeTax": 116800000,
    "incomeBeforeTaxRatio": 0.1300668151,
    "incomeTaxExpense": 43900000,
    "netIncome": 72900000,
    "netIncomeRatio": 0.0811804009,
    "eps": 0.29,
    "epsdiluted": 0.29,
    "weightedAverageShsOut": 249800000,
    "weightedAverageShsOutDil": 255600000,
    "link": "https://www.sec.gov/Archives/edgar/data/313927/000156459017015230/0001564590-17-015230-index.htm",
    "finalLink": "https://www.sec.gov/Archives/edgar/data/313927/000156459017015230/chd-10q_20170630.htm"
  },
  {
    "date": "2017-03-31",
    "symbol": "CHD",
    "reportedCurrency": "USD",
    "cik": "0000313927",
    "fillingDate": "2017-05-04",
    "acceptedDate": "2017-05-04 11:13:03",
    "calendarYear": "2017",
    "period": "Q1",
    "revenue": 877200000,
    "costOfRevenue": 477900000,
    "grossProfit": 399300000,
    "grossProfitRatio": 0.4551983584,
    "researchAndDevelopmentExpenses": 0,
    "generalAndAdministrativeExpenses": 112400000,
    "sellingAndMarketingExpenses": 90800000,
    "sellingGeneralAndAdministrativeExpenses": 203200000,
    "otherExpenses": 0,
    "operatingExpenses": 203200000,
    "costAndExpenses": 681100000,
    "interestIncome": 0,
    "interestExpense": 8200000,
    "depreciationAndAmortization": 29300000,
    "ebitda": 227700000,
    "ebitdaratio": 0.2595759234,
    "operatingIncome": 196100000,
    "operatingIncomeRatio": 0.2235522116,
    "totalOtherIncomeExpensesNet": -5900000,
    "incomeBeforeTax": 190200000,
    "incomeBeforeTaxRatio": 0.2168262654,
    "incomeTaxExpense": 58700000,
    "netIncome": 131500000,
    "netIncomeRatio": 0.1499088007,
    "eps": 0.52,
    "epsdiluted": 0.51,
    "weightedAverageShsOut": 254100000,
    "weightedAverageShsOutDil": 259700000,
    "link": "https://www.sec.gov/Archives/edgar/data/313927/000156459017008613/0001564590-17-008613-index.htm",
    "finalLink": "https://www.sec.gov/Archives/edgar/data/313927/000156459017008613/chd-10q_20170331.htm"
  },
  {
    "date": "2016-12-31",
    "symbol": "CHD",
    "reportedCurrency": "USD",
    "cik": "0000313927",
    "fillingDate": "2017-02-24",
    "acceptedDate": "2017-02-24 10:39:11",
    "calendarYear": "2016",
    "period": "Q4",
    "revenue": 896000000,
    "costOfRevenue": 488000000,
    "grossProfit": 408000000,
    "grossProfitRatio": 0.4553571429,
    "researchAndDevelopmentExpenses": 0,
    "generalAndAdministrativeExpenses": 118300000,
    "sellingAndMarketingExpenses": 116300000,
    "sellingGeneralAndAdministrativeExpenses": 234600000,
    "otherExpenses": 0,
    "operatingExpenses": 234600000,
    "costAndExpenses": 722600000,
    "interestIncome": 0,
    "interestExpense": 7000000,
    "depreciationAndAmortization": 27400000,
    "ebitda": 203900000,
    "ebitdaratio": 0.2275669643,
    "operatingIncome": 173400000,
    "operatingIncomeRatio": 0.1935267857,
    "totalOtherIncomeExpensesNet": -3900000,
    "incomeBeforeTax": 169500000,
    "incomeBeforeTaxRatio": 0.1891741071,
    "incomeTaxExpense": 59100000,
    "netIncome": 110400000,
    "netIncomeRatio": 0.1232142857,
    "eps": 0.43,
    "epsdiluted": 0.42,
    "weightedAverageShsOut": 256400000,
    "weightedAverageShsOutDil": 260300000,
    "link": "https://www.sec.gov/Archives/edgar/data/313927/000156459017002326/0001564590-17-002326-index.htm",
    "finalLink": "https://www.sec.gov/Archives/edgar/data/313927/000156459017002326/chd-10k_20161231.htm"
  },
  {
    "date": "2016-09-30",
    "symbol": "CHD",
    "reportedCurrency": "USD",
    "cik": "0000313927",
    "fillingDate": "2016-11-03",
    "acceptedDate": "2016-11-03 12:25:56",
    "calendarYear": "2016",
    "period": "Q3",
    "revenue": 870700000,
    "costOfRevenue": 475100000,
    "grossProfit": 395600000,
    "grossProfitRatio": 0.4543470771,
    "researchAndDevelopmentExpenses": 0,
    "generalAndAdministrativeExpenses": 101400000,
    "sellingAndMarketingExpenses": 98200000,
    "sellingGeneralAndAdministrativeExpenses": 199600000,
    "otherExpenses": 0,
    "operatingExpenses": 199600000,
    "costAndExpenses": 674700000,
    "interestIncome": 0,
    "interestExpense": 6800000,
    "depreciationAndAmortization": 25800000,
    "ebitda": 225000000,
    "ebitdaratio": 0.2584127713,
    "operatingIncome": 196000000,
    "operatingIncomeRatio": 0.2251062364,
    "totalOtherIncomeExpensesNet": -3600000,
    "incomeBeforeTax": 192400000,
    "incomeBeforeTaxRatio": 0.220971632,
    "incomeTaxExpense": 68400000,
    "netIncome": 124000000,
    "netIncomeRatio": 0.1424141495,
    "eps": 0.48,
    "epsdiluted": 0.47,
    "weightedAverageShsOut": 258000000,
    "weightedAverageShsOutDil": 262700000,
    "link": "https://www.sec.gov/Archives/edgar/data/313927/000156459016027241/0001564590-16-027241-index.htm",
    "finalLink": "https://www.sec.gov/Archives/edgar/data/313927/000156459016027241/chd-10q_20160930.htm"
  },
  {
    "date": "2016-06-30",
    "symbol": "CHD",
    "reportedCurrency": "USD",
    "cik": "0000313927",
    "fillingDate": "2016-08-04",
    "acceptedDate": "2016-08-04 12:42:21",
    "calendarYear": "2016",
    "period": "Q2",
    "revenue": 877400000,
    "costOfRevenue": 469400000,
    "grossProfit": 408000000,
    "grossProfitRatio": 0.4650102576,
    "researchAndDevelopmentExpenses": 0,
    "generalAndAdministrativeExpenses": 112500000,
    "sellingAndMarketingExpenses": 120200000,
    "sellingGeneralAndAdministrativeExpenses": 232700000,
    "otherExpenses": 0,
    "operatingExpenses": 232700000,
    "costAndExpenses": 702100000,
    "interestIncome": 0,
    "interestExpense": 7100000,
    "depreciationAndAmortization": 26500000,
    "ebitda": 204600000,
    "ebitdaratio": 0.2331889674,
    "operatingIncome": 175300000,
    "operatingIncomeRatio": 0.1997948484,
    "totalOtherIncomeExpensesNet": -4300000,
    "incomeBeforeTax": 171000000,
    "incomeBeforeTaxRatio": 0.194894005,
    "incomeTaxExpense": 59400000,
    "netIncome": 111600000,
    "netIncomeRatio": 0.1271939822,
    "eps": 0.43,
    "epsdiluted": 0.43,
    "weightedAverageShsOut": 257000000,
    "weightedAverageShsOutDil": 261900000,
    "link": "https://www.sec.gov/Archives/edgar/data/313927/000156459016022575/0001564590-16-022575-index.htm",
    "finalLink": "https://www.sec.gov/Archives/edgar/data/313927/000156459016022575/chd-10q_20160630.htm"
  },
  {
    "date": "2016-03-31",
    "symbol": "CHD",
    "reportedCurrency": "USD",
    "cik": "0000313927",
    "fillingDate": "2016-05-05",
    "acceptedDate": "2016-05-05 11:45:44",
    "calendarYear": "2016",
    "period": "Q1",
    "revenue": 849000000,
    "costOfRevenue": 470000000,
    "grossProfit": 379000000,
    "grossProfitRatio": 0.4464075383,
    "researchAndDevelopmentExpenses": 0,
    "generalAndAdministrativeExpenses": 107000000,
    "sellingAndMarketingExpenses": 92500000,
    "sellingGeneralAndAdministrativeExpenses": 199500000,
    "otherExpenses": 0,
    "operatingExpenses": 199500000,
    "costAndExpenses": 669500000,
    "interestIncome": 0,
    "interestExpense": 6800000,
    "depreciationAndAmortization": 27900000,
    "ebitda": 207700000,
    "ebitdaratio": 0.2446407538,
    "operatingIncome": 179500000,
    "operatingIncomeRatio": 0.2114252061,
    "totalOtherIncomeExpensesNet": -6500000,
    "incomeBeforeTax": 173000000,
    "incomeBeforeTaxRatio": 0.2037691402,
    "incomeTaxExpense": 60000000,
    "netIncome": 113000000,
    "netIncomeRatio": 0.1330977621,
    "eps": 0.44,
    "epsdiluted": 0.43,
    "weightedAverageShsOut": 258800000,
    "weightedAverageShsOutDil": 263600000,
    "link": "https://www.sec.gov/Archives/edgar/data/313927/000156459016017871/0001564590-16-017871-index.htm",
    "finalLink": "https://www.sec.gov/Archives/edgar/data/313927/000156459016017871/chd-10q_20160331.htm"
  },
  {
    "date": "2015-12-31",
    "symbol": "CHD",
    "reportedCurrency": "USD",
    "cik": "0000313927",
    "fillingDate": "2016-02-19",
    "acceptedDate": "2016-02-19 12:27:20",
    "calendarYear": "2015",
    "period": "Q4",
    "revenue": 873600000,
    "costOfRevenue": 476200000,
    "grossProfit": 397400000,
    "grossProfitRatio": 0.4548992674,
    "researchAndDevelopmentExpenses": 0,
    "generalAndAdministrativeExpenses": 108100000,
    "sellingAndMarketingExpenses": 120100000,
    "sellingGeneralAndAdministrativeExpenses": 228200000,
    "otherExpenses": 0,
    "operatingExpenses": 228200000,
    "costAndExpenses": 704400000,
    "interestIncome": 0,
    "interestExpense": 7600000,
    "depreciationAndAmortization": 24700000,
    "ebitda": 197200000,
    "ebitdaratio": 0.2257326007,
    "operatingIncome": 169200000,
    "operatingIncomeRatio": 0.1936813187,
    "totalOtherIncomeExpensesNet": -4300000,
    "incomeBeforeTax": 164900000,
    "incomeBeforeTaxRatio": 0.1887591575,
    "incomeTaxExpense": 55800000,
    "netIncome": 109100000,
    "netIncomeRatio": 0.1248855311,
    "eps": 0.42,
    "epsdiluted": 0.41,
    "weightedAverageShsOut": 261200000,
    "weightedAverageShsOutDil": 266200000,
    "link": "https://www.sec.gov/Archives/edgar/data/313927/000156459016012917/0001564590-16-012917-index.htm",
    "finalLink": "https://www.sec.gov/Archives/edgar/data/313927/000156459016012917/chd-10k_20151231.htm"
  },
  {
    "date": "2015-09-30",
    "symbol": "CHD",
    "reportedCurrency": "USD",
    "cik": "0000313927",
    "fillingDate": "2015-11-02",
    "acceptedDate": "2015-11-02 11:58:53",
    "calendarYear": "2015",
    "period": "Q3",
    "revenue": 861800000,
    "costOfRevenue": 476000000,
    "grossProfit": 385800000,
    "grossProfitRatio": 0.4476676723,
    "researchAndDevelopmentExpenses": 0,
    "generalAndAdministrativeExpenses": 102400000,
    "sellingAndMarketingExpenses": 92800000,
    "sellingGeneralAndAdministrativeExpenses": 195200000,
    "otherExpenses": 0,
    "operatingExpenses": 195200000,
    "costAndExpenses": 671200000,
    "interestIncome": 0,
    "interestExpense": 7400000,
    "depreciationAndAmortization": 24900000,
    "ebitda": 218000000,
    "ebitdaratio": 0.2529589232,
    "operatingIncome": 190600000,
    "operatingIncomeRatio": 0.2211650035,
    "totalOtherIncomeExpensesNet": -4900000,
    "incomeBeforeTax": 185700000,
    "incomeBeforeTaxRatio": 0.2154792295,
    "incomeTaxExpense": 65300000,
    "netIncome": 120400000,
    "netIncomeRatio": 0.1397075888,
    "eps": 0.46,
    "epsdiluted": 0.45,
    "weightedAverageShsOut": 262200000,
    "weightedAverageShsOutDil": 267200000,
    "link": "https://www.sec.gov/Archives/edgar/data/313927/000156459015009064/0001564590-15-009064-index.htm",
    "finalLink": "https://www.sec.gov/Archives/edgar/data/313927/000156459015009064/chd-10q_20150930.htm"
  },
  {
    "date": "2015-06-30",
    "symbol": "CHD",
    "reportedCurrency": "USD",
    "cik": "0000313927",
    "fillingDate": "2015-08-04",
    "acceptedDate": "2015-08-04 14:11:00",
    "calendarYear": "2015",
    "period": "Q2",
    "revenue": 847100000,
    "costOfRevenue": 474000000,
    "grossProfit": 373100000,
    "grossProfitRatio": 0.4404438673,
    "researchAndDevelopmentExpenses": 0,
    "generalAndAdministrativeExpenses": 115000000,
    "sellingAndMarketingExpenses": 115800000,
    "sellingGeneralAndAdministrativeExpenses": 230800000,
    "otherExpenses": 0,
    "operatingExpenses": 230800000,
    "costAndExpenses": 704800000,
    "interestIncome": 0,
    "interestExpense": 7900000,
    "depreciationAndAmortization": 25400000,
    "ebitda": 152800000,
    "ebitdaratio": 0.1803801204,
    "operatingIncome": 142300000,
    "operatingIncomeRatio": 0.1679848896,
    "totalOtherIncomeExpensesNet": -22800000,
    "incomeBeforeTax": 119500000,
    "incomeBeforeTaxRatio": 0.1410695313,
    "incomeTaxExpense": 45800000,
    "netIncome": 73700000,
    "netIncomeRatio": 0.0870027151,
    "eps": 0.28,
    "epsdiluted": 0.28,
    "weightedAverageShsOut": 261800000,
    "weightedAverageShsOutDil": 266800000,
    "link": "https://www.sec.gov/Archives/edgar/data/313927/000156459015006042/0001564590-15-006042-index.htm",
    "finalLink": "https://www.sec.gov/Archives/edgar/data/313927/000156459015006042/chd-10q_20150630.htm"
  },
  {
    "date": "2015-03-31",
    "symbol": "CHD",
    "reportedCurrency": "USD",
    "cik": "0000313927",
    "fillingDate": "2015-05-07",
    "acceptedDate": "2015-05-07 14:27:19",
    "calendarYear": "2015",
    "period": "Q1",
    "revenue": 812300000,
    "costOfRevenue": 456800000,
    "grossProfit": 355500000,
    "grossProfitRatio": 0.4376461898,
    "researchAndDevelopmentExpenses": 0,
    "generalAndAdministrativeExpenses": 94600000,
    "sellingAndMarketingExpenses": 88800000,
    "sellingGeneralAndAdministrativeExpenses": 183400000,
    "otherExpenses": 0,
    "operatingExpenses": 183400000,
    "costAndExpenses": 640200000,
    "interestIncome": 0,
    "interestExpense": 7600000,
    "depreciationAndAmortization": 26000000,
    "ebitda": 198900000,
    "ebitdaratio": 0.2448602733,
    "operatingIncome": 172100000,
    "operatingIncomeRatio": 0.2118675366,
    "totalOtherIncomeExpensesNet": -6800000,
    "incomeBeforeTax": 165300000,
    "incomeBeforeTaxRatio": 0.2034962452,
    "incomeTaxExpense": 58100000,
    "netIncome": 107200000,
    "netIncomeRatio": 0.1319709467,
    "eps": 0.41,
    "epsdiluted": 0.4,
    "weightedAverageShsOut": 264000000,
    "weightedAverageShsOutDil": 269200000,
    "link": "https://www.sec.gov/Archives/edgar/data/313927/000156459015003545/0001564590-15-003545-index.htm",
    "finalLink": "https://www.sec.gov/Archives/edgar/data/313927/000156459015003545/chd-10q_20150331.htm"
  },
  {
    "date": "2014-12-31",
    "symbol": "CHD",
    "reportedCurrency": "USD",
    "cik": "0000313927",
    "fillingDate": "2015-02-20",
    "acceptedDate": "2015-02-20 11:29:47",
    "calendarYear": "2014",
    "period": "Q4",
    "revenue": 865500000,
    "costOfRevenue": 475900000,
    "grossProfit": 389600000,
    "grossProfitRatio": 0.4501444252,
    "researchAndDevelopmentExpenses": 0,
    "generalAndAdministrativeExpenses": 106700000,
    "sellingAndMarketingExpenses": 119100000,
    "sellingGeneralAndAdministrativeExpenses": 225800000,
    "otherExpenses": 0,
    "operatingExpenses": 225800000,
    "costAndExpenses": 701700000,
    "interestIncome": 0,
    "interestExpense": 6900000,
    "depreciationAndAmortization": 23500000,
    "ebitda": 190400000,
    "ebitdaratio": 0.219988446,
    "operatingIncome": 163800000,
    "operatingIncomeRatio": 0.189254766,
    "totalOtherIncomeExpensesNet": -3800000,
    "incomeBeforeTax": 160000000,
    "incomeBeforeTaxRatio": 0.1848642403,
    "incomeTaxExpense": 53400000,
    "netIncome": 106600000,
    "netIncomeRatio": 0.1231658001,
    "eps": 0.4,
    "epsdiluted": 0.39,
    "weightedAverageShsOut": 267800000,
    "weightedAverageShsOutDil": 272600000,
    "link": "https://www.sec.gov/Archives/edgar/data/313927/000156459015000786/0001564590-15-000786-index.htm",
    "finalLink": "https://www.sec.gov/Archives/edgar/data/313927/000156459015000786/chd-10k_20141231.htm"
  },
  {
    "date": "2014-09-30",
    "symbol": "CHD",
    "reportedCurrency": "USD",
    "cik": "0000313927",
    "fillingDate": "2014-11-03",
    "acceptedDate": "2014-11-03 14:02:50",
    "calendarYear": "2014",
    "period": "Q3",
    "revenue": 841800000,
    "costOfRevenue": 474300000,
    "grossProfit": 367500000,
    "grossProfitRatio": 0.4365645046,
    "researchAndDevelopmentExpenses": 0,
    "generalAndAdministrativeExpenses": 93700000,
    "sellingAndMarketingExpenses": 96600000,
    "sellingGeneralAndAdministrativeExpenses": 190300000,
    "otherExpenses": 0,
    "operatingExpenses": 190300000,
    "costAndExpenses": 664600000,
    "interestIncome": 0,
    "interestExpense": 6900000,
    "depreciationAndAmortization": 22000000,
    "ebitda": 202100000,
    "ebitdaratio": 0.2400807793,
    "operatingIncome": 177200000,
    "operatingIncomeRatio": 0.2105013067,
    "totalOtherIncomeExpensesNet": -4000000,
    "incomeBeforeTax": 173200000,
    "incomeBeforeTaxRatio": 0.2057495842,
    "incomeTaxExpense": 57300000,
    "netIncome": 115900000,
    "netIncomeRatio": 0.1376811594,
    "eps": 0.44,
    "epsdiluted": 0.43,
    "weightedAverageShsOut": 267400000,
    "weightedAverageShsOutDil": 272000000,
    "link": "https://www.sec.gov/Archives/edgar/data/313927/000156459014004859/0001564590-14-004859-index.htm",
    "finalLink": "https://www.sec.gov/Archives/edgar/data/313927/000156459014004859/chd-10q_20140930.htm"
  },
  {
    "date": "2014-06-30",
    "symbol": "CHD",
    "reportedCurrency": "USD",
    "cik": "0000313927",
    "fillingDate": "2014-08-01",
    "acceptedDate": "2014-08-01 12:25:08",
    "calendarYear": "2014",
    "period": "Q2",
    "revenue": 808300000,
    "costOfRevenue": 451900000,
    "grossProfit": 356400000,
    "grossProfitRatio": 0.440925399,
    "researchAndDevelopmentExpenses": 0,
    "generalAndAdministrativeExpenses": 104800000,
    "sellingAndMarketingExpenses": 113400000,
    "sellingGeneralAndAdministrativeExpenses": 218200000,
    "otherExpenses": 0,
    "operatingExpenses": 218200000,
    "costAndExpenses": 670100000,
    "interestIncome": 0,
    "interestExpense": 6900000,
    "depreciationAndAmortization": 22900000,
    "ebitda": 164800000,
    "ebitdaratio": 0.2038846963,
    "operatingIncome": 138200000,
    "operatingIncomeRatio": 0.1709761227,
    "totalOtherIncomeExpensesNet": -3200000,
    "incomeBeforeTax": 135000000,
    "incomeBeforeTaxRatio": 0.1670171966,
    "incomeTaxExpense": 46200000,
    "netIncome": 88800000,
    "netIncomeRatio": 0.1098602004,
    "eps": 0.33,
    "epsdiluted": 0.33,
    "weightedAverageShsOut": 269600000,
    "weightedAverageShsOutDil": 274600000,
    "link": "https://www.sec.gov/Archives/edgar/data/313927/000119312514291116/0001193125-14-291116-index.htm",
    "finalLink": "https://www.sec.gov/Archives/edgar/data/313927/000119312514291116/d739712d10q.htm"
  },
  {
    "date": "2014-03-31",
    "symbol": "CHD",
    "reportedCurrency": "USD",
    "cik": "0000313927",
    "fillingDate": "2014-05-01",
    "acceptedDate": "2014-05-01 13:56:48",
    "calendarYear": "2014",
    "period": "Q1",
    "revenue": 782000000,
    "costOfRevenue": 442600000,
    "grossProfit": 339400000,
    "grossProfitRatio": 0.4340153453,
    "researchAndDevelopmentExpenses": 0,
    "generalAndAdministrativeExpenses": 89600000,
    "sellingAndMarketingExpenses": 87800000,
    "sellingGeneralAndAdministrativeExpenses": 177400000,
    "otherExpenses": 0,
    "operatingExpenses": 177400000,
    "costAndExpenses": 620000000,
    "interestIncome": 0,
    "interestExpense": 6700000,
    "depreciationAndAmortization": 22800000,
    "ebitda": 186200000,
    "ebitdaratio": 0.2381074169,
    "operatingIncome": 162000000,
    "operatingIncomeRatio": 0.2071611253,
    "totalOtherIncomeExpensesNet": -5300000,
    "incomeBeforeTax": 156700000,
    "incomeBeforeTaxRatio": 0.2003836317,
    "incomeTaxExpense": 54100000,
    "netIncome": 102600000,
    "netIncomeRatio": 0.131202046,
    "eps": 0.37,
    "epsdiluted": 0.37,
    "weightedAverageShsOut": 276000000,
    "weightedAverageShsOutDil": 281200000,
    "link": "https://www.sec.gov/Archives/edgar/data/313927/000119312514176473/0001193125-14-176473-index.htm",
    "finalLink": "https://www.sec.gov/Archives/edgar/data/313927/000119312514176473/d695101d10q.htm"
  },
  {
    "date": "2013-12-31",
    "symbol": "CHD",
    "reportedCurrency": "USD",
    "cik": "0000313927",
    "fillingDate": "2014-02-21",
    "acceptedDate": "2014-02-21 12:42:51",
    "calendarYear": "2013",
    "period": "Q4",
    "revenue": 822600000,
    "costOfRevenue": 450900000,
    "grossProfit": 371700000,
    "grossProfitRatio": 0.4518599562,
    "researchAndDevelopmentExpenses": 0,
    "generalAndAdministrativeExpenses": 109600000,
    "sellingAndMarketingExpenses": 117500000,
    "sellingGeneralAndAdministrativeExpenses": 227100000,
    "otherExpenses": 0,
    "operatingExpenses": 227100000,
    "costAndExpenses": 678000000,
    "interestIncome": 0,
    "interestExpense": 6700000,
    "depreciationAndAmortization": 22600000,
    "ebitda": 168500000,
    "ebitdaratio": 0.2048383175,
    "operatingIncome": 144600000,
    "operatingIncomeRatio": 0.1757840992,
    "totalOtherIncomeExpensesNet": -5400000,
    "incomeBeforeTax": 139200000,
    "incomeBeforeTaxRatio": 0.1692195478,
    "incomeTaxExpense": 47000000,
    "netIncome": 92200000,
    "netIncomeRatio": 0.1120836372,
    "eps": 0.33,
    "epsdiluted": 0.33,
    "weightedAverageShsOut": 278000000,
    "weightedAverageShsOutDil": 283200000,
    "link": "https://www.sec.gov/Archives/edgar/data/313927/000119312514062315/0001193125-14-062315-index.htm",
    "finalLink": "https://www.sec.gov/Archives/edgar/data/313927/000119312514062315/d638344d10k.htm"
  },
  {
    "date": "2013-09-30",
    "symbol": "CHD",
    "reportedCurrency": "USD",
    "cik": "0000313927",
    "fillingDate": "2013-11-01",
    "acceptedDate": "2013-11-01 12:32:01",
    "calendarYear": "2013",
    "period": "Q3",
    "revenue": 804800000,
    "costOfRevenue": 439600000,
    "grossProfit": 365200000,
    "grossProfitRatio": 0.453777336,
    "researchAndDevelopmentExpenses": 0,
    "generalAndAdministrativeExpenses": 97700000,
    "sellingAndMarketingExpenses": 99700000,
    "sellingGeneralAndAdministrativeExpenses": 197400000,
    "otherExpenses": 0,
    "operatingExpenses": 197400000,
    "costAndExpenses": 637000000,
    "interestIncome": 0,
    "interestExpense": 7000000,
    "depreciationAndAmortization": 21600000,
    "ebitda": 191800000,
    "ebitdaratio": 0.2383200795,
    "operatingIncome": 167800000,
    "operatingIncomeRatio": 0.208499006,
    "totalOtherIncomeExpensesNet": -4600000,
    "incomeBeforeTax": 163200000,
    "incomeBeforeTaxRatio": 0.2027833002,
    "incomeTaxExpense": 55300000,
    "netIncome": 107900000,
    "netIncomeRatio": 0.1340705765,
    "eps": 0.39,
    "epsdiluted": 0.38,
    "weightedAverageShsOut": 277600000,
    "weightedAverageShsOutDil": 282600000,
    "link": "https://www.sec.gov/Archives/edgar/data/313927/000119312513422487/0001193125-13-422487-index.htm",
    "finalLink": "https://www.sec.gov/Archives/edgar/data/313927/000119312513422487/d587021d10q.htm"
  },
  {
    "date": "2013-06-30",
    "symbol": "CHD",
    "reportedCurrency": "USD",
    "cik": "0000313927",
    "fillingDate": "2013-08-02",
    "acceptedDate": "2013-08-02 12:33:59",
    "calendarYear": "2013",
    "period": "Q2",
    "revenue": 787600000,
    "costOfRevenue": 436600000,
    "grossProfit": 351000000,
    "grossProfitRatio": 0.4456576943,
    "researchAndDevelopmentExpenses": 0,
    "generalAndAdministrativeExpenses": 106800000,
    "sellingAndMarketingExpenses": 103700000,
    "sellingGeneralAndAdministrativeExpenses": 210500000,
    "otherExpenses": 0,
    "operatingExpenses": 210500000,
    "costAndExpenses": 647100000,
    "interestIncome": 0,
    "interestExpense": 7000000,
    "depreciationAndAmortization": 22700000,
    "ebitda": 161900000,
    "ebitdaratio": 0.2055611986,
    "operatingIncome": 140500000,
    "operatingIncomeRatio": 0.1783900457,
    "totalOtherIncomeExpensesNet": -8300000,
    "incomeBeforeTax": 132200000,
    "incomeBeforeTaxRatio": 0.1678517014,
    "incomeTaxExpense": 45600000,
    "netIncome": 86600000,
    "netIncomeRatio": 0.1099542915,
    "eps": 0.31,
    "epsdiluted": 0.31,
    "weightedAverageShsOut": 277000000,
    "weightedAverageShsOutDil": 282200000,
    "link": "https://www.sec.gov/Archives/edgar/data/313927/000119312513316694/0001193125-13-316694-index.htm",
    "finalLink": "https://www.sec.gov/Archives/edgar/data/313927/000119312513316694/d540152d10q.htm"
  },
  {
    "date": "2013-03-31",
    "symbol": "CHD",
    "reportedCurrency": "USD",
    "cik": "0000313927",
    "fillingDate": "2013-05-02",
    "acceptedDate": "2013-05-02 14:53:59",
    "calendarYear": "2013",
    "period": "Q1",
    "revenue": 779300000,
    "costOfRevenue": 429200000,
    "grossProfit": 350100000,
    "grossProfitRatio": 0.4492493263,
    "researchAndDevelopmentExpenses": 0,
    "generalAndAdministrativeExpenses": 101900000,
    "sellingAndMarketingExpenses": 78900000,
    "sellingGeneralAndAdministrativeExpenses": 180800000,
    "otherExpenses": 0,
    "operatingExpenses": 180800000,
    "costAndExpenses": 610000000,
    "interestIncome": 0,
    "interestExpense": 7000000,
    "depreciationAndAmortization": 23600000,
    "ebitda": 193800000,
    "ebitdaratio": 0.2486847171,
    "operatingIncome": 169300000,
    "operatingIncomeRatio": 0.2172462466,
    "totalOtherIncomeExpensesNet": -6100000,
    "incomeBeforeTax": 163200000,
    "incomeBeforeTaxRatio": 0.2094187091,
    "incomeTaxExpense": 55500000,
    "netIncome": 107700000,
    "netIncomeRatio": 0.1382009496,
    "eps": 0.39,
    "epsdiluted": 0.38,
    "weightedAverageShsOut": 276600000,
    "weightedAverageShsOutDil": 281800000,
    "link": "https://www.sec.gov/Archives/edgar/data/313927/000119312513195736/0001193125-13-195736-index.htm",
    "finalLink": "https://www.sec.gov/Archives/edgar/data/313927/000119312513195736/d508285d10q.htm"
  },
  {
    "date": "2012-12-31",
    "symbol": "CHD",
    "reportedCurrency": "USD",
    "cik": "0000313927",
    "fillingDate": "2013-02-22",
    "acceptedDate": "2013-02-22 14:07:00",
    "calendarYear": "2012",
    "period": "Q4",
    "revenue": 809700000,
    "costOfRevenue": 451300000,
    "grossProfit": 358400000,
    "grossProfitRatio": 0.442633074,
    "researchAndDevelopmentExpenses": 0,
    "generalAndAdministrativeExpenses": 115100000,
    "sellingAndMarketingExpenses": 108700000,
    "sellingGeneralAndAdministrativeExpenses": 223800000,
    "otherExpenses": 0,
    "operatingExpenses": 223800000,
    "costAndExpenses": 675100000,
    "interestIncome": 0,
    "interestExpense": 0,
    "depreciationAndAmortization": 25600000,
    "ebitda": 162100000,
    "ebitdaratio": 0.2001976041,
    "operatingIncome": 134600000,
    "operatingIncomeRatio": 0.1662344078,
    "totalOtherIncomeExpensesNet": -4400000,
    "incomeBeforeTax": 130200000,
    "incomeBeforeTaxRatio": 0.1608002964,
    "incomeTaxExpense": 49400000,
    "netIncome": 80800000,
    "netIncomeRatio": 0.0997900457,
    "eps": 0.29,
    "epsdiluted": 0.28,
    "weightedAverageShsOut": 278400000,
    "weightedAverageShsOutDil": 283400000,
    "link": "https://www.sec.gov/Archives/edgar/data/313927/000119312513071188/0001193125-13-071188-index.htm",
    "finalLink": "https://www.sec.gov/Archives/edgar/data/313927/000119312513071188/d445489d10k.htm"
  },
  {
    "date": "2012-09-30",
    "symbol": "CHD",
    "reportedCurrency": "USD",
    "cik": "0000313927",
    "fillingDate": "2012-11-05",
    "acceptedDate": "2012-11-05 14:47:15",
    "calendarYear": "2012",
    "period": "Q3",
    "revenue": 725200000,
    "costOfRevenue": 397700000,
    "grossProfit": 327500000,
    "grossProfitRatio": 0.4515995587,
    "researchAndDevelopmentExpenses": 0,
    "generalAndAdministrativeExpenses": 89900000,
    "sellingAndMarketingExpenses": 92200000,
    "sellingGeneralAndAdministrativeExpenses": 182100000,
    "otherExpenses": 0,
    "operatingExpenses": 182100000,
    "costAndExpenses": 579800000,
    "interestIncome": 400000,
    "interestExpense": 2600000,
    "depreciationAndAmortization": 20100000,
    "ebitda": 168700000,
    "ebitdaratio": 0.2326254826,
    "operatingIncome": 145400000,
    "operatingIncomeRatio": 0.2004964148,
    "totalOtherIncomeExpensesNet": 600000,
    "incomeBeforeTax": 146000000,
    "incomeBeforeTaxRatio": 0.2013237728,
    "incomeTaxExpense": 52100000,
    "netIncome": 93900000,
    "netIncomeRatio": 0.1294815223,
    "eps": 0.34,
    "epsdiluted": 0.33,
    "weightedAverageShsOut": 279000000,
    "weightedAverageShsOutDil": 284400000,
    "link": "https://www.sec.gov/Archives/edgar/data/313927/000119312512451493/0001193125-12-451493-index.htm",
    "finalLink": "https://www.sec.gov/Archives/edgar/data/313927/000119312512451493/d417286d10q.htm"
  },
  {
    "date": "2012-06-30",
    "symbol": "CHD",
    "reportedCurrency": "USD",
    "cik": "0000313927",
    "fillingDate": "2012-08-07",
    "acceptedDate": "2012-08-07 14:50:39",
    "calendarYear": "2012",
    "period": "Q2",
    "revenue": 696400000,
    "costOfRevenue": 393400000,
    "grossProfit": 303000000,
    "grossProfitRatio": 0.4350947731,
    "researchAndDevelopmentExpenses": 0,
    "generalAndAdministrativeExpenses": 92200000,
    "sellingAndMarketingExpenses": 88400000,
    "sellingGeneralAndAdministrativeExpenses": 180600000,
    "otherExpenses": 0,
    "operatingExpenses": 180600000,
    "costAndExpenses": 574000000,
    "interestIncome": 200000,
    "interestExpense": 2400000,
    "depreciationAndAmortization": 20100000,
    "ebitda": 145600000,
    "ebitdaratio": 0.2090752441,
    "operatingIncome": 122400000,
    "operatingIncomeRatio": 0.1757610569,
    "totalOtherIncomeExpensesNet": 700000,
    "incomeBeforeTax": 123100000,
    "incomeBeforeTaxRatio": 0.1767662263,
    "incomeTaxExpense": 43800000,
    "netIncome": 79300000,
    "netIncomeRatio": 0.1138713383,
    "eps": 0.28,
    "epsdiluted": 0.28,
    "weightedAverageShsOut": 279000000,
    "weightedAverageShsOutDil": 284400000,
    "link": "https://www.sec.gov/Archives/edgar/data/313927/000119312512340571/0001193125-12-340571-index.htm",
    "finalLink": "https://www.sec.gov/Archives/edgar/data/313927/000119312512340571/d359321d10q.htm"
  },
  {
    "date": "2012-03-31",
    "symbol": "CHD",
    "reportedCurrency": "USD",
    "cik": "0000313927",
    "fillingDate": "2012-05-08",
    "acceptedDate": "2012-05-08 14:22:36",
    "calendarYear": "2012",
    "period": "Q1",
    "revenue": 690600000,
    "costOfRevenue": 388100000,
    "grossProfit": 302500000,
    "grossProfitRatio": 0.4380249059,
    "researchAndDevelopmentExpenses": 0,
    "generalAndAdministrativeExpenses": 91800000,
    "sellingAndMarketingExpenses": 68000000,
    "sellingGeneralAndAdministrativeExpenses": 159800000,
    "otherExpenses": 0,
    "operatingExpenses": 159800000,
    "costAndExpenses": 547900000,
    "interestIncome": 500000,
    "interestExpense": 2700000,
    "depreciationAndAmortization": 19200000,
    "ebitda": 165100000,
    "ebitdaratio": 0.2390674776,
    "operatingIncome": 142700000,
    "operatingIncomeRatio": 0.2066319143,
    "totalOtherIncomeExpensesNet": 500000,
    "incomeBeforeTax": 143200000,
    "incomeBeforeTaxRatio": 0.2073559224,
    "incomeTaxExpense": 47400000,
    "netIncome": 95800000,
    "netIncomeRatio": 0.1387199537,
    "eps": 0.34,
    "epsdiluted": 0.33,
    "weightedAverageShsOut": 284600000,
    "weightedAverageShsOutDil": 289800000,
    "link": "https://www.sec.gov/Archives/edgar/data/313927/000119312512217931/0001193125-12-217931-index.htm",
    "finalLink": "https://www.sec.gov/Archives/edgar/data/313927/000119312512217931/d321474d10q.htm"
  },
  {
    "date": "2011-12-31",
    "symbol": "CHD",
    "reportedCurrency": "USD",
    "cik": "0000313927",
    "fillingDate": "2012-02-24",
    "acceptedDate": "2012-02-24 13:07:49",
    "calendarYear": "2011",
    "period": "Q4",
    "revenue": 731100000,
    "costOfRevenue": 414600000,
    "grossProfit": 316500000,
    "grossProfitRatio": 0.4329093147,
    "researchAndDevelopmentExpenses": 0,
    "generalAndAdministrativeExpenses": 93500000,
    "sellingAndMarketingExpenses": 105600000,
    "sellingGeneralAndAdministrativeExpenses": 199100000,
    "otherExpenses": 0,
    "operatingExpenses": 199100000,
    "costAndExpenses": 613700000,
    "interestIncome": 500000,
    "interestExpense": 1200000,
    "depreciationAndAmortization": 18400000,
    "ebitda": 137600000,
    "ebitdaratio": 0.1882095473,
    "operatingIncome": 117400000,
    "operatingIncomeRatio": 0.160579948,
    "totalOtherIncomeExpensesNet": 600000,
    "incomeBeforeTax": 118000000,
    "incomeBeforeTaxRatio": 0.1614006292,
    "incomeTaxExpense": 54200000,
    "netIncome": 63800000,
    "netIncomeRatio": 0.0872657639,
    "eps": 0.22,
    "epsdiluted": 0.22,
    "weightedAverageShsOut": 285800000,
    "weightedAverageShsOutDil": 287400000,
    "link": "https://www.sec.gov/Archives/edgar/data/313927/000119312512077495/0001193125-12-077495-index.htm",
    "finalLink": "https://www.sec.gov/Archives/edgar/data/313927/000119312512077495/d259084d10k.htm"
  },
  {
    "date": "2011-09-30",
    "symbol": "CHD",
    "reportedCurrency": "USD",
    "cik": "0000313927",
    "fillingDate": "2011-11-04",
    "acceptedDate": "2011-11-04 12:01:53",
    "calendarYear": "2011",
    "period": "Q3",
    "revenue": 701000000,
    "costOfRevenue": 391100000,
    "grossProfit": 309900000,
    "grossProfitRatio": 0.4420827389,
    "researchAndDevelopmentExpenses": 0,
    "generalAndAdministrativeExpenses": 91800000,
    "sellingAndMarketingExpenses": 91800000,
    "sellingGeneralAndAdministrativeExpenses": 183600000,
    "otherExpenses": 0,
    "operatingExpenses": 183600000,
    "costAndExpenses": 574700000,
    "interestIncome": 600000,
    "interestExpense": 2200000,
    "depreciationAndAmortization": 19500000,
    "ebitda": 147700000,
    "ebitdaratio": 0.2106990014,
    "operatingIncome": 126300000,
    "operatingIncomeRatio": 0.180171184,
    "totalOtherIncomeExpensesNet": -300000,
    "incomeBeforeTax": 126000000,
    "incomeBeforeTaxRatio": 0.179743224,
    "incomeTaxExpense": 46400000,
    "netIncome": 79600000,
    "netIncomeRatio": 0.1135520685,
    "eps": 0.28,
    "epsdiluted": 0.27,
    "weightedAverageShsOut": 287400000,
    "weightedAverageShsOutDil": 292600000,
    "link": "https://www.sec.gov/Archives/edgar/data/313927/000119312511296806/0001193125-11-296806-index.htm",
    "finalLink": "https://www.sec.gov/Archives/edgar/data/313927/000119312511296806/d232177d10q.htm"
  },
  {
    "date": "2011-07-01",
    "symbol": "CHD",
    "reportedCurrency": "USD",
    "cik": "0000313927",
    "fillingDate": "2011-08-05",
    "acceptedDate": "2011-08-05 10:17:36",
    "calendarYear": "2011",
    "period": "Q2",
    "revenue": 674900000,
    "costOfRevenue": 374900000,
    "grossProfit": 300000000,
    "grossProfitRatio": 0.4445102978,
    "researchAndDevelopmentExpenses": 0,
    "generalAndAdministrativeExpenses": 94700000,
    "sellingAndMarketingExpenses": 87500000,
    "sellingGeneralAndAdministrativeExpenses": 182200000,
    "otherExpenses": 0,
    "operatingExpenses": 182200000,
    "costAndExpenses": 557100000,
    "interestIncome": 300000,
    "interestExpense": 2600000,
    "depreciationAndAmortization": 19800000,
    "ebitda": 141400000,
    "ebitdaratio": 0.2095125204,
    "operatingIncome": 117800000,
    "operatingIncomeRatio": 0.1745443769,
    "totalOtherIncomeExpensesNet": 1200000,
    "incomeBeforeTax": 119000000,
    "incomeBeforeTaxRatio": 0.1763224181,
    "incomeTaxExpense": 36400000,
    "netIncome": 82600000,
    "netIncomeRatio": 0.122388502,
    "eps": 0.29,
    "epsdiluted": 0.28,
    "weightedAverageShsOut": 286600000,
    "weightedAverageShsOutDil": 291800000,
    "link": "https://www.sec.gov/Archives/edgar/data/313927/000119312511211563/0001193125-11-211563-index.htm",
    "finalLink": "https://www.sec.gov/Archives/edgar/data/313927/000119312511211563/d10q.htm"
  },
  {
    "date": "2011-04-01",
    "symbol": "CHD",
    "reportedCurrency": "USD",
    "cik": "0000313927",
    "fillingDate": "2011-05-06",
    "acceptedDate": "2011-05-06 16:31:04",
    "calendarYear": "2011",
    "period": "Q1",
    "revenue": 642300000,
    "costOfRevenue": 354200000,
    "grossProfit": 288100000,
    "grossProfitRatio": 0.4485442939,
    "researchAndDevelopmentExpenses": 0,
    "generalAndAdministrativeExpenses": 87800000,
    "sellingAndMarketingExpenses": 69200000,
    "sellingGeneralAndAdministrativeExpenses": 157000000,
    "otherExpenses": 0,
    "operatingExpenses": 157000000,
    "costAndExpenses": 511200000,
    "interestIncome": 500000,
    "interestExpense": 2700000,
    "depreciationAndAmortization": 19400000,
    "ebitda": 153700000,
    "ebitdaratio": 0.239296279,
    "operatingIncome": 131100000,
    "operatingIncomeRatio": 0.2041102289,
    "totalOtherIncomeExpensesNet": 500000,
    "incomeBeforeTax": 131600000,
    "incomeBeforeTaxRatio": 0.2048886813,
    "incomeTaxExpense": 48000000,
    "netIncome": 83600000,
    "netIncomeRatio": 0.1301572474,
    "eps": 0.3,
    "epsdiluted": 0.29,
    "weightedAverageShsOut": 285600000,
    "weightedAverageShsOutDil": 290600000,
    "link": "https://www.sec.gov/Archives/edgar/data/313927/000119312511130807/0001193125-11-130807-index.htm",
    "finalLink": "https://www.sec.gov/Archives/edgar/data/313927/000119312511130807/d10q.htm"
  },
  {
    "date": "2010-12-31",
    "symbol": "CHD",
    "reportedCurrency": "USD",
    "cik": "0000313927",
    "fillingDate": "2011-02-24",
    "acceptedDate": "2011-02-24 16:54:55",
    "calendarYear": "2010",
    "period": "Q4",
    "revenue": 656879000,
    "costOfRevenue": 364433000,
    "grossProfit": 292446000,
    "grossProfitRatio": 0.4452052813,
    "researchAndDevelopmentExpenses": 0,
    "generalAndAdministrativeExpenses": 116354000,
    "sellingAndMarketingExpenses": 96038000,
    "sellingGeneralAndAdministrativeExpenses": 212392000,
    "otherExpenses": 0,
    "operatingExpenses": 212392000,
    "costAndExpenses": 576825000,
    "interestIncome": 0,
    "interestExpense": 6235000,
    "depreciationAndAmortization": 17134000,
    "ebitda": 94030000,
    "ebitdaratio": 0.1431466069,
    "operatingIncome": 80054000,
    "operatingIncomeRatio": 0.1218702379,
    "totalOtherIncomeExpensesNet": -9393000,
    "incomeBeforeTax": 70661000,
    "incomeBeforeTaxRatio": 0.1075708007,
    "incomeTaxExpense": 23687000,
    "netIncome": 46993000,
    "netIncomeRatio": 0.0715398117,
    "eps": 0.16,
    "epsdiluted": 0.16,
    "weightedAverageShsOut": 284600000,
    "weightedAverageShsOutDil": 288900000,
    "link": "https://www.sec.gov/Archives/edgar/data/313927/000119312511045474/0001193125-11-045474-index.htm",
    "finalLink": "https://www.sec.gov/Archives/edgar/data/313927/000119312511045474/d10k.htm"
  },
  {
    "date": "2010-10-01",
    "symbol": "CHD",
    "reportedCurrency": "USD",
    "cik": "0000313927",
    "fillingDate": "2010-11-09",
    "acceptedDate": "2010-11-09 12:54:55",
    "calendarYear": "2010",
    "period": "Q3",
    "revenue": 656901000,
    "costOfRevenue": 367900000,
    "grossProfit": 289000000,
    "grossProfitRatio": 0.4399445274,
    "researchAndDevelopmentExpenses": 0,
    "generalAndAdministrativeExpenses": 85800000,
    "sellingAndMarketingExpenses": 90215000,
    "sellingGeneralAndAdministrativeExpenses": 175984000,
    "otherExpenses": 0,
    "operatingExpenses": 175984000,
    "costAndExpenses": 543946000,
    "interestIncome": 200000,
    "interestExpense": 8052000,
    "depreciationAndAmortization": 18000000,
    "ebitda": 131900000,
    "ebitdaratio": 0.2007912912,
    "operatingIncome": 113000000,
    "operatingIncomeRatio": 0.1720198325,
    "totalOtherIncomeExpensesNet": -7055000,
    "incomeBeforeTax": 105831000,
    "incomeBeforeTaxRatio": 0.1611064681,
    "incomeTaxExpense": 36357000,
    "netIncome": 69500000,
    "netIncomeRatio": 0.1057998085,
    "eps": 0.25,
    "epsdiluted": 0.24,
    "weightedAverageShsOut": 284400000,
    "weightedAverageShsOutDil": 288800000,
    "link": "https://www.sec.gov/Archives/edgar/data/313927/000119312510253742/0001193125-10-253742-index.htm",
    "finalLink": "https://www.sec.gov/Archives/edgar/data/313927/000119312510253742/d10q.htm"
  },
  {
    "date": "2010-07-02",
    "symbol": "CHD",
    "reportedCurrency": "USD",
    "cik": "0000313927",
    "fillingDate": "2010-08-09",
    "acceptedDate": "2010-08-09 12:40:32",
    "calendarYear": "2010",
    "period": "Q2",
    "revenue": 640887000,
    "costOfRevenue": 350000000,
    "grossProfit": 290900000,
    "grossProfitRatio": 0.45390217,
    "researchAndDevelopmentExpenses": 0,
    "generalAndAdministrativeExpenses": 88100000,
    "sellingAndMarketingExpenses": 82786000,
    "sellingGeneralAndAdministrativeExpenses": 170895000,
    "otherExpenses": 0,
    "operatingExpenses": 170895000,
    "costAndExpenses": 520897000,
    "interestIncome": 100000,
    "interestExpense": 5326000,
    "depreciationAndAmortization": 18200000,
    "ebitda": 139900000,
    "ebitdaratio": 0.218291212,
    "operatingIncome": 120000000,
    "operatingIncomeRatio": 0.1872404964,
    "totalOtherIncomeExpensesNet": -3590000,
    "incomeBeforeTax": 116415000,
    "incomeBeforeTaxRatio": 0.1816466865,
    "incomeTaxExpense": 42142000,
    "netIncome": 74300000,
    "netIncomeRatio": 0.115933074,
    "eps": 0.26,
    "epsdiluted": 0.26,
    "weightedAverageShsOut": 284000000,
    "weightedAverageShsOutDil": 288800000,
    "link": "https://www.sec.gov/Archives/edgar/data/313927/000119312510182906/0001193125-10-182906-index.htm",
    "finalLink": "https://www.sec.gov/Archives/edgar/data/313927/000119312510182906/d10q.htm"
  },
  {
    "date": "2010-04-02",
    "symbol": "CHD",
    "reportedCurrency": "USD",
    "cik": "0000313927",
    "fillingDate": "2010-05-11",
    "acceptedDate": "2010-05-11 16:43:30",
    "calendarYear": "2010",
    "period": "Q1",
    "revenue": 634553000,
    "costOfRevenue": 349100000,
    "grossProfit": 285500000,
    "grossProfitRatio": 0.4499230167,
    "researchAndDevelopmentExpenses": 0,
    "generalAndAdministrativeExpenses": 84600000,
    "sellingAndMarketingExpenses": 68939000,
    "sellingGeneralAndAdministrativeExpenses": 153541000,
    "otherExpenses": 0,
    "operatingExpenses": 153541000,
    "costAndExpenses": 502599000,
    "interestIncome": 100000,
    "interestExpense": 8164000,
    "depreciationAndAmortization": 18200000,
    "ebitda": 151800000,
    "ebitdaratio": 0.2392235164,
    "operatingIncome": 132000000,
    "operatingIncomeRatio": 0.208020449,
    "totalOtherIncomeExpensesNet": -6554000,
    "incomeBeforeTax": 125349000,
    "incomeBeforeTaxRatio": 0.1975390551,
    "incomeTaxExpense": 45376000,
    "netIncome": 80000000,
    "netIncomeRatio": 0.1260729994,
    "eps": 0.28,
    "epsdiluted": 0.28,
    "weightedAverageShsOut": 283200000,
    "weightedAverageShsOutDil": 288000000,
    "link": "https://www.sec.gov/Archives/edgar/data/313927/000119312510116246/0001193125-10-116246-index.htm",
    "finalLink": "https://www.sec.gov/Archives/edgar/data/313927/000119312510116246/d10q.htm"
  },
  {
    "date": "2009-12-31",
    "symbol": "CHD",
    "reportedCurrency": "USD",
    "cik": "0000313927",
    "fillingDate": "2010-02-24",
    "acceptedDate": "2010-02-24 16:55:45",
    "calendarYear": "2009",
    "period": "Q4",
    "revenue": 670779000,
    "costOfRevenue": 385583000,
    "grossProfit": 285196000,
    "grossProfitRatio": 0.4251713306,
    "researchAndDevelopmentExpenses": 0,
    "generalAndAdministrativeExpenses": 120581000,
    "sellingAndMarketingExpenses": 93286000,
    "sellingGeneralAndAdministrativeExpenses": 213867000,
    "otherExpenses": -20000000,
    "operatingExpenses": 193867000,
    "costAndExpenses": 579450000,
    "interestIncome": 0,
    "interestExpense": 8979000,
    "depreciationAndAmortization": 20461000,
    "ebitda": 114532000,
    "ebitdaratio": 0.1707447609,
    "operatingIncome": 91329000,
    "operatingIncomeRatio": 0.1361536363,
    "totalOtherIncomeExpensesNet": -6237000,
    "incomeBeforeTax": 85092000,
    "incomeBeforeTaxRatio": 0.1268554919,
    "incomeTaxExpense": 32328000,
    "netIncome": 52780000,
    "netIncomeRatio": 0.0786846338,
    "eps": 0.18,
    "epsdiluted": 0.18,
    "weightedAverageShsOut": 282080000,
    "weightedAverageShsOutDil": 286500000,
    "link": "https://www.sec.gov/Archives/edgar/data/313927/000119312510038997/0001193125-10-038997-index.htm",
    "finalLink": "https://www.sec.gov/Archives/edgar/data/313927/000119312510038997/d10k.htm"
  },
  {
    "date": "2009-09-25",
    "symbol": "CHD",
    "reportedCurrency": "USD",
    "cik": "0000313927",
    "fillingDate": "2009-11-03",
    "acceptedDate": "2009-11-03 16:59:08",
    "calendarYear": "2009",
    "period": "Q3",
    "revenue": 646157000,
    "costOfRevenue": 361272000,
    "grossProfit": 284885000,
    "grossProfitRatio": 0.4408913004,
    "researchAndDevelopmentExpenses": 0,
    "generalAndAdministrativeExpenses": 66759000,
    "sellingAndMarketingExpenses": 100225000,
    "sellingGeneralAndAdministrativeExpenses": 166984000,
    "otherExpenses": 0,
    "operatingExpenses": 166984000,
    "costAndExpenses": 528256000,
    "interestIncome": 0,
    "interestExpense": 8609000,
    "depreciationAndAmortization": 21285000,
    "ebitda": 142561000,
    "ebitdaratio": 0.2206290422,
    "operatingIncome": 117901000,
    "operatingIncomeRatio": 0.1824649427,
    "totalOtherIncomeExpensesNet": -5234000,
    "incomeBeforeTax": 112667000,
    "incomeBeforeTaxRatio": 0.1743647442,
    "incomeTaxExpense": 42643000,
    "netIncome": 70028000,
    "netIncomeRatio": 0.1083761377,
    "eps": 0.25,
    "epsdiluted": 0.25,
    "weightedAverageShsOut": 281676000,
    "weightedAverageShsOutDil": 286496000,
    "link": "https://www.sec.gov/Archives/edgar/data/313927/000031392709000032/0000313927-09-000032-index.htm",
    "finalLink": "https://www.sec.gov/Archives/edgar/data/313927/000031392709000032/form10q3q2009.htm"
  },
  {
    "date": "2009-06-26",
    "symbol": "CHD",
    "reportedCurrency": "USD",
    "cik": "0000313927",
    "fillingDate": "2009-08-04",
    "acceptedDate": "2009-08-04 14:44:10",
    "calendarYear": "2009",
    "period": "Q2",
    "revenue": 623119000,
    "costOfRevenue": 341568000,
    "grossProfit": 281551000,
    "grossProfitRatio": 0.4518414621,
    "researchAndDevelopmentExpenses": 0,
    "generalAndAdministrativeExpenses": 88845000,
    "sellingAndMarketingExpenses": 93704000,
    "sellingGeneralAndAdministrativeExpenses": 182549000,
    "otherExpenses": 0,
    "operatingExpenses": 182549000,
    "costAndExpenses": 524117000,
    "interestIncome": 0,
    "interestExpense": 9231000,
    "depreciationAndAmortization": 21936000,
    "ebitda": 126152000,
    "ebitdaratio": 0.202452501,
    "operatingIncome": 99002000,
    "operatingIncomeRatio": 0.1588813694,
    "totalOtherIncomeExpensesNet": -4017000,
    "incomeBeforeTax": 94985000,
    "incomeBeforeTaxRatio": 0.1524347677,
    "incomeTaxExpense": 36828000,
    "netIncome": 58156000,
    "netIncomeRatio": 0.0933304874,
    "eps": 0.21,
    "epsdiluted": 0.2,
    "weightedAverageShsOut": 281368000,
    "weightedAverageShsOutDil": 285712000,
    "link": "https://www.sec.gov/Archives/edgar/data/313927/000119312509163610/0001193125-09-163610-index.htm",
    "finalLink": "https://www.sec.gov/Archives/edgar/data/313927/000119312509163610/d10q.htm"
  },
  {
    "date": "2009-03-27",
    "symbol": "CHD",
    "reportedCurrency": "USD",
    "cik": "0000313927",
    "fillingDate": "2009-05-05",
    "acceptedDate": "2009-05-05 17:29:06",
    "calendarYear": "2009",
    "period": "Q1",
    "revenue": 580867000,
    "costOfRevenue": 331509000,
    "grossProfit": 249358000,
    "grossProfitRatio": 0.4292858778,
    "researchAndDevelopmentExpenses": 0,
    "generalAndAdministrativeExpenses": 78325000,
    "sellingAndMarketingExpenses": 66373000,
    "sellingGeneralAndAdministrativeExpenses": 144698000,
    "otherExpenses": 0,
    "operatingExpenses": 144698000,
    "costAndExpenses": 476207000,
    "interestIncome": 0,
    "interestExpense": 8749000,
    "depreciationAndAmortization": 21670000,
    "ebitda": 129911000,
    "ebitdaratio": 0.2236501643,
    "operatingIncome": 104660000,
    "operatingIncomeRatio": 0.1801789394,
    "totalOtherIncomeExpensesNet": -5168000,
    "incomeBeforeTax": 99492000,
    "incomeBeforeTaxRatio": 0.1712818941,
    "incomeTaxExpense": 36916000,
    "netIncome": 62562000,
    "netIncomeRatio": 0.1077045176,
    "eps": 0.22,
    "epsdiluted": 0.22,
    "weightedAverageShsOut": 280936000,
    "weightedAverageShsOutDil": 285248000,
    "link": "https://www.sec.gov/Archives/edgar/data/313927/000114036109011093/0001140361-09-011093-index.htm",
    "finalLink": "https://www.sec.gov/Archives/edgar/data/313927/000114036109011093/chd10q1q2009.htm"
  },
  {
    "date": "2008-12-31",
    "symbol": "CHD",
    "reportedCurrency": "USD",
    "cik": "0000313927",
    "fillingDate": "2009-02-24",
    "acceptedDate": "2009-02-24 15:41:30",
    "calendarYear": "2008",
    "period": "Q4",
    "revenue": 644900000,
    "costOfRevenue": 390862000,
    "grossProfit": 254038000,
    "grossProfitRatio": 0.393918437,
    "researchAndDevelopmentExpenses": 0,
    "generalAndAdministrativeExpenses": 0,
    "sellingAndMarketingExpenses": 240645000,
    "sellingGeneralAndAdministrativeExpenses": 173899000,
    "otherExpenses": 0,
    "operatingExpenses": 173899000,
    "costAndExpenses": 564761000,
    "interestIncome": 0,
    "interestExpense": 0,
    "depreciationAndAmortization": 19386000,
    "ebitda": 114390000,
    "ebitdaratio": 0.1773763374,
    "operatingIncome": 80139000,
    "operatingIncomeRatio": 0.1242657776,
    "totalOtherIncomeExpensesNet": -9378000,
    "incomeBeforeTax": 70761000,
    "incomeBeforeTaxRatio": 0.1097239882,
    "incomeTaxExpense": 26532000,
    "netIncome": 44229000,
    "netIncomeRatio": 0.068582726,
    "eps": 0.16,
    "epsdiluted": 0.16,
    "weightedAverageShsOut": 280648000,
    "weightedAverageShsOutDil": 285200000,
    "link": "https://www.sec.gov/Archives/edgar/data/313927/000119312509036152/0001193125-09-036152-index.htm",
    "finalLink": "https://www.sec.gov/Archives/edgar/data/313927/000119312509036152/d10k.htm"
  },
  {
    "date": "2008-09-26",
    "symbol": "CHD",
    "reportedCurrency": "USD",
    "cik": "0000313927",
    "fillingDate": "2008-11-04",
    "acceptedDate": "2008-11-04 14:20:37",
    "calendarYear": "2008",
    "period": "Q3",
    "revenue": 630672000,
    "costOfRevenue": 379578000,
    "grossProfit": 251094000,
    "grossProfitRatio": 0.3981372251,
    "researchAndDevelopmentExpenses": 0,
    "generalAndAdministrativeExpenses": 85806000,
    "sellingAndMarketingExpenses": 79740000,
    "sellingGeneralAndAdministrativeExpenses": 165546000,
    "otherExpenses": 0,
    "operatingExpenses": 165546000,
    "costAndExpenses": 545124000,
    "interestIncome": 0,
    "interestExpense": 11577000,
    "depreciationAndAmortization": 20367000,
    "ebitda": 106584000,
    "ebitdaratio": 0.169000685,
    "operatingIncome": 85548000,
    "operatingIncomeRatio": 0.1356457874,
    "totalOtherIncomeExpensesNet": -10908000,
    "incomeBeforeTax": 74640000,
    "incomeBeforeTaxRatio": 0.1183499505,
    "incomeTaxExpense": 25651000,
    "netIncome": 48989000,
    "netIncomeRatio": 0.0776774615,
    "eps": 0.18,
    "epsdiluted": 0.17,
    "weightedAverageShsOut": 273600000,
    "weightedAverageShsOutDil": 285084000,
    "link": "https://www.sec.gov/Archives/edgar/data/313927/000031392708000556/0000313927-08-000556-index.htm",
    "finalLink": "https://www.sec.gov/Archives/edgar/data/313927/000031392708000556/form10q3q2008.htm"
  },
  {
    "date": "2008-06-27",
    "symbol": "CHD",
    "reportedCurrency": "USD",
    "cik": "0000313927",
    "fillingDate": "2008-08-04",
    "acceptedDate": "2008-08-04 17:01:06",
    "calendarYear": "2008",
    "period": "Q2",
    "revenue": 593959000,
    "costOfRevenue": 351479000,
    "grossProfit": 242480000,
    "grossProfitRatio": 0.4082436667,
    "researchAndDevelopmentExpenses": 0,
    "generalAndAdministrativeExpenses": 81427000,
    "sellingAndMarketingExpenses": 79170000,
    "sellingGeneralAndAdministrativeExpenses": 160597000,
    "otherExpenses": 0,
    "operatingExpenses": 160597000,
    "costAndExpenses": 512076000,
    "interestIncome": 0,
    "interestExpense": 10638000,
    "depreciationAndAmortization": 16439000,
    "ebitda": 102531000,
    "ebitdaratio": 0.1726230262,
    "operatingIncome": 81883000,
    "operatingIncomeRatio": 0.1378596839,
    "totalOtherIncomeExpensesNet": -6429000,
    "incomeBeforeTax": 75454000,
    "incomeBeforeTaxRatio": 0.1270357045,
    "incomeTaxExpense": 29684000,
    "netIncome": 45765000,
    "netIncomeRatio": 0.0770507729,
    "eps": 0.17,
    "epsdiluted": 0.17,
    "weightedAverageShsOut": 266296000,
    "weightedAverageShsOutDil": 284268000,
    "link": "https://www.sec.gov/Archives/edgar/data/313927/000031392708000406/0000313927-08-000406-index.htm",
    "finalLink": "https://www.sec.gov/Archives/edgar/data/313927/000031392708000406/form10q2q2008.htm"
  },
  {
    "date": "2008-03-28",
    "symbol": "CHD",
    "reportedCurrency": "USD",
    "cik": "0000313927",
    "fillingDate": "2008-05-06",
    "acceptedDate": "2008-05-06 16:17:10",
    "calendarYear": "2008",
    "period": "Q1",
    "revenue": 552867000,
    "costOfRevenue": 328761000,
    "grossProfit": 224106000,
    "grossProfitRatio": 0.4053524627,
    "researchAndDevelopmentExpenses": 0,
    "generalAndAdministrativeExpenses": 77859000,
    "sellingAndMarketingExpenses": 53485000,
    "sellingGeneralAndAdministrativeExpenses": 131344000,
    "otherExpenses": 0,
    "operatingExpenses": 131344000,
    "costAndExpenses": 460105000,
    "interestIncome": 0,
    "interestExpense": 0,
    "depreciationAndAmortization": 15212000,
    "ebitda": 107974000,
    "ebitdaratio": 0.1952983267,
    "operatingIncome": 92762000,
    "operatingIncomeRatio": 0.1677835718,
    "totalOtherIncomeExpensesNet": -5360000,
    "incomeBeforeTax": 87402000,
    "incomeBeforeTaxRatio": 0.1580886542,
    "incomeTaxExpense": 31211000,
    "netIncome": 56191000,
    "netIncomeRatio": 0.1016356556,
    "eps": 0.21,
    "epsdiluted": 0.2,
    "weightedAverageShsOut": 265372000,
    "weightedAverageShsOutDil": 283268000,
    "link": "https://www.sec.gov/Archives/edgar/data/313927/000031392708000221/0000313927-08-000221-index.htm",
    "finalLink": "https://www.sec.gov/Archives/edgar/data/313927/000031392708000221/chd10q-q12008.htm"
  },
  {
    "date": "2007-12-31",
    "symbol": "CHD",
    "reportedCurrency": "USD",
    "cik": "0000313927",
    "fillingDate": "2008-02-27",
    "acceptedDate": "2008-02-27 14:03:19",
    "calendarYear": "2007",
    "period": "Q4",
    "revenue": 579695000,
    "costOfRevenue": 357773000,
    "grossProfit": 221922000,
    "grossProfitRatio": 0.3828254513,
    "researchAndDevelopmentExpenses": 0,
    "generalAndAdministrativeExpenses": 0,
    "sellingAndMarketingExpenses": 256743000,
    "sellingGeneralAndAdministrativeExpenses": 164196000,
    "otherExpenses": 0,
    "operatingExpenses": 164376000,
    "costAndExpenses": 522149000,
    "interestIncome": 0,
    "interestExpense": 0,
    "depreciationAndAmortization": 13574000,
    "ebitda": 71120000,
    "ebitdaratio": 0.1226852052,
    "operatingIncome": 57726000,
    "operatingIncomeRatio": 0.0995799515,
    "totalOtherIncomeExpensesNet": -8599000,
    "incomeBeforeTax": 49127000,
    "incomeBeforeTaxRatio": 0.084746289,
    "incomeTaxExpense": 17450000,
    "netIncome": 31677000,
    "netIncomeRatio": 0.0546442526,
    "eps": 0.11,
    "epsdiluted": 0.11,
    "weightedAverageShsOut": 283300000,
    "weightedAverageShsOutDil": 283300000,
    "link": "https://www.sec.gov/Archives/edgar/data/313927/000119312508039878/0001193125-08-039878-index.htm",
    "finalLink": "https://www.sec.gov/Archives/edgar/data/313927/000119312508039878/d10k.htm"
  },
  {
    "date": "2007-09-28",
    "symbol": "CHD",
    "reportedCurrency": "USD",
    "cik": "0000313927",
    "fillingDate": "2007-11-06",
    "acceptedDate": "2007-11-06 16:42:13",
    "calendarYear": "2007",
    "period": "Q3",
    "revenue": 580438000,
    "costOfRevenue": 351031000,
    "grossProfit": 229407000,
    "grossProfitRatio": 0.3952308429,
    "researchAndDevelopmentExpenses": 0,
    "generalAndAdministrativeExpenses": 0,
    "sellingAndMarketingExpenses": 69700000,
    "sellingGeneralAndAdministrativeExpenses": 140792000,
    "otherExpenses": 0,
    "operatingExpenses": 140792000,
    "costAndExpenses": 491823000,
    "interestIncome": 0,
    "interestExpense": 0,
    "depreciationAndAmortization": 14064000,
    "ebitda": 102679000,
    "ebitdaratio": 0.1768991692,
    "operatingIncome": 88615000,
    "operatingIncomeRatio": 0.1526691912,
    "totalOtherIncomeExpensesNet": -9387000,
    "incomeBeforeTax": 79228000,
    "incomeBeforeTaxRatio": 0.1364969213,
    "incomeTaxExpense": 27512000,
    "netIncome": 51716000,
    "netIncomeRatio": 0.0890982327,
    "eps": 0.2,
    "epsdiluted": 0.19,
    "weightedAverageShsOut": 263652000,
    "weightedAverageShsOutDil": 281364000,
    "link": "https://www.sec.gov/Archives/edgar/data/313927/000119312507236794/0001193125-07-236794-index.htm",
    "finalLink": "https://www.sec.gov/Archives/edgar/data/313927/000119312507236794/d10q.htm"
  },
  {
    "date": "2007-06-29",
    "symbol": "CHD",
    "reportedCurrency": "USD",
    "cik": "0000313927",
    "fillingDate": "2007-08-07",
    "acceptedDate": "2007-08-07 14:10:00",
    "calendarYear": "2007",
    "period": "Q2",
    "revenue": 546472000,
    "costOfRevenue": 329779000,
    "grossProfit": 216693000,
    "grossProfitRatio": 0.3965308378,
    "researchAndDevelopmentExpenses": 0,
    "generalAndAdministrativeExpenses": 0,
    "sellingAndMarketingExpenses": 66102000,
    "sellingGeneralAndAdministrativeExpenses": 140143000,
    "otherExpenses": 0,
    "operatingExpenses": 140143000,
    "costAndExpenses": 469922000,
    "interestIncome": 0,
    "interestExpense": 0,
    "depreciationAndAmortization": 14419000,
    "ebitda": 90969000,
    "ebitdaratio": 0.1664659854,
    "operatingIncome": 76550000,
    "operatingIncomeRatio": 0.1400803701,
    "totalOtherIncomeExpensesNet": -10406000,
    "incomeBeforeTax": 66144000,
    "incomeBeforeTaxRatio": 0.1210382234,
    "incomeTaxExpense": 25611000,
    "netIncome": 40533000,
    "netIncomeRatio": 0.0741721442,
    "eps": 0.16,
    "epsdiluted": 0.15,
    "weightedAverageShsOut": 263216000,
    "weightedAverageShsOutDil": 281288000,
    "link": "https://www.sec.gov/Archives/edgar/data/313927/000119312507173469/0001193125-07-173469-index.htm",
    "finalLink": "https://www.sec.gov/Archives/edgar/data/313927/000119312507173469/d10q.htm"
  },
  {
    "date": "2007-03-30",
    "symbol": "CHD",
    "reportedCurrency": "USD",
    "cik": "0000313927",
    "fillingDate": "2007-05-08",
    "acceptedDate": "2007-05-08 15:19:15",
    "calendarYear": "2007",
    "period": "Q1",
    "revenue": 514335000,
    "costOfRevenue": 314459000,
    "grossProfit": 199876000,
    "grossProfitRatio": 0.3886105359,
    "researchAndDevelopmentExpenses": 0,
    "generalAndAdministrativeExpenses": 0,
    "sellingAndMarketingExpenses": 45852000,
    "sellingGeneralAndAdministrativeExpenses": 117733000,
    "otherExpenses": 0,
    "operatingExpenses": 117733000,
    "costAndExpenses": 432192000,
    "interestIncome": 0,
    "interestExpense": 0,
    "depreciationAndAmortization": 14614000,
    "ebitda": 96757000,
    "ebitdaratio": 0.1881205829,
    "operatingIncome": 82143000,
    "operatingIncomeRatio": 0.1597071947,
    "totalOtherIncomeExpensesNet": -11717000,
    "incomeBeforeTax": 70426000,
    "incomeBeforeTaxRatio": 0.1369263223,
    "incomeTaxExpense": 25327000,
    "netIncome": 45099000,
    "netIncomeRatio": 0.0876840969,
    "eps": 0.17,
    "epsdiluted": 0.17,
    "weightedAverageShsOut": 262280000,
    "weightedAverageShsOutDil": 280096000,
    "link": "https://www.sec.gov/Archives/edgar/data/313927/000119312507105924/0001193125-07-105924-index.htm",
    "finalLink": "https://www.sec.gov/Archives/edgar/data/313927/000119312507105924/d10q.htm"
  },
  {
    "date": "2006-12-31",
    "symbol": "CHD",
    "reportedCurrency": "USD",
    "cik": "0000313927",
    "fillingDate": "2007-02-26",
    "acceptedDate": "2007-02-26 17:15:16",
    "calendarYear": "2006",
    "period": "Q4",
    "revenue": 526108000,
    "costOfRevenue": 321716000,
    "grossProfit": 204392000,
    "grossProfitRatio": 0.3884981791,
    "researchAndDevelopmentExpenses": 0,
    "generalAndAdministrativeExpenses": 0,
    "sellingAndMarketingExpenses": 216661000,
    "sellingGeneralAndAdministrativeExpenses": 160155000,
    "otherExpenses": 0,
    "operatingExpenses": 160155000,
    "costAndExpenses": 481871000,
    "interestIncome": 0,
    "interestExpense": 0,
    "depreciationAndAmortization": 13585000,
    "ebitda": 57822000,
    "ebitdaratio": 0.1099051906,
    "operatingIncome": 44237000,
    "operatingIncomeRatio": 0.0840834962,
    "totalOtherIncomeExpensesNet": -12311000,
    "incomeBeforeTax": 31926000,
    "incomeBeforeTaxRatio": 0.0606833578,
    "incomeTaxExpense": 8016000,
    "netIncome": 23910000,
    "netIncomeRatio": 0.0454469425,
    "eps": 0.0854,
    "epsdiluted": 0.0854,
    "weightedAverageShsOut": 280100000,
    "weightedAverageShsOutDil": 280100000,
    "link": "https://www.sec.gov/Archives/edgar/data/313927/000119312507039869/0001193125-07-039869-index.htm",
    "finalLink": "https://www.sec.gov/Archives/edgar/data/313927/000119312507039869/d10k.htm"
  },
  {
    "date": "2006-09-29",
    "symbol": "CHD",
    "reportedCurrency": "USD",
    "cik": "0000313927",
    "fillingDate": "2006-11-07",
    "acceptedDate": "2006-11-07 15:25:56",
    "calendarYear": "2006",
    "period": "Q3",
    "revenue": 518578000,
    "costOfRevenue": 315618000,
    "grossProfit": 202960000,
    "grossProfitRatio": 0.3913779605,
    "researchAndDevelopmentExpenses": 0,
    "generalAndAdministrativeExpenses": 0,
    "sellingAndMarketingExpenses": 62620000,
    "sellingGeneralAndAdministrativeExpenses": 134071000,
    "otherExpenses": 0,
    "operatingExpenses": 134071000,
    "costAndExpenses": 449689000,
    "interestIncome": 0,
    "interestExpense": 0,
    "depreciationAndAmortization": 13219000,
    "ebitda": 82108000,
    "ebitdaratio": 0.1583329798,
    "operatingIncome": 68889000,
    "operatingIncomeRatio": 0.1328421183,
    "totalOtherIncomeExpensesNet": -12282000,
    "incomeBeforeTax": 56607000,
    "incomeBeforeTaxRatio": 0.1091581209,
    "incomeTaxExpense": 17943000,
    "netIncome": 38664000,
    "netIncomeRatio": 0.0745577329,
    "eps": 0.15,
    "epsdiluted": 0.14,
    "weightedAverageShsOut": 259864000,
    "weightedAverageShsOutDil": 276260000,
    "link": "https://www.sec.gov/Archives/edgar/data/313927/000119312506226557/0001193125-06-226557-index.htm",
    "finalLink": "https://www.sec.gov/Archives/edgar/data/313927/000119312506226557/d10q.htm"
  },
  {
    "date": "2006-06-30",
    "symbol": "CHD",
    "reportedCurrency": "USD",
    "cik": "0000313927",
    "fillingDate": "2006-08-08",
    "acceptedDate": "2006-08-08 13:02:44",
    "calendarYear": "2006",
    "period": "Q2",
    "revenue": 458584000,
    "costOfRevenue": 273791000,
    "grossProfit": 184793000,
    "grossProfitRatio": 0.4029643424,
    "researchAndDevelopmentExpenses": 0,
    "generalAndAdministrativeExpenses": 0,
    "sellingAndMarketingExpenses": 54230000,
    "sellingGeneralAndAdministrativeExpenses": 118137000,
    "otherExpenses": 0,
    "operatingExpenses": 118137000,
    "costAndExpenses": 391928000,
    "interestIncome": 0,
    "interestExpense": 0,
    "depreciationAndAmortization": 12439000,
    "ebitda": 79095000,
    "ebitdaratio": 0.1724765801,
    "operatingIncome": 66656000,
    "operatingIncomeRatio": 0.1453517785,
    "totalOtherIncomeExpensesNet": -8344000,
    "incomeBeforeTax": 58312000,
    "incomeBeforeTaxRatio": 0.1271566387,
    "incomeTaxExpense": 21906000,
    "netIncome": 36406000,
    "netIncomeRatio": 0.0793878548,
    "eps": 0.14,
    "epsdiluted": 0.14,
    "weightedAverageShsOut": 258808000,
    "weightedAverageShsOutDil": 275072000,
    "link": "https://www.sec.gov/Archives/edgar/data/313927/000119312506165281/0001193125-06-165281-index.htm",
    "finalLink": "https://www.sec.gov/Archives/edgar/data/313927/000119312506165281/d10q.htm"
  },
  {
    "date": "2006-03-31",
    "symbol": "CHD",
    "reportedCurrency": "USD",
    "cik": "0000313927",
    "fillingDate": "2006-05-09",
    "acceptedDate": "2006-05-09 17:10:07",
    "calendarYear": "2006",
    "period": "Q1",
    "revenue": 442391000,
    "costOfRevenue": 273399000,
    "grossProfit": 168992000,
    "grossProfitRatio": 0.3819969213,
    "researchAndDevelopmentExpenses": 0,
    "generalAndAdministrativeExpenses": 0,
    "sellingAndMarketingExpenses": 33324000,
    "sellingGeneralAndAdministrativeExpenses": 96672000,
    "otherExpenses": 0,
    "operatingExpenses": 96672000,
    "costAndExpenses": 370071000,
    "interestIncome": 0,
    "interestExpense": 0,
    "depreciationAndAmortization": 12484000,
    "ebitda": 84804000,
    "ebitdaratio": 0.1916946773,
    "operatingIncome": 72320000,
    "operatingIncomeRatio": 0.1634752967,
    "totalOtherIncomeExpensesNet": -6067000,
    "incomeBeforeTax": 66253000,
    "incomeBeforeTaxRatio": 0.1497611841,
    "incomeTaxExpense": 26306000,
    "netIncome": 39947000,
    "netIncomeRatio": 0.0902979491,
    "eps": 0.16,
    "epsdiluted": 0.15,
    "weightedAverageShsOut": 257912000,
    "weightedAverageShsOutDil": 274196000,
    "link": "https://www.sec.gov/Archives/edgar/data/313927/000119312506105628/0001193125-06-105628-index.htm",
    "finalLink": "https://www.sec.gov/Archives/edgar/data/313927/000119312506105628/d10q.htm"
  },
  {
    "date": "2005-12-31",
    "symbol": "CHD",
    "reportedCurrency": "USD",
    "cik": "0000313927",
    "fillingDate": "2006-03-13",
    "acceptedDate": "2006-03-13 15:20:24",
    "calendarYear": "2005",
    "period": "Q4",
    "revenue": 431274000,
    "costOfRevenue": 290942000,
    "grossProfit": 140332000,
    "grossProfitRatio": 0.3253894276,
    "researchAndDevelopmentExpenses": 0,
    "generalAndAdministrativeExpenses": 0,
    "sellingAndMarketingExpenses": 0,
    "sellingGeneralAndAdministrativeExpenses": 108427000,
    "otherExpenses": 0,
    "operatingExpenses": 108427000,
    "costAndExpenses": 399369000,
    "interestIncome": 0,
    "interestExpense": 0,
    "depreciationAndAmortization": 10736000,
    "ebitda": 42641000,
    "ebitdaratio": 0.0988721787,
    "operatingIncome": 31905000,
    "operatingIncomeRatio": 0.0739784916,
    "totalOtherIncomeExpensesNet": -11098000,
    "incomeBeforeTax": 20807000,
    "incomeBeforeTaxRatio": 0.048245431,
    "incomeTaxExpense": 4671000,
    "netIncome": 16227000,
    "netIncomeRatio": 0.0376257321,
    "eps": 0.0629,
    "epsdiluted": 0.0629,
    "weightedAverageShsOut": 257336000,
    "weightedAverageShsOutDil": 257912000,
    "link": "https://www.sec.gov/Archives/edgar/data/313927/000119312506052189/0001193125-06-052189-index.htm",
    "finalLink": "https://www.sec.gov/Archives/edgar/data/313927/000119312506052189/d10k.htm"
  },
  {
    "date": "2005-09-30",
    "symbol": "CHD",
    "reportedCurrency": "USD",
    "cik": "0000313927",
    "fillingDate": "2005-11-08",
    "acceptedDate": "2005-11-08 16:52:08",
    "calendarYear": "2005",
    "period": "Q3",
    "revenue": 442743000,
    "costOfRevenue": 275213000,
    "grossProfit": 167530000,
    "grossProfitRatio": 0.3783910756,
    "researchAndDevelopmentExpenses": 0,
    "generalAndAdministrativeExpenses": 0,
    "sellingAndMarketingExpenses": 51989000,
    "sellingGeneralAndAdministrativeExpenses": 113641000,
    "otherExpenses": 0,
    "operatingExpenses": 113641000,
    "costAndExpenses": 388854000,
    "interestIncome": 0,
    "interestExpense": 0,
    "depreciationAndAmortization": 11308000,
    "ebitda": 65197000,
    "ebitdaratio": 0.1472569866,
    "operatingIncome": 53889000,
    "operatingIncomeRatio": 0.1217162101,
    "totalOtherIncomeExpensesNet": -9777000,
    "incomeBeforeTax": 44112000,
    "incomeBeforeTaxRatio": 0.0996334216,
    "incomeTaxExpense": 9514000,
    "netIncome": 34598000,
    "netIncomeRatio": 0.0781446573,
    "eps": 0.14,
    "epsdiluted": 0.13,
    "weightedAverageShsOut": 256408000,
    "weightedAverageShsOutDil": 278136000,
    "link": "https://www.sec.gov/Archives/edgar/data/313927/000119312505219870/0001193125-05-219870-index.htm",
    "finalLink": "https://www.sec.gov/Archives/edgar/data/313927/000119312505219870/d10q.htm"
  },
  {
    "date": "2005-07-01",
    "symbol": "CHD",
    "reportedCurrency": "USD",
    "cik": "0000313927",
    "fillingDate": "2005-08-09",
    "acceptedDate": "2005-08-09 17:28:31",
    "calendarYear": "2005",
    "period": "Q2",
    "revenue": 441815000,
    "costOfRevenue": 272914000,
    "grossProfit": 168901000,
    "grossProfitRatio": 0.3822889671,
    "researchAndDevelopmentExpenses": 0,
    "generalAndAdministrativeExpenses": 0,
    "sellingAndMarketingExpenses": 0,
    "sellingGeneralAndAdministrativeExpenses": 109071000,
    "otherExpenses": 0,
    "operatingExpenses": 109071000,
    "costAndExpenses": 381985000,
    "interestIncome": 0,
    "interestExpense": 0,
    "depreciationAndAmortization": 11219000,
    "ebitda": 71049000,
    "ebitdaratio": 0.1608116519,
    "operatingIncome": 59830000,
    "operatingIncomeRatio": 0.1354186707,
    "totalOtherIncomeExpensesNet": -7730000,
    "incomeBeforeTax": 52092000,
    "incomeBeforeTaxRatio": 0.1179045528,
    "incomeTaxExpense": 17720000,
    "netIncome": 34380000,
    "netIncomeRatio": 0.0778153752,
    "eps": 0.14,
    "epsdiluted": 0.13,
    "weightedAverageShsOut": 254684000,
    "weightedAverageShsOutDil": 276888000,
    "link": "https://www.sec.gov/Archives/edgar/data/313927/000119312505162843/0001193125-05-162843-index.htm",
    "finalLink": "https://www.sec.gov/Archives/edgar/data/313927/000119312505162843/d10q.htm"
  },
  {
    "date": "2005-04-01",
    "symbol": "CHD",
    "reportedCurrency": "USD",
    "cik": "0000313927",
    "fillingDate": "2005-05-10",
    "acceptedDate": "2005-05-10 17:20:15",
    "calendarYear": "2005",
    "period": "Q1",
    "revenue": 420674000,
    "costOfRevenue": 260437000,
    "grossProfit": 160237000,
    "grossProfitRatio": 0.3809054042,
    "researchAndDevelopmentExpenses": 0,
    "generalAndAdministrativeExpenses": 0,
    "sellingAndMarketingExpenses": 37647000,
    "sellingGeneralAndAdministrativeExpenses": 93085000,
    "otherExpenses": 0,
    "operatingExpenses": 93085000,
    "costAndExpenses": 353522000,
    "interestIncome": 0,
    "interestExpense": 0,
    "depreciationAndAmortization": 10895000,
    "ebitda": 78047000,
    "ebitdaratio": 0.1855284615,
    "operatingIncome": 67152000,
    "operatingIncomeRatio": 0.1596295469,
    "totalOtherIncomeExpensesNet": -9288000,
    "incomeBeforeTax": 57864000,
    "incomeBeforeTaxRatio": 0.1375506925,
    "incomeTaxExpense": 20163000,
    "netIncome": 37701000,
    "netIncomeRatio": 0.0896204662,
    "eps": 0.15,
    "epsdiluted": 0.14,
    "weightedAverageShsOut": 253284000,
    "weightedAverageShsOutDil": 276008000,
    "link": "https://www.sec.gov/Archives/edgar/data/313927/000119312505103006/0001193125-05-103006-index.htm",
    "finalLink": "https://www.sec.gov/Archives/edgar/data/313927/000119312505103006/d10q.htm"
  },
  {
    "date": "2004-12-31",
    "symbol": "CHD",
    "reportedCurrency": "USD",
    "cik": "0000313927",
    "fillingDate": "2005-03-16",
    "acceptedDate": "2005-03-16 13:18:39",
    "calendarYear": "2004",
    "period": "Q4",
    "revenue": 404976000,
    "costOfRevenue": 248415000,
    "grossProfit": 156561000,
    "grossProfitRatio": 0.3865932796,
    "researchAndDevelopmentExpenses": 0,
    "generalAndAdministrativeExpenses": 0,
    "sellingAndMarketingExpenses": 49858000,
    "sellingGeneralAndAdministrativeExpenses": 118097000,
    "otherExpenses": 0,
    "operatingExpenses": 118097000,
    "costAndExpenses": 366512000,
    "interestIncome": 0,
    "interestExpense": 0,
    "depreciationAndAmortization": 10202000,
    "ebitda": 48666000,
    "ebitdaratio": 0.1201700842,
    "operatingIncome": 38464000,
    "operatingIncomeRatio": 0.0949784679,
    "totalOtherIncomeExpensesNet": -23288000,
    "incomeBeforeTax": 15167000,
    "incomeBeforeTaxRatio": 0.0374516021,
    "incomeTaxExpense": 3252000,
    "netIncome": 11928000,
    "netIncomeRatio": 0.0294535973,
    "eps": 0.0459,
    "epsdiluted": 0.0459,
    "weightedAverageShsOut": 250196000,
    "weightedAverageShsOutDil": 259700000,
    "link": "https://www.sec.gov/Archives/edgar/data/313927/000119312505052382/0001193125-05-052382-index.htm",
    "finalLink": "https://www.sec.gov/Archives/edgar/data/313927/000119312505052382/d10ka.htm"
  },
  {
    "date": "2004-10-01",
    "symbol": "CHD",
    "reportedCurrency": "USD",
    "cik": "0000313927",
    "fillingDate": "2004-11-10",
    "acceptedDate": "2004-11-10 12:36:33",
    "calendarYear": "2004",
    "period": "Q3",
    "revenue": 420310000,
    "costOfRevenue": 259721000,
    "grossProfit": 160589000,
    "grossProfitRatio": 0.3820727558,
    "researchAndDevelopmentExpenses": 0,
    "generalAndAdministrativeExpenses": 0,
    "sellingAndMarketingExpenses": 51019000,
    "sellingGeneralAndAdministrativeExpenses": 107188000,
    "otherExpenses": 0,
    "operatingExpenses": 107188000,
    "costAndExpenses": 366909000,
    "interestIncome": 0,
    "interestExpense": 0,
    "depreciationAndAmortization": 10240000,
    "ebitda": 63641000,
    "ebitdaratio": 0.1514144322,
    "operatingIncome": 53401000,
    "operatingIncomeRatio": 0.127051462,
    "totalOtherIncomeExpensesNet": -15232000,
    "incomeBeforeTax": 38169000,
    "incomeBeforeTaxRatio": 0.0908115439,
    "incomeTaxExpense": 10764000,
    "netIncome": 27401000,
    "netIncomeRatio": 0.065192358,
    "eps": 0.11,
    "epsdiluted": 0.11,
    "weightedAverageShsOut": 248020000,
    "weightedAverageShsOutDil": 272644000,
    "link": "https://www.sec.gov/Archives/edgar/data/313927/000119312504192472/0001193125-04-192472-index.htm",
    "finalLink": "https://www.sec.gov/Archives/edgar/data/313927/000119312504192472/d10q.htm"
  },
  {
    "date": "2004-07-02",
    "symbol": "CHD",
    "reportedCurrency": "USD",
    "cik": "0000313927",
    "fillingDate": "2004-08-11",
    "acceptedDate": "2004-08-11 13:35:27",
    "calendarYear": "2004",
    "period": "Q2",
    "revenue": 340785000,
    "costOfRevenue": 221109000,
    "grossProfit": 119676000,
    "grossProfitRatio": 0.3511774286,
    "researchAndDevelopmentExpenses": 0,
    "generalAndAdministrativeExpenses": 0,
    "sellingAndMarketingExpenses": 36118000,
    "sellingGeneralAndAdministrativeExpenses": 78248000,
    "otherExpenses": 0,
    "operatingExpenses": 78248000,
    "costAndExpenses": 299357000,
    "interestIncome": 0,
    "interestExpense": 0,
    "depreciationAndAmortization": 9667000,
    "ebitda": 51095000,
    "ebitdaratio": 0.1499332424,
    "operatingIncome": 41428000,
    "operatingIncomeRatio": 0.1215663835,
    "totalOtherIncomeExpensesNet": -11970000,
    "incomeBeforeTax": 29458000,
    "incomeBeforeTaxRatio": 0.0864415981,
    "incomeTaxExpense": 9885000,
    "netIncome": 19573000,
    "netIncomeRatio": 0.0574350397,
    "eps": 0.08,
    "epsdiluted": 0.075,
    "weightedAverageShsOut": 246260868,
    "weightedAverageShsOutDil": 259262368,
    "link": "https://www.sec.gov/Archives/edgar/data/313927/000119312504137737/0001193125-04-137737-index.htm",
    "finalLink": "https://www.sec.gov/Archives/edgar/data/313927/000119312504137737/d10q.htm"
  },
  {
    "date": "2004-04-02",
    "symbol": "CHD",
    "reportedCurrency": "USD",
    "cik": "0000313927",
    "fillingDate": "2004-05-12",
    "acceptedDate": "2004-05-12 15:33:02",
    "calendarYear": "2004",
    "period": "Q1",
    "revenue": 295991000,
    "costOfRevenue": 199429000,
    "grossProfit": 96562000,
    "grossProfitRatio": 0.3262328922,
    "researchAndDevelopmentExpenses": 0,
    "generalAndAdministrativeExpenses": 0,
    "sellingAndMarketingExpenses": 24188000,
    "sellingGeneralAndAdministrativeExpenses": 58102000,
    "otherExpenses": 0,
    "operatingExpenses": 58102000,
    "costAndExpenses": 257531000,
    "interestIncome": 0,
    "interestExpense": 0,
    "depreciationAndAmortization": 8984000,
    "ebitda": 47444000,
    "ebitdaratio": 0.1602886574,
    "operatingIncome": 38460000,
    "operatingIncomeRatio": 0.1299363832,
    "totalOtherIncomeExpensesNet": -8554000,
    "incomeBeforeTax": 44636000,
    "incomeBeforeTaxRatio": 0.1508018825,
    "incomeTaxExpense": 14730000,
    "netIncome": 29906000,
    "netIncomeRatio": 0.1010368559,
    "eps": 0.12,
    "epsdiluted": 0.12,
    "weightedAverageShsOut": 245292000,
    "weightedAverageShsOutDil": 270840000,
    "link": "https://www.sec.gov/Archives/edgar/data/313927/000119312504086186/0001193125-04-086186-index.htm",
    "finalLink": "https://www.sec.gov/Archives/edgar/data/313927/000119312504086186/d10q.htm"
  },
  {
    "date": "2003-12-31",
    "symbol": "CHD",
    "reportedCurrency": "USD",
    "cik": "0000313927",
    "fillingDate": "2004-03-15",
    "acceptedDate": "2004-03-15 16:04:41",
    "calendarYear": "2003",
    "period": "Q4",
    "revenue": 286747000,
    "costOfRevenue": 202705000,
    "grossProfit": 84042000,
    "grossProfitRatio": 0.2930876347,
    "researchAndDevelopmentExpenses": 0,
    "generalAndAdministrativeExpenses": 0,
    "sellingAndMarketingExpenses": 88807000,
    "sellingGeneralAndAdministrativeExpenses": 54895000,
    "otherExpenses": 0,
    "operatingExpenses": 54895000,
    "costAndExpenses": 257600000,
    "interestIncome": 0,
    "interestExpense": 0,
    "depreciationAndAmortization": 7924000,
    "ebitda": 37071000,
    "ebitdaratio": 0.1292812131,
    "operatingIncome": 29147000,
    "operatingIncomeRatio": 0.1016470966,
    "totalOtherIncomeExpensesNet": -7473000,
    "incomeBeforeTax": 21689000,
    "incomeBeforeTaxRatio": 0.0756381061,
    "incomeTaxExpense": 5814000,
    "netIncome": 15867000,
    "netIncomeRatio": 0.0553344935,
    "eps": 0.0626,
    "epsdiluted": 0.0626,
    "weightedAverageShsOut": 243441008,
    "weightedAverageShsOutDil": 253500000,
    "link": "https://www.sec.gov/Archives/edgar/data/313927/000119312504042212/0001193125-04-042212-index.htm",
    "finalLink": "https://www.sec.gov/Archives/edgar/data/313927/000119312504042212/d10k.htm"
  },
  {
    "date": "2003-09-26",
    "symbol": "CHD",
    "reportedCurrency": "USD",
    "cik": "0000313927",
    "fillingDate": "2003-11-10",
    "acceptedDate": "2003-11-10 15:50:33",
    "calendarYear": "2003",
    "period": "Q3",
    "revenue": 265566000,
    "costOfRevenue": 185024000,
    "grossProfit": 80542000,
    "grossProfitRatio": 0.303284306,
    "researchAndDevelopmentExpenses": 0,
    "generalAndAdministrativeExpenses": 0,
    "sellingAndMarketingExpenses": 0,
    "sellingGeneralAndAdministrativeExpenses": 51668000,
    "otherExpenses": 0,
    "operatingExpenses": 51668000,
    "costAndExpenses": 236692000,
    "interestIncome": 0,
    "interestExpense": 0,
    "depreciationAndAmortization": 7412000,
    "ebitda": 36286000,
    "ebitdaratio": 0.136636467,
    "operatingIncome": 28874000,
    "operatingIncomeRatio": 0.1087262677,
    "totalOtherIncomeExpensesNet": 516000,
    "incomeBeforeTax": 29390000,
    "incomeBeforeTaxRatio": 0.1106692875,
    "incomeTaxExpense": 9861000,
    "netIncome": 19522000,
    "netIncomeRatio": 0.0735109163,
    "eps": 0.08,
    "epsdiluted": 0.0767,
    "weightedAverageShsOut": 241787108,
    "weightedAverageShsOutDil": 253361320,
    "link": "https://www.sec.gov/Archives/edgar/data/313927/000031392703000634/0000313927-03-000634-index.htm",
    "finalLink": "https://www.sec.gov/Archives/edgar/data/313927/000031392703000634/f10q033q.txt"
  },
  {
    "date": "2003-06-27",
    "symbol": "CHD",
    "reportedCurrency": "USD",
    "cik": "0000313927",
    "fillingDate": "2003-08-05",
    "acceptedDate": "2003-08-05 11:13:09",
    "calendarYear": "2003",
    "period": "Q2",
    "revenue": 256263000,
    "costOfRevenue": 176690000,
    "grossProfit": 79573000,
    "grossProfitRatio": 0.3105130276,
    "researchAndDevelopmentExpenses": 0,
    "generalAndAdministrativeExpenses": 0,
    "sellingAndMarketingExpenses": 0,
    "sellingGeneralAndAdministrativeExpenses": 54524000,
    "otherExpenses": 0,
    "operatingExpenses": 54524000,
    "costAndExpenses": 231214000,
    "interestIncome": 0,
    "interestExpense": 0,
    "depreciationAndAmortization": 7380000,
    "ebitda": 32429000,
    "ebitdaratio": 0.1265457752,
    "operatingIncome": 25049000,
    "operatingIncomeRatio": 0.0977472362,
    "totalOtherIncomeExpensesNet": 8769000,
    "incomeBeforeTax": 33818000,
    "incomeBeforeTaxRatio": 0.1319659881,
    "incomeTaxExpense": 9192000,
    "netIncome": 24626000,
    "netIncomeRatio": 0.0960965883,
    "eps": 0.1,
    "epsdiluted": 0.0984,
    "weightedAverageShsOut": 240671664,
    "weightedAverageShsOutDil": 252305848,
    "link": "https://www.sec.gov/Archives/edgar/data/313927/000031392703000427/0000313927-03-000427-index.htm",
    "finalLink": "https://www.sec.gov/Archives/edgar/data/313927/000031392703000427/f10q2-03.txt"
  },
  {
    "date": "2003-03-28",
    "symbol": "CHD",
    "reportedCurrency": "USD",
    "cik": "0000313927",
    "fillingDate": "2003-05-12",
    "acceptedDate": "2003-05-12 15:23:52",
    "calendarYear": "2003",
    "period": "Q1",
    "revenue": 248298000,
    "costOfRevenue": 174464000,
    "grossProfit": 73834000,
    "grossProfitRatio": 0.2973604298,
    "researchAndDevelopmentExpenses": 0,
    "generalAndAdministrativeExpenses": 0,
    "sellingAndMarketingExpenses": 0,
    "sellingGeneralAndAdministrativeExpenses": 45053000,
    "otherExpenses": 0,
    "operatingExpenses": 45053000,
    "costAndExpenses": 219517000,
    "interestIncome": 0,
    "interestExpense": 0,
    "depreciationAndAmortization": 7508000,
    "ebitda": 36289000,
    "ebitdaratio": 0.146150996,
    "operatingIncome": 28781000,
    "operatingIncomeRatio": 0.1159131366,
    "totalOtherIncomeExpensesNet": 3272000,
    "incomeBeforeTax": 32053000,
    "incomeBeforeTaxRatio": 0.1290908505,
    "incomeTaxExpense": 11107000,
    "netIncome": 20946000,
    "netIncomeRatio": 0.0843583114,
    "eps": 0.0867,
    "epsdiluted": 0.0834,
    "weightedAverageShsOut": 239550224,
    "weightedAverageShsOutDil": 250986508,
    "link": "https://www.sec.gov/Archives/edgar/data/313927/000031392703000273/0000313927-03-000273-index.htm",
    "finalLink": "https://www.sec.gov/Archives/edgar/data/313927/000031392703000273/f10q031q.txt"
  },
  {
    "date": "2002-12-31",
    "symbol": "CHD",
    "reportedCurrency": "USD",
    "cik": "0000313927",
    "fillingDate": "2003-03-27",
    "acceptedDate": "2003-03-27 15:48:02",
    "calendarYear": "2002",
    "period": "Q4",
    "revenue": 268098000,
    "costOfRevenue": 187265000,
    "grossProfit": 80833000,
    "grossProfitRatio": 0.3015054197,
    "researchAndDevelopmentExpenses": 0,
    "generalAndAdministrativeExpenses": 31530000,
    "sellingAndMarketingExpenses": 24458000,
    "sellingGeneralAndAdministrativeExpenses": 55988000,
    "otherExpenses": 0,
    "operatingExpenses": 55988000,
    "costAndExpenses": 243253000,
    "interestIncome": 0,
    "interestExpense": 0,
    "depreciationAndAmortization": 6571000,
    "ebitda": 31416000,
    "ebitdaratio": 0.1171810308,
    "operatingIncome": 24845000,
    "operatingIncomeRatio": 0.0926713366,
    "totalOtherIncomeExpensesNet": -1998000,
    "incomeBeforeTax": 22847000,
    "incomeBeforeTaxRatio": 0.0852188379,
    "incomeTaxExpense": 7307000,
    "netIncome": 15540000,
    "netIncomeRatio": 0.0579638789,
    "eps": 0.0619,
    "epsdiluted": 0.0619,
    "weightedAverageShsOut": 239611752,
    "weightedAverageShsOutDil": 251100000,
    "link": "https://www.sec.gov/Archives/edgar/data/313927/000095012303003367/0000950123-03-003367-index.htm",
    "finalLink": "https://www.sec.gov/Archives/edgar/data/313927/000095012303003367/y84841e10vk.txt"
  },
  {
    "date": "2002-09-27",
    "symbol": "CHD",
    "reportedCurrency": "USD",
    "cik": "0000313927",
    "fillingDate": "2002-11-08",
    "acceptedDate": "2002-11-08 16:47:19",
    "calendarYear": "2002",
    "period": "Q3",
    "revenue": 263786000,
    "costOfRevenue": 182586000,
    "grossProfit": 81200000,
    "grossProfitRatio": 0.3078252826,
    "researchAndDevelopmentExpenses": 0,
    "generalAndAdministrativeExpenses": 30299000,
    "sellingAndMarketingExpenses": 22752000,
    "sellingGeneralAndAdministrativeExpenses": 53051000,
    "otherExpenses": 0,
    "operatingExpenses": 53051000,
    "costAndExpenses": 235637000,
    "interestIncome": 0,
    "interestExpense": 0,
    "depreciationAndAmortization": 7334000,
    "ebitda": 35483000,
    "ebitdaratio": 0.1345143412,
    "operatingIncome": 28149000,
    "operatingIncomeRatio": 0.106711501,
    "totalOtherIncomeExpensesNet": -1309000,
    "incomeBeforeTax": 26840000,
    "incomeBeforeTaxRatio": 0.1017491451,
    "incomeTaxExpense": 9265000,
    "netIncome": 17575000,
    "netIncomeRatio": 0.0666259771,
    "eps": 0.0734,
    "epsdiluted": 0.07,
    "weightedAverageShsOut": 238644676,
    "weightedAverageShsOutDil": 251124436,
    "link": "https://www.sec.gov/Archives/edgar/data/313927/000031392702000048/0000313927-02-000048-index.htm",
    "finalLink": "https://www.sec.gov/Archives/edgar/data/313927/000031392702000048/f10q023q.txt"
  },
  {
    "date": "2002-06-28",
    "symbol": "CHD",
    "reportedCurrency": "USD",
    "cik": "0000313927",
    "fillingDate": "2002-08-09",
    "acceptedDate": "2002-08-09 15:27:07",
    "calendarYear": "2002",
    "period": "Q2",
    "revenue": 258463000,
    "costOfRevenue": 182525000,
    "grossProfit": 75938000,
    "grossProfitRatio": 0.2938060767,
    "researchAndDevelopmentExpenses": 0,
    "generalAndAdministrativeExpenses": 29492000,
    "sellingAndMarketingExpenses": 22153000,
    "sellingGeneralAndAdministrativeExpenses": 51645000,
    "otherExpenses": 0,
    "operatingExpenses": 51645000,
    "costAndExpenses": 234170000,
    "interestIncome": 0,
    "interestExpense": 0,
    "depreciationAndAmortization": 7503000,
    "ebitda": 31796000,
    "ebitdaratio": 0.1230195424,
    "operatingIncome": 24293000,
    "operatingIncomeRatio": 0.0939902423,
    "totalOtherIncomeExpensesNet": 4773000,
    "incomeBeforeTax": 29066000,
    "incomeBeforeTaxRatio": 0.1124571022,
    "incomeTaxExpense": 10414000,
    "netIncome": 18652000,
    "netIncomeRatio": 0.0721650681,
    "eps": 0.0784,
    "epsdiluted": 0.075,
    "weightedAverageShsOut": 237385308,
    "weightedAverageShsOutDil": 251004496,
    "link": "https://www.sec.gov/Archives/edgar/data/313927/000031392702000007/0000313927-02-000007-index.htm",
    "finalLink": "https://www.sec.gov/Archives/edgar/data/313927/000031392702000007/f10q2002-2.txt"
  },
  {
    "date": "2002-03-29",
    "symbol": "CHD",
    "reportedCurrency": "USD",
    "cik": "0000313927",
    "fillingDate": "2002-05-10",
    "acceptedDate": "2002-05-10 14:30:05",
    "calendarYear": "2002",
    "period": "Q1",
    "revenue": 256802000,
    "costOfRevenue": 183552000,
    "grossProfit": 73250000,
    "grossProfitRatio": 0.2852392115,
    "researchAndDevelopmentExpenses": 0,
    "generalAndAdministrativeExpenses": 29191000,
    "sellingAndMarketingExpenses": 16832000,
    "sellingGeneralAndAdministrativeExpenses": 46023000,
    "otherExpenses": 0,
    "operatingExpenses": 46023000,
    "costAndExpenses": 229575000,
    "interestIncome": 0,
    "interestExpense": 0,
    "depreciationAndAmortization": 6482000,
    "ebitda": 33709000,
    "ebitdaratio": 0.131264554,
    "operatingIncome": 27227000,
    "operatingIncomeRatio": 0.1060233176,
    "totalOtherIncomeExpensesNet": -4888000,
    "incomeBeforeTax": 22339000,
    "incomeBeforeTaxRatio": 0.0869891979,
    "incomeTaxExpense": 7416000,
    "netIncome": 14923000,
    "netIncomeRatio": 0.0581109181,
    "eps": 0.0634,
    "epsdiluted": 0.06,
    "weightedAverageShsOut": 235484256,
    "weightedAverageShsOutDil": 248803600,
    "link": "https://www.sec.gov/Archives/edgar/data/313927/000031392702000002/0000313927-02-000002-index.htm",
    "finalLink": "https://www.sec.gov/Archives/edgar/data/313927/000031392702000002/f1q2002.txt"
  },
  {
    "date": "2001-12-31",
    "symbol": "CHD",
    "reportedCurrency": "USD",
    "cik": "0000313927",
    "fillingDate": "2002-03-28",
    "acceptedDate": "2002-03-28 00:00:00",
    "calendarYear": "2001",
    "period": "Q4",
    "revenue": 296615000,
    "costOfRevenue": 191162000,
    "grossProfit": 105453000,
    "grossProfitRatio": 0.3555214672,
    "researchAndDevelopmentExpenses": 0,
    "generalAndAdministrativeExpenses": 30625000,
    "sellingAndMarketingExpenses": 51259000,
    "sellingGeneralAndAdministrativeExpenses": 81884000,
    "otherExpenses": -660000,
    "operatingExpenses": 81224000,
    "costAndExpenses": 272386000,
    "interestIncome": 0,
    "interestExpense": 0,
    "depreciationAndAmortization": 8194000,
    "ebitda": 32423000,
    "ebitdaratio": 0.1093100484,
    "operatingIncome": 24229000,
    "operatingIncomeRatio": 0.0816850126,
    "totalOtherIncomeExpensesNet": -13582000,
    "incomeBeforeTax": 10647000,
    "incomeBeforeTaxRatio": 0.0358950154,
    "incomeTaxExpense": 4534000,
    "netIncome": 6113000,
    "netIncomeRatio": 0.0206092072,
    "eps": 0.0246,
    "epsdiluted": 0.0246,
    "weightedAverageShsOut": 248900000,
    "weightedAverageShsOutDil": 248900000,
    "link": "https://www.sec.gov/Archives/edgar/data/313927/000095012302003119/0000950123-02-003119-index.htm",
    "finalLink": "https://www.sec.gov/Archives/edgar/data/313927/000095012302003119/y59049e10-k.txt"
  },
  {
    "date": "2001-09-28",
    "symbol": "CHD",
    "reportedCurrency": "USD",
    "cik": "0000313927",
    "fillingDate": "2001-11-13",
    "acceptedDate": "2001-11-13 00:00:00",
    "calendarYear": "2001",
    "period": "Q3",
    "revenue": 270627000,
    "costOfRevenue": 166524000,
    "grossProfit": 71848000,
    "grossProfitRatio": 0.2654871835,
    "researchAndDevelopmentExpenses": 0,
    "generalAndAdministrativeExpenses": 26018000,
    "sellingAndMarketingExpenses": 52250000,
    "sellingGeneralAndAdministrativeExpenses": 78268000,
    "otherExpenses": 0,
    "operatingExpenses": 78268000,
    "costAndExpenses": 244792000,
    "interestIncome": 0,
    "interestExpense": 0,
    "depreciationAndAmortization": 7299000,
    "ebitda": 33134000,
    "ebitdaratio": 0.1224341991,
    "operatingIncome": 25835000,
    "operatingIncomeRatio": 0.0954634977,
    "totalOtherIncomeExpensesNet": -2171000,
    "incomeBeforeTax": 23664000,
    "incomeBeforeTaxRatio": 0.0874413861,
    "incomeTaxExpense": 8418000,
    "netIncome": 15246000,
    "netIncomeRatio": 0.0563358423,
    "eps": 0.065,
    "epsdiluted": 0.0617,
    "weightedAverageShsOut": 233949024,
    "weightedAverageShsOutDil": 246098952,
    "link": "https://www.sec.gov/Archives/edgar/data/313927/000031392701500019/0000313927-01-500019-index.htm",
    "finalLink": "https://www.sec.gov/Archives/edgar/data/313927/000031392701500019/f3rdq_01.txt"
  },
  {
    "date": "2001-06-29",
    "symbol": "CHD",
    "reportedCurrency": "USD",
    "cik": "0000313927",
    "fillingDate": "2001-08-09",
    "acceptedDate": "2001-08-09 00:00:00",
    "calendarYear": "2001",
    "period": "Q2",
    "revenue": 257095000,
    "costOfRevenue": 160096000,
    "grossProfit": 69540000,
    "grossProfitRatio": 0.2704836734,
    "researchAndDevelopmentExpenses": 0,
    "generalAndAdministrativeExpenses": 28176000,
    "sellingAndMarketingExpenses": 46318000,
    "sellingGeneralAndAdministrativeExpenses": 74494000,
    "otherExpenses": 0,
    "operatingExpenses": 74494000,
    "costAndExpenses": 234590000,
    "interestIncome": 0,
    "interestExpense": 0,
    "depreciationAndAmortization": 6109000,
    "ebitda": 28614000,
    "ebitdaratio": 0.1112973803,
    "operatingIncome": 22505000,
    "operatingIncomeRatio": 0.0875357358,
    "totalOtherIncomeExpensesNet": -1693000,
    "incomeBeforeTax": 20812000,
    "incomeBeforeTaxRatio": 0.0809506214,
    "incomeTaxExpense": 7334000,
    "netIncome": 13478000,
    "netIncomeRatio": 0.0524242012,
    "eps": 0.0584,
    "epsdiluted": 0.055,
    "weightedAverageShsOut": 233049476,
    "weightedAverageShsOutDil": 244977512,
    "link": "https://www.sec.gov/Archives/edgar/data/313927/000031392701500016/0000313927-01-500016-index.htm",
    "finalLink": "https://www.sec.gov/Archives/edgar/data/313927/000031392701500016/f10q2_01.txt"
  },
  {
    "date": "2001-03-30",
    "symbol": "CHD",
    "reportedCurrency": "USD",
    "cik": "0000313927",
    "fillingDate": "2001-05-09",
    "acceptedDate": "2001-05-09 00:00:00",
    "calendarYear": "2001",
    "period": "Q1",
    "revenue": 256527000,
    "costOfRevenue": 162429000,
    "grossProfit": 94098000,
    "grossProfitRatio": 0.366815189,
    "researchAndDevelopmentExpenses": 0,
    "generalAndAdministrativeExpenses": 27013000,
    "sellingAndMarketingExpenses": 46133000,
    "sellingGeneralAndAdministrativeExpenses": 73146000,
    "otherExpenses": 0,
    "operatingExpenses": 73146000,
    "costAndExpenses": 235575000,
    "interestIncome": 0,
    "interestExpense": 0,
    "depreciationAndAmortization": 6241000,
    "ebitda": 27193000,
    "ebitdaratio": 0.1060044362,
    "operatingIncome": 20952000,
    "operatingIncomeRatio": 0.0816756131,
    "totalOtherIncomeExpensesNet": -2220000,
    "incomeBeforeTax": 18732000,
    "incomeBeforeTaxRatio": 0.0730215533,
    "incomeTaxExpense": 6585000,
    "netIncome": 12147000,
    "netIncomeRatio": 0.0473517408,
    "eps": 0.0534,
    "epsdiluted": 0.05,
    "weightedAverageShsOut": 231112444,
    "weightedAverageShsOutDil": 241877060,
    "link": "https://www.sec.gov/Archives/edgar/data/313927/000031392701500007/0000313927-01-500007-index.htm",
    "finalLink": "https://www.sec.gov/Archives/edgar/data/313927/000031392701500007/a1q-2001.txt"
  },
  {
    "date": "2000-12-31",
    "symbol": "CHD",
    "reportedCurrency": "USD",
    "cik": "0000313927",
    "fillingDate": "2001-03-09",
    "acceptedDate": "2001-03-09 00:00:00",
    "calendarYear": "2000",
    "period": "Q4",
    "revenue": 204383000,
    "costOfRevenue": 116452000,
    "grossProfit": 87931000,
    "grossProfitRatio": 0.4302265844,
    "researchAndDevelopmentExpenses": 0,
    "generalAndAdministrativeExpenses": 0,
    "sellingAndMarketingExpenses": 0,
    "sellingGeneralAndAdministrativeExpenses": 65091000,
    "otherExpenses": 6990000,
    "operatingExpenses": 72081000,
    "costAndExpenses": 188533000,
    "interestIncome": 0,
    "interestExpense": 0,
    "depreciationAndAmortization": 6990000,
    "ebitda": 22840000,
    "ebitdaratio": 0.1117509773,
    "operatingIncome": 15850000,
    "operatingIncomeRatio": 0.0775504812,
    "totalOtherIncomeExpensesNet": 664000,
    "incomeBeforeTax": 16514000,
    "incomeBeforeTaxRatio": 0.0807992837,
    "incomeTaxExpense": 5826000,
    "netIncome": 10688000,
    "netIncomeRatio": 0.0522939775,
    "eps": 0.0442,
    "epsdiluted": 0.0442,
    "weightedAverageShsOut": 242000000,
    "weightedAverageShsOutDil": 242000000,
    "link": "https://www.sec.gov/Archives/edgar/data/313927/000031392701000084/0000313927-01-000084-index.htm",
    "finalLink": "https://www.sec.gov/Archives/edgar/data/313927/000031392701000084/0000313927-01-000084-0001.txt"
  },
  {
    "date": "2000-09-29",
    "symbol": "CHD",
    "reportedCurrency": "USD",
    "cik": "0000313927",
    "fillingDate": "2000-11-13",
    "acceptedDate": "2000-11-13 00:00:00",
    "calendarYear": "2000",
    "period": "Q3",
    "revenue": 199847000,
    "costOfRevenue": 112307000,
    "grossProfit": 90144000,
    "grossProfitRatio": 0.4510650648,
    "researchAndDevelopmentExpenses": 0,
    "generalAndAdministrativeExpenses": 22070000,
    "sellingAndMarketingExpenses": 47857000,
    "sellingGeneralAndAdministrativeExpenses": 69927000,
    "otherExpenses": 21911000,
    "operatingExpenses": 74902000,
    "costAndExpenses": 179630000,
    "interestIncome": 0,
    "interestExpense": 0,
    "depreciationAndAmortization": 4975000,
    "ebitda": 3281000,
    "ebitdaratio": 0.0164175594,
    "operatingIncome": -1694000,
    "operatingIncomeRatio": -0.0084764845,
    "totalOtherIncomeExpensesNet": -411000,
    "incomeBeforeTax": -2105000,
    "incomeBeforeTaxRatio": -0.0105330578,
    "incomeTaxExpense": -869000,
    "netIncome": -1236000,
    "netIncomeRatio": -0.0061847313,
    "eps": -0.0054,
    "epsdiluted": -0.0052,
    "weightedAverageShsOut": 229295352,
    "weightedAverageShsOutDil": 237697152,
    "link": "https://www.sec.gov/Archives/edgar/data/313927/000031392700000161/0000313927-00-000161-index.htm",
    "finalLink": "https://www.sec.gov/Archives/edgar/data/313927/000031392700000161/0000313927-00-000161-0001.txt"
  },
  {
    "date": "2000-06-30",
    "symbol": "CHD",
    "reportedCurrency": "USD",
    "cik": "0000313927",
    "fillingDate": "2000-08-14",
    "acceptedDate": "2000-08-14 00:00:00",
    "calendarYear": "2000",
    "period": "Q2",
    "revenue": 199863000,
    "costOfRevenue": 104129000,
    "grossProfit": 95734000,
    "grossProfitRatio": 0.4789981137,
    "researchAndDevelopmentExpenses": 0,
    "generalAndAdministrativeExpenses": 0,
    "sellingAndMarketingExpenses": 0,
    "sellingGeneralAndAdministrativeExpenses": 70501000,
    "otherExpenses": 5892000,
    "operatingExpenses": 76393000,
    "costAndExpenses": 180522000,
    "interestIncome": 0,
    "interestExpense": 0,
    "depreciationAndAmortization": 5892000,
    "ebitda": 25233000,
    "ebitdaratio": 0.1262514823,
    "operatingIncome": 19341000,
    "operatingIncomeRatio": 0.0967712883,
    "totalOtherIncomeExpensesNet": -531000,
    "incomeBeforeTax": 18810000,
    "incomeBeforeTaxRatio": 0.0941144684,
    "incomeTaxExpense": 6435000,
    "netIncome": 12375000,
    "netIncomeRatio": 0.0619174134,
    "eps": 0.0533,
    "epsdiluted": 0.0517,
    "weightedAverageShsOut": 228912000,
    "weightedAverageShsOutDil": 237900000,
    "link": "https://www.sec.gov/Archives/edgar/data/313927/000031392700000140/0000313927-00-000140-index.htm",
    "finalLink": "https://www.sec.gov/Archives/edgar/data/313927/000031392700000140/0000313927-00-000140-0001.txt"
  },
  {
    "date": "2000-03-31",
    "symbol": "CHD",
    "reportedCurrency": "USD",
    "cik": "0000313927",
    "fillingDate": "2000-05-09",
    "acceptedDate": "2000-05-09 00:00:00",
    "calendarYear": "2000",
    "period": "Q1",
    "revenue": 191632000,
    "costOfRevenue": 101558000,
    "grossProfit": 90074000,
    "grossProfitRatio": 0.4700363196,
    "researchAndDevelopmentExpenses": 0,
    "generalAndAdministrativeExpenses": 0,
    "sellingAndMarketingExpenses": 0,
    "sellingGeneralAndAdministrativeExpenses": 65813000,
    "otherExpenses": 5597000,
    "operatingExpenses": 71410000,
    "costAndExpenses": 172968000,
    "interestIncome": 0,
    "interestExpense": 0,
    "depreciationAndAmortization": 5597000,
    "ebitda": 24261000,
    "ebitdaratio": 0.1266020289,
    "operatingIncome": 18664000,
    "operatingIncomeRatio": 0.0973950071,
    "totalOtherIncomeExpensesNet": -9000,
    "incomeBeforeTax": 18655000,
    "incomeBeforeTaxRatio": 0.0973480421,
    "incomeTaxExpense": 6923000,
    "netIncome": 11732000,
    "netIncomeRatio": 0.0612215079,
    "eps": 0.05,
    "epsdiluted": 0.0483,
    "weightedAverageShsOut": 232074000,
    "weightedAverageShsOutDil": 242694000,
    "link": "https://www.sec.gov/Archives/edgar/data/313927/000031392700000114/0000313927-00-000114-index.html",
    "finalLink": "https://www.sec.gov/Archives/edgar/data/313927/000031392700000114/"
  },
  {
    "date": "1999-12-31",
    "symbol": "CHD",
    "reportedCurrency": "USD",
    "cik": "0000313927",
    "fillingDate": "2000-03-30",
    "acceptedDate": "2000-03-30 00:00:00",
    "calendarYear": "1999",
    "period": "Q4",
    "revenue": 183000000,
    "costOfRevenue": 98300000,
    "grossProfit": 84700000,
    "grossProfitRatio": 0.4628415301,
    "researchAndDevelopmentExpenses": 0,
    "generalAndAdministrativeExpenses": 0,
    "sellingAndMarketingExpenses": 0,
    "sellingGeneralAndAdministrativeExpenses": 67700000,
    "otherExpenses": 5000000,
    "operatingExpenses": 72700000,
    "costAndExpenses": 171000000,
    "interestIncome": 0,
    "interestExpense": 0,
    "depreciationAndAmortization": 5000000,
    "ebitda": 17000000,
    "ebitdaratio": 0.0928961749,
    "operatingIncome": 12000000,
    "operatingIncomeRatio": 0.0655737705,
    "totalOtherIncomeExpensesNet": 5700000,
    "incomeBeforeTax": 17700000,
    "incomeBeforeTaxRatio": 0.0967213115,
    "incomeTaxExpense": 6500000,
    "netIncome": 11200000,
    "netIncomeRatio": 0.0612021858,
    "eps": 0.0454,
    "epsdiluted": 0.0454,
    "weightedAverageShsOut": 246600000,
    "weightedAverageShsOutDil": 246600000,
    "link": "https://www.sec.gov/Archives/edgar/data/313927/000095012300003007/0000950123-00-003007-index.html",
    "finalLink": "https://www.sec.gov/Archives/edgar/data/313927/000095012300003007/"
  },
  {
    "date": "1999-10-01",
    "symbol": "CHD",
    "reportedCurrency": "USD",
    "cik": "0000313927",
    "fillingDate": "1999-11-12",
    "acceptedDate": "1999-11-12 00:00:00",
    "calendarYear": "1999",
    "period": "Q3",
    "revenue": 185900000,
    "costOfRevenue": 96200000,
    "grossProfit": 89700000,
    "grossProfitRatio": 0.4825174825,
    "researchAndDevelopmentExpenses": 0,
    "generalAndAdministrativeExpenses": 0,
    "sellingAndMarketingExpenses": 0,
    "sellingGeneralAndAdministrativeExpenses": 67400000,
    "otherExpenses": 4800000,
    "operatingExpenses": 72200000,
    "costAndExpenses": 168400000,
    "interestIncome": 0,
    "interestExpense": 0,
    "depreciationAndAmortization": 4800000,
    "ebitda": 22300000,
    "ebitdaratio": 0.1199569661,
    "operatingIncome": 17500000,
    "operatingIncomeRatio": 0.0941366326,
    "totalOtherIncomeExpensesNet": 800000,
    "incomeBeforeTax": 18300000,
    "incomeBeforeTaxRatio": 0.0984400215,
    "incomeTaxExpense": 6900000,
    "netIncome": 11400000,
    "netIncomeRatio": 0.0613232921,
    "eps": 0.0484,
    "epsdiluted": 0.0467,
    "weightedAverageShsOut": 235744197,
    "weightedAverageShsOutDil": 244163632,
    "link": "https://www.sec.gov/Archives/edgar/data/313927/000031392799000166/0000313927-99-000166-index.html",
    "finalLink": "https://www.sec.gov/Archives/edgar/data/313927/000031392799000166/"
  },
  {
    "date": "1999-07-02",
    "symbol": "CHD",
    "reportedCurrency": "USD",
    "cik": "0000313927",
    "fillingDate": "1999-08-12",
    "acceptedDate": "1999-08-12 00:00:00",
    "calendarYear": "1999",
    "period": "Q2",
    "revenue": 186400000,
    "costOfRevenue": 97500000,
    "grossProfit": 88900000,
    "grossProfitRatio": 0.4769313305,
    "researchAndDevelopmentExpenses": 0,
    "generalAndAdministrativeExpenses": 0,
    "sellingAndMarketingExpenses": 0,
    "sellingGeneralAndAdministrativeExpenses": 68900000,
    "otherExpenses": 5000000,
    "operatingExpenses": 73900000,
    "costAndExpenses": 171400000,
    "interestIncome": 0,
    "interestExpense": 0,
    "depreciationAndAmortization": 5000000,
    "ebitda": 20000000,
    "ebitdaratio": 0.1072961373,
    "operatingIncome": 15000000,
    "operatingIncomeRatio": 0.080472103,
    "totalOtherIncomeExpensesNet": 1500000,
    "incomeBeforeTax": 16500000,
    "incomeBeforeTaxRatio": 0.0885193133,
    "incomeTaxExpense": 6000000,
    "netIncome": 10500000,
    "netIncomeRatio": 0.0563304721,
    "eps": 0.045,
    "epsdiluted": 0.0434,
    "weightedAverageShsOut": 233216725,
    "weightedAverageShsOutDil": 242186599,
    "link": "https://www.sec.gov/Archives/edgar/data/313927/000031392799000147/0000313927-99-000147-index.html",
    "finalLink": "https://www.sec.gov/Archives/edgar/data/313927/000031392799000147/"
  },
  {
    "date": "1999-04-02",
    "symbol": "CHD",
    "reportedCurrency": "USD",
    "cik": "0000313927",
    "fillingDate": "1999-05-11",
    "acceptedDate": "1999-05-11 00:00:00",
    "calendarYear": "1999",
    "period": "Q1",
    "revenue": 174700000,
    "costOfRevenue": 93100000,
    "grossProfit": 81608000,
    "grossProfitRatio": 0.4671322267,
    "researchAndDevelopmentExpenses": 0,
    "generalAndAdministrativeExpenses": 0,
    "sellingAndMarketingExpenses": 0,
    "sellingGeneralAndAdministrativeExpenses": 65600000,
    "otherExpenses": 4500000,
    "operatingExpenses": 70100000,
    "costAndExpenses": 163200000,
    "interestIncome": 0,
    "interestExpense": 0,
    "depreciationAndAmortization": 4500000,
    "ebitda": 16008000,
    "ebitdaratio": 0.0916313681,
    "operatingIncome": 11508000,
    "operatingIncomeRatio": 0.065872925,
    "totalOtherIncomeExpensesNet": 8400000,
    "incomeBeforeTax": 19900000,
    "incomeBeforeTaxRatio": 0.1139095592,
    "incomeTaxExpense": 7500000,
    "netIncome": 12400000,
    "netIncomeRatio": 0.0709788208,
    "eps": 0.0534,
    "epsdiluted": 0.0517,
    "weightedAverageShsOut": 232383808,
    "weightedAverageShsOutDil": 239880060,
    "link": "https://www.sec.gov/Archives/edgar/data/313927/000031392799000096/0000313927-99-000096-index.html",
    "finalLink": "https://www.sec.gov/Archives/edgar/data/313927/"
  },
  {
    "date": "1998-12-31",
    "symbol": "CHD",
    "reportedCurrency": "USD",
    "cik": "0000313927",
    "fillingDate": "1999-03-31",
    "acceptedDate": "1999-03-31 00:00:00",
    "calendarYear": "1998",
    "period": "Q4",
    "revenue": 182000000,
    "costOfRevenue": 86600000,
    "grossProfit": 95400000,
    "grossProfitRatio": 0.5241758242,
    "researchAndDevelopmentExpenses": 0,
    "generalAndAdministrativeExpenses": 0,
    "sellingAndMarketingExpenses": 0,
    "sellingGeneralAndAdministrativeExpenses": 77900000,
    "otherExpenses": 4000000,
    "operatingExpenses": 81900000,
    "costAndExpenses": 168500000,
    "interestIncome": 0,
    "interestExpense": 0,
    "depreciationAndAmortization": 4000000,
    "ebitda": 17500000,
    "ebitdaratio": 0.0961538462,
    "operatingIncome": 13500000,
    "operatingIncomeRatio": 0.0741758242,
    "totalOtherIncomeExpensesNet": -1900000,
    "incomeBeforeTax": 11600000,
    "incomeBeforeTaxRatio": 0.0637362637,
    "incomeTaxExpense": 2900000,
    "netIncome": 8700000,
    "netIncomeRatio": 0.0478021978,
    "eps": 0.0362,
    "epsdiluted": 0.0362,
    "weightedAverageShsOut": 235677255,
    "weightedAverageShsOutDil": 240300000,
    "link": "https://www.sec.gov/Archives/edgar/data/313927/000095012399002800/0000950123-99-002800-index.html",
    "finalLink": "https://www.sec.gov/Archives/edgar/data/313927/"
  },
  {
    "date": "1998-09-25",
    "symbol": "CHD",
    "reportedCurrency": "USD",
    "cik": "0000313927",
    "fillingDate": "1998-11-09",
    "acceptedDate": "1998-11-09 00:00:00",
    "calendarYear": "1998",
    "period": "Q3",
    "revenue": 176800000,
    "costOfRevenue": 97000000,
    "grossProfit": 79800000,
    "grossProfitRatio": 0.4513574661,
    "researchAndDevelopmentExpenses": 0,
    "generalAndAdministrativeExpenses": 0,
    "sellingAndMarketingExpenses": 0,
    "sellingGeneralAndAdministrativeExpenses": 63600000,
    "otherExpenses": 4200000,
    "operatingExpenses": 67800000,
    "costAndExpenses": 164800000,
    "interestIncome": 0,
    "interestExpense": 0,
    "depreciationAndAmortization": 4200000,
    "ebitda": 16200000,
    "ebitdaratio": 0.0916289593,
    "operatingIncome": 12000000,
    "operatingIncomeRatio": 0.0678733032,
    "totalOtherIncomeExpensesNet": 600000,
    "incomeBeforeTax": 12600000,
    "incomeBeforeTaxRatio": 0.0712669683,
    "incomeTaxExpense": 4800000,
    "netIncome": 7800000,
    "netIncomeRatio": 0.0441176471,
    "eps": 0.0334,
    "epsdiluted": 0.0334,
    "weightedAverageShsOut": 233883058,
    "weightedAverageShsOutDil": 233883058,
    "link": "https://www.sec.gov/Archives/edgar/data/313927/000031392798000107/0000313927-98-000107-index.html",
    "finalLink": "https://www.sec.gov/Archives/edgar/data/313927/"
  },
  {
    "date": "1998-06-26",
    "symbol": "CHD",
    "reportedCurrency": "USD",
    "cik": "0000313927",
    "fillingDate": "1998-08-06",
    "acceptedDate": "1998-08-06 00:00:00",
    "calendarYear": "1998",
    "period": "Q2",
    "revenue": 173500000,
    "costOfRevenue": 94700000,
    "grossProfit": 78800000,
    "grossProfitRatio": 0.4541786744,
    "researchAndDevelopmentExpenses": 0,
    "generalAndAdministrativeExpenses": 0,
    "sellingAndMarketingExpenses": 0,
    "sellingGeneralAndAdministrativeExpenses": 66800000,
    "otherExpenses": 4200000,
    "operatingExpenses": 71000000,
    "costAndExpenses": 165700000,
    "interestIncome": 0,
    "interestExpense": 0,
    "depreciationAndAmortization": 4200000,
    "ebitda": 12000000,
    "ebitdaratio": 0.0691642651,
    "operatingIncome": 7800000,
    "operatingIncomeRatio": 0.0449567723,
    "totalOtherIncomeExpensesNet": 4800000,
    "incomeBeforeTax": 12600000,
    "incomeBeforeTaxRatio": 0.0726224784,
    "incomeTaxExpense": 4700000,
    "netIncome": 7900000,
    "netIncomeRatio": 0.0455331412,
    "eps": 0.035,
    "epsdiluted": 0.0334,
    "weightedAverageShsOut": 225601485,
    "weightedAverageShsOutDil": 236881559,
    "link": "https://www.sec.gov/Archives/edgar/data/313927/000031392798000096/0000313927-98-000096-index.html",
    "finalLink": "https://www.sec.gov/Archives/edgar/data/313927/"
  },
  {
    "date": "1998-03-27",
    "symbol": "CHD",
    "reportedCurrency": "USD",
    "cik": "0000313927",
    "fillingDate": "1998-05-06",
    "acceptedDate": "1998-05-06 00:00:00",
    "calendarYear": "1998",
    "period": "Q1",
    "revenue": 152000000,
    "costOfRevenue": 83700000,
    "grossProfit": 68300000,
    "grossProfitRatio": 0.4493421053,
    "researchAndDevelopmentExpenses": 0,
    "generalAndAdministrativeExpenses": 0,
    "sellingAndMarketingExpenses": 0,
    "sellingGeneralAndAdministrativeExpenses": 55700000,
    "otherExpenses": 4100000,
    "operatingExpenses": 59800000,
    "costAndExpenses": 143500000,
    "interestIncome": 0,
    "interestExpense": 0,
    "depreciationAndAmortization": 4100000,
    "ebitda": 12600000,
    "ebitdaratio": 0.0828947368,
    "operatingIncome": 8500000,
    "operatingIncomeRatio": 0.0559210526,
    "totalOtherIncomeExpensesNet": 1000000,
    "incomeBeforeTax": 9500000,
    "incomeBeforeTaxRatio": 0.0625,
    "incomeTaxExpense": 3600000,
    "netIncome": 5900000,
    "netIncomeRatio": 0.0388157895,
    "eps": 0.025,
    "epsdiluted": 0.025,
    "weightedAverageShsOut": 235882059,
    "weightedAverageShsOutDil": 235882059,
    "link": "https://www.sec.gov/Archives/edgar/data/313927/000031392798000078/0000313927-98-000078-index.html",
    "finalLink": "https://www.sec.gov/Archives/edgar/data/313927/"
  },
  {
    "date": "1997-12-31",
    "symbol": "CHD",
    "reportedCurrency": "USD",
    "cik": "0000313927",
    "fillingDate": "1998-03-31",
    "acceptedDate": "1998-03-31 00:00:00",
    "calendarYear": "1997",
    "period": "Q4",
    "revenue": 157100000,
    "costOfRevenue": 87900000,
    "grossProfit": 69200000,
    "grossProfitRatio": 0.4404837683,
    "researchAndDevelopmentExpenses": 0,
    "generalAndAdministrativeExpenses": 0,
    "sellingAndMarketingExpenses": 0,
    "sellingGeneralAndAdministrativeExpenses": 58900000,
    "otherExpenses": 3800000,
    "operatingExpenses": 62700000,
    "costAndExpenses": 150600000,
    "interestIncome": 0,
    "interestExpense": 0,
    "depreciationAndAmortization": 3800000,
    "ebitda": 10300000,
    "ebitdaratio": 0.0655633355,
    "operatingIncome": 6500000,
    "operatingIncomeRatio": 0.0413749204,
    "totalOtherIncomeExpensesNet": 1800000,
    "incomeBeforeTax": 8300000,
    "incomeBeforeTaxRatio": 0.0528325907,
    "incomeTaxExpense": 2700000,
    "netIncome": 5600000,
    "netIncomeRatio": 0.0356460853,
    "eps": 0.0234,
    "epsdiluted": 0.0234,
    "weightedAverageShsOut": 239200000,
    "weightedAverageShsOutDil": 239200000,
    "link": "https://www.sec.gov/Archives/edgar/data/313927/000095012398003168/0000950123-98-003168-index.html",
    "finalLink": "https://www.sec.gov/Archives/edgar/data/313927/"
  },
  {
    "date": "1997-09-26",
    "symbol": "CHD",
    "reportedCurrency": "USD",
    "cik": "0000313927",
    "fillingDate": "1997-11-07",
    "acceptedDate": "1997-11-07 00:00:00",
    "calendarYear": "1997",
    "period": "Q3",
    "revenue": 146300000,
    "costOfRevenue": 79700000,
    "grossProfit": 66600000,
    "grossProfitRatio": 0.4552289815,
    "researchAndDevelopmentExpenses": 0,
    "generalAndAdministrativeExpenses": 0,
    "sellingAndMarketingExpenses": 0,
    "sellingGeneralAndAdministrativeExpenses": 53900000,
    "otherExpenses": 3500000,
    "operatingExpenses": 57400000,
    "costAndExpenses": 137100000,
    "interestIncome": 0,
    "interestExpense": 0,
    "depreciationAndAmortization": 3500000,
    "ebitda": 12700000,
    "ebitdaratio": 0.0868079289,
    "operatingIncome": 9200000,
    "operatingIncomeRatio": 0.0628844839,
    "totalOtherIncomeExpensesNet": 1400000,
    "incomeBeforeTax": 10600000,
    "incomeBeforeTaxRatio": 0.0724538619,
    "incomeTaxExpense": 4200000,
    "netIncome": 6400000,
    "netIncomeRatio": 0.043745728,
    "eps": 0.0283,
    "epsdiluted": 0.0267,
    "weightedAverageShsOut": 225769468,
    "weightedAverageShsOutDil": 239880060,
    "link": "https://www.sec.gov/Archives/edgar/data/313927/000031392797000128/0000313927-97-000128-index.html",
    "finalLink": "https://www.sec.gov/Archives/edgar/data/313927/"
  },
  {
    "date": "1997-06-27",
    "symbol": "CHD",
    "reportedCurrency": "USD",
    "cik": "0000313927",
    "fillingDate": "1997-08-06",
    "acceptedDate": "1997-08-06 00:00:00",
    "calendarYear": "1997",
    "period": "Q2",
    "revenue": 141900000,
    "costOfRevenue": 77600000,
    "grossProfit": 64300000,
    "grossProfitRatio": 0.4531360113,
    "researchAndDevelopmentExpenses": 0,
    "generalAndAdministrativeExpenses": 0,
    "sellingAndMarketingExpenses": 0,
    "sellingGeneralAndAdministrativeExpenses": 52200000,
    "otherExpenses": 3500000,
    "operatingExpenses": 55700000,
    "costAndExpenses": 133300000,
    "interestIncome": 0,
    "interestExpense": 0,
    "depreciationAndAmortization": 3500000,
    "ebitda": 12100000,
    "ebitdaratio": 0.0852713178,
    "operatingIncome": 8600000,
    "operatingIncomeRatio": 0.0606060606,
    "totalOtherIncomeExpensesNet": 3000000,
    "incomeBeforeTax": 11600000,
    "incomeBeforeTaxRatio": 0.0817477097,
    "incomeTaxExpense": 4300000,
    "netIncome": 7300000,
    "netIncomeRatio": 0.0514446794,
    "eps": 0.0317,
    "epsdiluted": 0.0317,
    "weightedAverageShsOut": 230411110,
    "weightedAverageShsOutDil": 230411110,
    "link": "https://www.sec.gov/Archives/edgar/data/313927/000031392797000118/0000313927-97-000118-index.html",
    "finalLink": "https://www.sec.gov/Archives/edgar/data/313927/"
  },
  {
    "date": "1997-03-28",
    "symbol": "CHD",
    "reportedCurrency": "USD",
    "cik": "0000313927",
    "fillingDate": "1997-05-07",
    "acceptedDate": "1997-05-07 00:00:00",
    "calendarYear": "1997",
    "period": "Q1",
    "revenue": 129600000,
    "costOfRevenue": 71300000,
    "grossProfit": 58300000,
    "grossProfitRatio": 0.449845679,
    "researchAndDevelopmentExpenses": 0,
    "generalAndAdministrativeExpenses": 0,
    "sellingAndMarketingExpenses": 0,
    "sellingGeneralAndAdministrativeExpenses": 48700000,
    "otherExpenses": 3400000,
    "operatingExpenses": 52100000,
    "costAndExpenses": 123400000,
    "interestIncome": 0,
    "interestExpense": 0,
    "depreciationAndAmortization": 3400000,
    "ebitda": 9600000,
    "ebitdaratio": 0.0740740741,
    "operatingIncome": 6200000,
    "operatingIncomeRatio": 0.0478395062,
    "totalOtherIncomeExpensesNet": 2000000,
    "incomeBeforeTax": 8200000,
    "incomeBeforeTaxRatio": 0.0632716049,
    "incomeTaxExpense": 3000000,
    "netIncome": 5200000,
    "netIncomeRatio": 0.0401234568,
    "eps": 0.0233,
    "epsdiluted": 0.0217,
    "weightedAverageShsOut": 222745770,
    "weightedAverageShsOutDil": 239880060,
    "link": "https://www.sec.gov/Archives/edgar/data/313927/000031392797000103/0000313927-97-000103-index.html",
    "finalLink": "https://www.sec.gov/Archives/edgar/data/313927/"
  },
  {
    "date": "1996-12-31",
    "symbol": "CHD",
    "reportedCurrency": "USD",
    "cik": "0000313927",
    "fillingDate": "1997-03-27",
    "acceptedDate": "1997-03-27 00:00:00",
    "calendarYear": "1996",
    "period": "Q4",
    "revenue": 134500000,
    "costOfRevenue": 77800000,
    "grossProfit": 56700000,
    "grossProfitRatio": 0.4215613383,
    "researchAndDevelopmentExpenses": 0,
    "generalAndAdministrativeExpenses": 0,
    "sellingAndMarketingExpenses": 0,
    "sellingGeneralAndAdministrativeExpenses": 46400000,
    "otherExpenses": 3300000,
    "operatingExpenses": 49700000,
    "costAndExpenses": 127500000,
    "interestIncome": 0,
    "interestExpense": 0,
    "depreciationAndAmortization": 3300000,
    "ebitda": 10300000,
    "ebitdaratio": 0.0765799257,
    "operatingIncome": 7000000,
    "operatingIncomeRatio": 0.0520446097,
    "totalOtherIncomeExpensesNet": 1800000,
    "incomeBeforeTax": 8800000,
    "incomeBeforeTaxRatio": 0.0654275093,
    "incomeTaxExpense": 2800000,
    "netIncome": 6000000,
    "netIncomeRatio": 0.0446096654,
    "eps": 0.0251,
    "epsdiluted": 0.0251,
    "weightedAverageShsOut": 236444132,
    "weightedAverageShsOutDil": 239100000,
    "link": "https://www.sec.gov/Archives/edgar/data/313927/000095012397002608/0000950123-97-002608-index.html",
    "finalLink": "https://www.sec.gov/Archives/edgar/data/313927/"
  },
  {
    "date": "1996-09-27",
    "symbol": "CHD",
    "reportedCurrency": "USD",
    "cik": "0000313927",
    "fillingDate": "1996-11-12",
    "acceptedDate": "1996-11-12 00:00:00",
    "calendarYear": "1996",
    "period": "Q3",
    "revenue": 137100000,
    "costOfRevenue": 74800000,
    "grossProfit": 62300000,
    "grossProfitRatio": 0.4544128373,
    "researchAndDevelopmentExpenses": 0,
    "generalAndAdministrativeExpenses": 0,
    "sellingAndMarketingExpenses": 0,
    "sellingGeneralAndAdministrativeExpenses": 51900000,
    "otherExpenses": 3400000,
    "operatingExpenses": 55300000,
    "costAndExpenses": 130100000,
    "interestIncome": 0,
    "interestExpense": 0,
    "depreciationAndAmortization": 3400000,
    "ebitda": 10400000,
    "ebitdaratio": 0.0758570387,
    "operatingIncome": 7000000,
    "operatingIncomeRatio": 0.0510576222,
    "totalOtherIncomeExpensesNet": 1400000,
    "incomeBeforeTax": 8400000,
    "incomeBeforeTaxRatio": 0.0612691466,
    "incomeTaxExpense": 3200000,
    "netIncome": 5200000,
    "netIncomeRatio": 0.0379285193,
    "eps": 0.0233,
    "epsdiluted": 0.0217,
    "weightedAverageShsOut": 222745770,
    "weightedAverageShsOutDil": 239880060,
    "link": "https://www.sec.gov/Archives/edgar/data/313927/000095012396006380/0000950123-96-006380-index.html",
    "finalLink": "https://www.sec.gov/Archives/edgar/data/313927/"
  },
  {
    "date": "1996-06-28",
    "symbol": "CHD",
    "reportedCurrency": "USD",
    "cik": "0000313927",
    "fillingDate": "1996-08-09",
    "acceptedDate": "1996-08-09 00:00:00",
    "calendarYear": "1996",
    "period": "Q2",
    "revenue": 134600000,
    "costOfRevenue": 73400000,
    "grossProfit": 61200000,
    "grossProfitRatio": 0.4546805349,
    "researchAndDevelopmentExpenses": 0,
    "generalAndAdministrativeExpenses": 0,
    "sellingAndMarketingExpenses": 0,
    "sellingGeneralAndAdministrativeExpenses": 49200000,
    "otherExpenses": 3500000,
    "operatingExpenses": 52700000,
    "costAndExpenses": 126100000,
    "interestIncome": 0,
    "interestExpense": 0,
    "depreciationAndAmortization": 3500000,
    "ebitda": 12000000,
    "ebitdaratio": 0.0891530461,
    "operatingIncome": 8500000,
    "operatingIncomeRatio": 0.0631500743,
    "totalOtherIncomeExpensesNet": 1200000,
    "incomeBeforeTax": 9700000,
    "incomeBeforeTaxRatio": 0.0720653789,
    "incomeTaxExpense": 3600000,
    "netIncome": 6100000,
    "netIncomeRatio": 0.0453194651,
    "eps": 0.0267,
    "epsdiluted": 0.0267,
    "weightedAverageShsOut": 228635682,
    "weightedAverageShsOutDil": 228635682,
    "link": "https://www.sec.gov/Archives/edgar/data/313927/000031392796000011/0000313927-96-000011-index.html",
    "finalLink": "https://www.sec.gov/Archives/edgar/data/313927/"
  },
  {
    "date": "1996-03-29",
    "symbol": "CHD",
    "reportedCurrency": "USD",
    "cik": "0000313927",
    "fillingDate": "1996-05-08",
    "acceptedDate": "1996-05-08 00:00:00",
    "calendarYear": "1996",
    "period": "Q1",
    "revenue": 121500000,
    "costOfRevenue": 66400000,
    "grossProfit": 55100000,
    "grossProfitRatio": 0.4534979424,
    "researchAndDevelopmentExpenses": 0,
    "generalAndAdministrativeExpenses": 0,
    "sellingAndMarketingExpenses": 0,
    "sellingGeneralAndAdministrativeExpenses": 47000000,
    "otherExpenses": 3400000,
    "operatingExpenses": 50400000,
    "costAndExpenses": 116800000,
    "interestIncome": 0,
    "interestExpense": 0,
    "depreciationAndAmortization": 3400000,
    "ebitda": 8100000,
    "ebitdaratio": 0.0666666667,
    "operatingIncome": 4700000,
    "operatingIncomeRatio": 0.0386831276,
    "totalOtherIncomeExpensesNet": 1400000,
    "incomeBeforeTax": 6100000,
    "incomeBeforeTaxRatio": 0.0502057613,
    "incomeTaxExpense": 2300000,
    "netIncome": 3800000,
    "netIncomeRatio": 0.0312757202,
    "eps": 0.0167,
    "epsdiluted": 0.0167,
    "weightedAverageShsOut": 227886057,
    "weightedAverageShsOutDil": 227886057,
    "link": "https://www.sec.gov/Archives/edgar/data/313927/000031392796000006/0000313927-96-000006-index.html",
    "finalLink": "https://www.sec.gov/Archives/edgar/data/313927/"
  },
  {
    "date": "1995-12-31",
    "symbol": "CHD",
    "reportedCurrency": "USD",
    "cik": "0000313927",
    "fillingDate": "1996-03-29",
    "acceptedDate": "1996-03-29 00:00:00",
    "calendarYear": "1995",
    "period": "Q4",
    "revenue": 118300000,
    "costOfRevenue": 71300000,
    "grossProfit": 47000000,
    "grossProfitRatio": 0.3972950127,
    "researchAndDevelopmentExpenses": 0,
    "generalAndAdministrativeExpenses": 0,
    "sellingAndMarketingExpenses": 0,
    "sellingGeneralAndAdministrativeExpenses": 47300000,
    "otherExpenses": 3200000,
    "operatingExpenses": 50500000,
    "costAndExpenses": 121800000,
    "interestIncome": 0,
    "interestExpense": 0,
    "depreciationAndAmortization": 3200000,
    "ebitda": -300000,
    "ebitdaratio": -0.0025359256,
    "operatingIncome": -3500000,
    "operatingIncomeRatio": -0.0295857988,
    "totalOtherIncomeExpensesNet": 5700000,
    "incomeBeforeTax": 2200000,
    "incomeBeforeTaxRatio": 0.0185967878,
    "incomeTaxExpense": 400000,
    "netIncome": 1800000,
    "netIncomeRatio": 0.0152155537,
    "eps": 0.0077,
    "epsdiluted": 0.0077,
    "weightedAverageShsOut": 234300000,
    "weightedAverageShsOutDil": 234300000,
    "link": "https://www.sec.gov/Archives/edgar/data/313927/000095012396001450/0000950123-96-001450-index.html",
    "finalLink": "https://www.sec.gov/Archives/edgar/data/313927/"
  },
  {
    "date": "1995-09-29",
    "symbol": "CHD",
    "reportedCurrency": "USD",
    "cik": "0000313927",
    "fillingDate": "1995-11-13",
    "acceptedDate": "1995-11-13 00:00:00",
    "calendarYear": "1995",
    "period": "Q3",
    "revenue": 120500000,
    "costOfRevenue": 67800000,
    "grossProfit": 52700000,
    "grossProfitRatio": 0.4373443983,
    "researchAndDevelopmentExpenses": 0,
    "generalAndAdministrativeExpenses": 0,
    "sellingAndMarketingExpenses": 0,
    "sellingGeneralAndAdministrativeExpenses": 43800000,
    "otherExpenses": 3500000,
    "operatingExpenses": 47300000,
    "costAndExpenses": 115100000,
    "interestIncome": 0,
    "interestExpense": 0,
    "depreciationAndAmortization": 3500000,
    "ebitda": 8900000,
    "ebitdaratio": 0.0738589212,
    "operatingIncome": 5400000,
    "operatingIncomeRatio": 0.044813278,
    "totalOtherIncomeExpensesNet": -2500000,
    "incomeBeforeTax": 2900000,
    "incomeBeforeTaxRatio": 0.02406639,
    "incomeTaxExpense": 1300000,
    "netIncome": 1600000,
    "netIncomeRatio": 0.0132780083,
    "eps": 0.0067,
    "epsdiluted": 0.0067,
    "weightedAverageShsOut": 239880060,
    "weightedAverageShsOutDil": 239880060,
    "link": "https://www.sec.gov/Archives/edgar/data/313927/000031392795000016/0000313927-95-000016-index.html",
    "finalLink": "https://www.sec.gov/Archives/edgar/data/313927/"
  }
]