[
  {
    "date": "2024-12-31",
    "symbol": "CHD",
    "reportedCurrency": "USD",
    "cik": "0000313927",
    "fillingDate": "2025-02-13",
    "acceptedDate": "2025-02-13 15:36:46",
    "calendarYear": "2024",
    "period": "FY",
    "revenue": 6107100000,
    "costOfRevenue": 3317000000,
    "grossProfit": 2790100000,
    "grossProfitRatio": 0.4568616856,
    "researchAndDevelopmentExpenses": 0,
    "generalAndAdministrativeExpenses": 927800000,
    "sellingAndMarketingExpenses": 698100000,
    "sellingGeneralAndAdministrativeExpenses": 1625900000,
    "otherExpenses": 357100000,
    "operatingExpenses": 1983000000,
    "costAndExpenses": 5300000000,
    "interestIncome": 26300000,
    "interestExpense": 95000000,
    "depreciationAndAmortization": 239100000,
    "ebitda": 1090400000,
    "ebitdaratio": 0.1785462822,
    "operatingIncome": 807100000,
    "operatingIncomeRatio": 0.1321576526,
    "totalOtherIncomeExpensesNet": -50800000,
    "incomeBeforeTax": 756300000,
    "incomeBeforeTaxRatio": 0.1238394655,
    "incomeTaxExpense": 171000000,
    "netIncome": 585300000,
    "netIncomeRatio": 0.095839269,
    "eps": 2.39,
    "epsdiluted": 2.37,
    "weightedAverageShsOut": 246900000,
    "weightedAverageShsOutDil": 246900000,
    "link": "https://www.sec.gov/Archives/edgar/data/313927/000095017025019801/0000950170-25-019801-index.htm",
    "finalLink": "https://www.sec.gov/Archives/edgar/data/313927/000095017025019801/chd-20241231.htm"
  },
  {
    "date": "2023-12-31",
    "symbol": "CHD",
    "reportedCurrency": "USD",
    "cik": "0000313927",
    "fillingDate": "2024-02-15",
    "acceptedDate": "2024-02-15 15:17:58",
    "calendarYear": "2023",
    "period": "FY",
    "revenue": 5867900000,
    "costOfRevenue": 3279400000,
    "grossProfit": 2588500000,
    "grossProfitRatio": 0.4411288536,
    "researchAndDevelopmentExpenses": 0,
    "generalAndAdministrativeExpenses": 889800000,
    "sellingAndMarketingExpenses": 641300000,
    "sellingGeneralAndAdministrativeExpenses": 1531100000,
    "otherExpenses": 0,
    "operatingExpenses": 1531100000,
    "costAndExpenses": 4810500000,
    "interestIncome": 13000000,
    "interestExpense": 110900000,
    "depreciationAndAmortization": 225200000,
    "ebitda": 1303500000,
    "ebitdaratio": 0.2221407999,
    "operatingIncome": 1057400000,
    "operatingIncomeRatio": 0.1802007533,
    "totalOtherIncomeExpensesNet": -90000000,
    "incomeBeforeTax": 967400000,
    "incomeBeforeTaxRatio": 0.1648630686,
    "incomeTaxExpense": 211800000,
    "netIncome": 755600000,
    "netIncomeRatio": 0.1287683839,
    "eps": 3.09,
    "epsdiluted": 3.05,
    "weightedAverageShsOut": 244900000,
    "weightedAverageShsOutDil": 247600000,
    "link": "https://www.sec.gov/Archives/edgar/data/313927/000095017024015810/0000950170-24-015810-index.htm",
    "finalLink": "https://www.sec.gov/Archives/edgar/data/313927/000095017024015810/chd-20231231.htm"
  },
  {
    "date": "2022-12-31",
    "symbol": "CHD",
    "reportedCurrency": "USD",
    "cik": "0000313927",
    "fillingDate": "2023-02-16",
    "acceptedDate": "2023-02-16 16:28:52",
    "calendarYear": "2022",
    "period": "FY",
    "revenue": 5375600000,
    "costOfRevenue": 3125600000,
    "grossProfit": 2250000000,
    "grossProfitRatio": 0.4185579284,
    "researchAndDevelopmentExpenses": 0,
    "generalAndAdministrativeExpenses": 706000000,
    "sellingAndMarketingExpenses": 535200000,
    "sellingGeneralAndAdministrativeExpenses": 1241200000,
    "otherExpenses": 411000000,
    "operatingExpenses": 1652200000,
    "costAndExpenses": 4777800000,
    "interestIncome": 3800000,
    "interestExpense": 89600000,
    "depreciationAndAmortization": 219000000,
    "ebitda": 831900000,
    "ebitdaratio": 0.1547548181,
    "operatingIncome": 597800000,
    "operatingIncomeRatio": 0.1112061909,
    "totalOtherIncomeExpensesNet": -74500000,
    "incomeBeforeTax": 523300000,
    "incomeBeforeTaxRatio": 0.0973472729,
    "incomeTaxExpense": 109400000,
    "netIncome": 413900000,
    "netIncomeRatio": 0.0769960563,
    "eps": 1.7,
    "epsdiluted": 1.68,
    "weightedAverageShsOut": 242900000,
    "weightedAverageShsOutDil": 246300000,
    "link": "https://www.sec.gov/Archives/edgar/data/313927/000095017023003066/0000950170-23-003066-index.htm",
    "finalLink": "https://www.sec.gov/Archives/edgar/data/313927/000095017023003066/chd-20221231.htm"
  },
  {
    "date": "2021-12-31",
    "symbol": "CHD",
    "reportedCurrency": "USD",
    "cik": "0000313927",
    "fillingDate": "2022-02-17",
    "acceptedDate": "2022-02-17 14:06:45",
    "calendarYear": "2021",
    "period": "FY",
    "revenue": 5190100000,
    "costOfRevenue": 2926600000,
    "grossProfit": 2263500000,
    "grossProfitRatio": 0.4361187646,
    "researchAndDevelopmentExpenses": 0,
    "generalAndAdministrativeExpenses": 606700000,
    "sellingAndMarketingExpenses": 577700000,
    "sellingGeneralAndAdministrativeExpenses": 1184400000,
    "otherExpenses": 0,
    "operatingExpenses": 1184400000,
    "costAndExpenses": 4111000000,
    "interestIncome": 0,
    "interestExpense": 54500000,
    "depreciationAndAmortization": 219100000,
    "ebitda": 1305300000,
    "ebitdaratio": 0.2514980444,
    "operatingIncome": 1079100000,
    "operatingIncomeRatio": 0.2079150691,
    "totalOtherIncomeExpensesNet": -47400000,
    "incomeBeforeTax": 1031700000,
    "incomeBeforeTaxRatio": 0.1987822971,
    "incomeTaxExpense": 204200000,
    "netIncome": 827500000,
    "netIncomeRatio": 0.1594381611,
    "eps": 3.38,
    "epsdiluted": 3.32,
    "weightedAverageShsOut": 244900000,
    "weightedAverageShsOutDil": 249600000,
    "link": "https://www.sec.gov/Archives/edgar/data/313927/000156459022005528/0001564590-22-005528-index.htm",
    "finalLink": "https://www.sec.gov/Archives/edgar/data/313927/000156459022005528/chd-10k_20211231.htm"
  },
  {
    "date": "2020-12-31",
    "symbol": "CHD",
    "reportedCurrency": "USD",
    "cik": "0000313927",
    "fillingDate": "2021-02-18",
    "acceptedDate": "2021-02-18 16:14:12",
    "calendarYear": "2020",
    "period": "FY",
    "revenue": 4895800000,
    "costOfRevenue": 2681600000,
    "grossProfit": 2214200000,
    "grossProfitRatio": 0.4522652069,
    "researchAndDevelopmentExpenses": 0,
    "generalAndAdministrativeExpenses": 593300000,
    "sellingAndMarketingExpenses": 591200000,
    "sellingGeneralAndAdministrativeExpenses": 1184500000,
    "otherExpenses": 0,
    "operatingExpenses": 1184500000,
    "costAndExpenses": 3866100000,
    "interestIncome": 0,
    "interestExpense": 61000000,
    "depreciationAndAmortization": 189700000,
    "ebitda": 1224500000,
    "ebitdaratio": 0.2501123412,
    "operatingIncome": 1029700000,
    "operatingIncomeRatio": 0.2103231341,
    "totalOtherIncomeExpensesNet": -55900000,
    "incomeBeforeTax": 973800000,
    "incomeBeforeTaxRatio": 0.198905184,
    "incomeTaxExpense": 187900000,
    "netIncome": 785900000,
    "netIncomeRatio": 0.1605253483,
    "eps": 3.18,
    "epsdiluted": 3.12,
    "weightedAverageShsOut": 246800000,
    "weightedAverageShsOutDil": 252200000,
    "link": "https://www.sec.gov/Archives/edgar/data/313927/000156459021006669/0001564590-21-006669-index.htm",
    "finalLink": "https://www.sec.gov/Archives/edgar/data/313927/000156459021006669/chd-10k_20201231.htm"
  },
  {
    "date": "2019-12-31",
    "symbol": "CHD",
    "reportedCurrency": "USD",
    "cik": "0000313927",
    "fillingDate": "2020-02-18",
    "acceptedDate": "2020-02-18 11:12:28",
    "calendarYear": "2019",
    "period": "FY",
    "revenue": 4357700000,
    "costOfRevenue": 2373700000,
    "grossProfit": 1984000000,
    "grossProfitRatio": 0.4552860454,
    "researchAndDevelopmentExpenses": 0,
    "generalAndAdministrativeExpenses": 628800000,
    "sellingAndMarketingExpenses": 515000000,
    "sellingGeneralAndAdministrativeExpenses": 1143800000,
    "otherExpenses": 0,
    "operatingExpenses": 1143800000,
    "costAndExpenses": 3517500000,
    "interestIncome": 0,
    "interestExpense": 73600000,
    "depreciationAndAmortization": 176400000,
    "ebitda": 1023700000,
    "ebitdaratio": 0.2349175024,
    "operatingIncome": 840200000,
    "operatingIncomeRatio": 0.1928081327,
    "totalOtherIncomeExpensesNet": -66500000,
    "incomeBeforeTax": 773700000,
    "incomeBeforeTaxRatio": 0.177547789,
    "incomeTaxExpense": 157800000,
    "netIncome": 615900000,
    "netIncomeRatio": 0.1413360259,
    "eps": 2.5,
    "epsdiluted": 2.44,
    "weightedAverageShsOut": 246200000,
    "weightedAverageShsOutDil": 252100000,
    "link": "https://www.sec.gov/Archives/edgar/data/313927/000156459020004956/0001564590-20-004956-index.htm",
    "finalLink": "https://www.sec.gov/Archives/edgar/data/313927/000156459020004956/chd-10k_20191231.htm"
  },
  {
    "date": "2018-12-31",
    "symbol": "CHD",
    "reportedCurrency": "USD",
    "cik": "0000313927",
    "fillingDate": "2019-02-21",
    "acceptedDate": "2019-02-21 12:35:48",
    "calendarYear": "2018",
    "period": "FY",
    "revenue": 4145900000,
    "costOfRevenue": 2305100000,
    "grossProfit": 1840800000,
    "grossProfitRatio": 0.4440049205,
    "researchAndDevelopmentExpenses": 0,
    "generalAndAdministrativeExpenses": 565900000,
    "sellingAndMarketingExpenses": 483200000,
    "sellingGeneralAndAdministrativeExpenses": 1049100000,
    "otherExpenses": 0,
    "operatingExpenses": 1049100000,
    "costAndExpenses": 3354200000,
    "interestIncome": 0,
    "interestExpense": 79400000,
    "depreciationAndAmortization": 141100000,
    "ebitda": 940000000,
    "ebitdaratio": 0.2267300224,
    "operatingIncome": 791700000,
    "operatingIncomeRatio": 0.1909597434,
    "totalOtherIncomeExpensesNet": -72200000,
    "incomeBeforeTax": 719500000,
    "incomeBeforeTaxRatio": 0.173544948,
    "incomeTaxExpense": 150900000,
    "netIncome": 568600000,
    "netIncomeRatio": 0.1371475434,
    "eps": 2.32,
    "epsdiluted": 2.27,
    "weightedAverageShsOut": 245500000,
    "weightedAverageShsOutDil": 250700000,
    "link": "https://www.sec.gov/Archives/edgar/data/313927/000156459019003587/0001564590-19-003587-index.htm",
    "finalLink": "https://www.sec.gov/Archives/edgar/data/313927/000156459019003587/chd-10k_20181231.htm"
  },
  {
    "date": "2017-12-31",
    "symbol": "CHD",
    "reportedCurrency": "USD",
    "cik": "0000313927",
    "fillingDate": "2018-02-23",
    "acceptedDate": "2018-02-23 11:47:48",
    "calendarYear": "2017",
    "period": "FY",
    "revenue": 3776200000,
    "costOfRevenue": 2046600000,
    "grossProfit": 1729600000,
    "grossProfitRatio": 0.4580265876,
    "researchAndDevelopmentExpenses": 0,
    "generalAndAdministrativeExpenses": 542700000,
    "sellingAndMarketingExpenses": 454200000,
    "sellingGeneralAndAdministrativeExpenses": 996900000,
    "otherExpenses": 0,
    "operatingExpenses": 996900000,
    "costAndExpenses": 3043500000,
    "interestIncome": 0,
    "interestExpense": 52600000,
    "depreciationAndAmortization": 125400000,
    "ebitda": 870700000,
    "ebitdaratio": 0.230575711,
    "operatingIncome": 732700000,
    "operatingIncomeRatio": 0.1940310365,
    "totalOtherIncomeExpensesNet": -40000000,
    "incomeBeforeTax": 692700000,
    "incomeBeforeTaxRatio": 0.1834383772,
    "incomeTaxExpense": -50700000,
    "netIncome": 743400000,
    "netIncomeRatio": 0.1968645729,
    "eps": 2.97,
    "epsdiluted": 2.9,
    "weightedAverageShsOut": 250600000,
    "weightedAverageShsOutDil": 256100000,
    "link": "https://www.sec.gov/Archives/edgar/data/313927/000156459018002984/0001564590-18-002984-index.htm",
    "finalLink": "https://www.sec.gov/Archives/edgar/data/313927/000156459018002984/chd-10k_20171231.htm"
  },
  {
    "date": "2016-12-31",
    "symbol": "CHD",
    "reportedCurrency": "USD",
    "cik": "0000313927",
    "fillingDate": "2017-02-24",
    "acceptedDate": "2017-02-24 10:39:11",
    "calendarYear": "2016",
    "period": "FY",
    "revenue": 3493100000,
    "costOfRevenue": 1902500000,
    "grossProfit": 1590600000,
    "grossProfitRatio": 0.4553548424,
    "researchAndDevelopmentExpenses": 0,
    "generalAndAdministrativeExpenses": 439200000,
    "sellingAndMarketingExpenses": 427200000,
    "sellingGeneralAndAdministrativeExpenses": 866400000,
    "otherExpenses": 0,
    "operatingExpenses": 866400000,
    "costAndExpenses": 2768900000,
    "interestIncome": 0,
    "interestExpense": 27700000,
    "depreciationAndAmortization": 107600000,
    "ebitda": 841200000,
    "ebitdaratio": 0.2408176119,
    "operatingIncome": 724200000,
    "operatingIncomeRatio": 0.2073230082,
    "totalOtherIncomeExpensesNet": -18300000,
    "incomeBeforeTax": 705900000,
    "incomeBeforeTaxRatio": 0.2020841087,
    "incomeTaxExpense": 246900000,
    "netIncome": 459000000,
    "netIncomeRatio": 0.1314019066,
    "eps": 1.78,
    "epsdiluted": 1.75,
    "weightedAverageShsOut": 257600000,
    "weightedAverageShsOutDil": 262100000,
    "link": "https://www.sec.gov/Archives/edgar/data/313927/000156459017002326/0001564590-17-002326-index.htm",
    "finalLink": "https://www.sec.gov/Archives/edgar/data/313927/000156459017002326/chd-10k_20161231.htm"
  },
  {
    "date": "2015-12-31",
    "symbol": "CHD",
    "reportedCurrency": "USD",
    "cik": "0000313927",
    "fillingDate": "2016-02-19",
    "acceptedDate": "2016-02-19 12:27:20",
    "calendarYear": "2015",
    "period": "FY",
    "revenue": 3394800000,
    "costOfRevenue": 1883000000,
    "grossProfit": 1511800000,
    "grossProfitRatio": 0.4453281489,
    "researchAndDevelopmentExpenses": 0,
    "generalAndAdministrativeExpenses": 420100000,
    "sellingAndMarketingExpenses": 417500000,
    "sellingGeneralAndAdministrativeExpenses": 837600000,
    "otherExpenses": 0,
    "operatingExpenses": 837600000,
    "costAndExpenses": 2720600000,
    "interestIncome": 0,
    "interestExpense": 30500000,
    "depreciationAndAmortization": 101000000,
    "ebitda": 766900000,
    "ebitdaratio": 0.2259043243,
    "operatingIncome": 674200000,
    "operatingIncomeRatio": 0.1985978555,
    "totalOtherIncomeExpensesNet": -38800000,
    "incomeBeforeTax": 635400000,
    "incomeBeforeTaxRatio": 0.1871686108,
    "incomeTaxExpense": 225000000,
    "netIncome": 410400000,
    "netIncomeRatio": 0.1208907741,
    "eps": 1.57,
    "epsdiluted": 1.54,
    "weightedAverageShsOut": 262200000,
    "weightedAverageShsOutDil": 267200000,
    "link": "https://www.sec.gov/Archives/edgar/data/313927/000156459016012917/0001564590-16-012917-index.htm",
    "finalLink": "https://www.sec.gov/Archives/edgar/data/313927/000156459016012917/chd-10k_20151231.htm"
  },
  {
    "date": "2014-12-31",
    "symbol": "CHD",
    "reportedCurrency": "USD",
    "cik": "0000313927",
    "fillingDate": "2015-02-20",
    "acceptedDate": "2015-02-20 11:29:47",
    "calendarYear": "2014",
    "period": "FY",
    "revenue": 3297600000,
    "costOfRevenue": 1844700000,
    "grossProfit": 1452900000,
    "grossProfitRatio": 0.4405931587,
    "researchAndDevelopmentExpenses": 0,
    "generalAndAdministrativeExpenses": 394800000,
    "sellingAndMarketingExpenses": 416900000,
    "sellingGeneralAndAdministrativeExpenses": 811700000,
    "otherExpenses": 0,
    "operatingExpenses": 811700000,
    "costAndExpenses": 2656400000,
    "interestIncome": 0,
    "interestExpense": 27400000,
    "depreciationAndAmortization": 91200000,
    "ebitda": 743500000,
    "ebitdaratio": 0.2254670063,
    "operatingIncome": 641200000,
    "operatingIncomeRatio": 0.1944444444,
    "totalOtherIncomeExpensesNet": -16300000,
    "incomeBeforeTax": 624900000,
    "incomeBeforeTaxRatio": 0.1895014556,
    "incomeTaxExpense": 211000000,
    "netIncome": 413900000,
    "netIncomeRatio": 0.1255155264,
    "eps": 1.53,
    "epsdiluted": 1.51,
    "weightedAverageShsOut": 270200000,
    "weightedAverageShsOutDil": 275000000,
    "link": "https://www.sec.gov/Archives/edgar/data/313927/000156459015000786/0001564590-15-000786-index.htm",
    "finalLink": "https://www.sec.gov/Archives/edgar/data/313927/000156459015000786/chd-10k_20141231.htm"
  },
  {
    "date": "2013-12-31",
    "symbol": "CHD",
    "reportedCurrency": "USD",
    "cik": "0000313927",
    "fillingDate": "2014-02-21",
    "acceptedDate": "2014-02-21 12:42:51",
    "calendarYear": "2013",
    "period": "FY",
    "revenue": 3194300000,
    "costOfRevenue": 1756300000,
    "grossProfit": 1438000000,
    "grossProfitRatio": 0.4501768776,
    "researchAndDevelopmentExpenses": 0,
    "generalAndAdministrativeExpenses": 416000000,
    "sellingAndMarketingExpenses": 399800000,
    "sellingGeneralAndAdministrativeExpenses": 815800000,
    "otherExpenses": 0,
    "operatingExpenses": 815800000,
    "costAndExpenses": 2572100000,
    "interestIncome": 0,
    "interestExpense": 27700000,
    "depreciationAndAmortization": 90500000,
    "ebitda": 716000000,
    "ebitdaratio": 0.2241492659,
    "operatingIncome": 622200000,
    "operatingIncomeRatio": 0.1947844598,
    "totalOtherIncomeExpensesNet": -24400000,
    "incomeBeforeTax": 597800000,
    "incomeBeforeTaxRatio": 0.1871458536,
    "incomeTaxExpense": 203400000,
    "netIncome": 394400000,
    "netIncomeRatio": 0.1234699308,
    "eps": 1.43,
    "epsdiluted": 1.4,
    "weightedAverageShsOut": 277200000,
    "weightedAverageShsOutDil": 282400000,
    "link": "https://www.sec.gov/Archives/edgar/data/313927/000119312514062315/0001193125-14-062315-index.htm",
    "finalLink": "https://www.sec.gov/Archives/edgar/data/313927/000119312514062315/d638344d10k.htm"
  },
  {
    "date": "2012-12-31",
    "symbol": "CHD",
    "reportedCurrency": "USD",
    "cik": "0000313927",
    "fillingDate": "2013-02-22",
    "acceptedDate": "2013-02-22 14:07:00",
    "calendarYear": "2012",
    "period": "FY",
    "revenue": 2921900000,
    "costOfRevenue": 1630500000,
    "grossProfit": 1291400000,
    "grossProfitRatio": 0.441972689,
    "researchAndDevelopmentExpenses": 0,
    "generalAndAdministrativeExpenses": 389000000,
    "sellingAndMarketingExpenses": 357300000,
    "sellingGeneralAndAdministrativeExpenses": 746300000,
    "otherExpenses": 0,
    "operatingExpenses": 746300000,
    "costAndExpenses": 2376800000,
    "interestIncome": 0,
    "interestExpense": 14000000,
    "depreciationAndAmortization": 85000000,
    "ebitda": 641500000,
    "ebitdaratio": 0.2195489236,
    "operatingIncome": 545100000,
    "operatingIncomeRatio": 0.1865566926,
    "totalOtherIncomeExpensesNet": -2600000,
    "incomeBeforeTax": 542500000,
    "incomeBeforeTaxRatio": 0.1856668606,
    "incomeTaxExpense": 192700000,
    "netIncome": 349800000,
    "netIncomeRatio": 0.1197166227,
    "eps": 1.25,
    "epsdiluted": 1.23,
    "weightedAverageShsOut": 280200000,
    "weightedAverageShsOutDil": 285400000,
    "link": "https://www.sec.gov/Archives/edgar/data/313927/000119312513071188/0001193125-13-071188-index.htm",
    "finalLink": "https://www.sec.gov/Archives/edgar/data/313927/000119312513071188/d445489d10k.htm"
  },
  {
    "date": "2011-12-31",
    "symbol": "CHD",
    "reportedCurrency": "USD",
    "cik": "0000313927",
    "fillingDate": "2012-02-24",
    "acceptedDate": "2012-02-24 13:07:49",
    "calendarYear": "2011",
    "period": "FY",
    "revenue": 2749300000,
    "costOfRevenue": 1534800000,
    "grossProfit": 1214500000,
    "grossProfitRatio": 0.4417488088,
    "researchAndDevelopmentExpenses": 0,
    "generalAndAdministrativeExpenses": 367800000,
    "sellingAndMarketingExpenses": 354100000,
    "sellingGeneralAndAdministrativeExpenses": 721900000,
    "otherExpenses": 0,
    "operatingExpenses": 721900000,
    "costAndExpenses": 2256700000,
    "interestIncome": 1900000,
    "interestExpense": 8700000,
    "depreciationAndAmortization": 77100000,
    "ebitda": 580400000,
    "ebitdaratio": 0.2111082821,
    "operatingIncome": 492600000,
    "operatingIncomeRatio": 0.1791728804,
    "totalOtherIncomeExpensesNet": 2000000,
    "incomeBeforeTax": 494600000,
    "incomeBeforeTaxRatio": 0.1799003383,
    "incomeTaxExpense": 185000000,
    "netIncome": 309600000,
    "netIncomeRatio": 0.1126104827,
    "eps": 1.08,
    "epsdiluted": 1.06,
    "weightedAverageShsOut": 286400000,
    "weightedAverageShsOutDil": 291600000,
    "link": "https://www.sec.gov/Archives/edgar/data/313927/000119312512077495/0001193125-12-077495-index.htm",
    "finalLink": "https://www.sec.gov/Archives/edgar/data/313927/000119312512077495/d259084d10k.htm"
  },
  {
    "date": "2010-12-31",
    "symbol": "CHD",
    "reportedCurrency": "USD",
    "cik": "0000313927",
    "fillingDate": "2011-02-24",
    "acceptedDate": "2011-02-24 16:54:55",
    "calendarYear": "2010",
    "period": "FY",
    "revenue": 2589220000,
    "costOfRevenue": 1431400000,
    "grossProfit": 1157800000,
    "grossProfitRatio": 0.4471616935,
    "researchAndDevelopmentExpenses": 0,
    "generalAndAdministrativeExpenses": 374800000,
    "sellingAndMarketingExpenses": 337978000,
    "sellingGeneralAndAdministrativeExpenses": 712812000,
    "otherExpenses": 0,
    "operatingExpenses": 712812000,
    "costAndExpenses": 2144267000,
    "interestIncome": 597000,
    "interestExpense": 27777000,
    "depreciationAndAmortization": 71600000,
    "ebitda": 517700000,
    "ebitdaratio": 0.1999443848,
    "operatingIncome": 445000000,
    "operatingIncomeRatio": 0.1718664308,
    "totalOtherIncomeExpensesNet": -26697000,
    "incomeBeforeTax": 418256000,
    "incomeBeforeTaxRatio": 0.1615374514,
    "incomeTaxExpense": 147562000,
    "netIncome": 270717000,
    "netIncomeRatio": 0.104555426,
    "eps": 0.96,
    "epsdiluted": 0.94,
    "weightedAverageShsOut": 284000000,
    "weightedAverageShsOutDil": 288800000,
    "link": "https://www.sec.gov/Archives/edgar/data/313927/000119312511045474/0001193125-11-045474-index.htm",
    "finalLink": "https://www.sec.gov/Archives/edgar/data/313927/000119312511045474/d10k.htm"
  },
  {
    "date": "2009-12-31",
    "symbol": "CHD",
    "reportedCurrency": "USD",
    "cik": "0000313927",
    "fillingDate": "2010-02-24",
    "acceptedDate": "2010-02-24 16:55:45",
    "calendarYear": "2009",
    "period": "FY",
    "revenue": 2520922000,
    "costOfRevenue": 1419932000,
    "grossProfit": 1100990000,
    "grossProfitRatio": 0.4367410019,
    "researchAndDevelopmentExpenses": 0,
    "generalAndAdministrativeExpenses": 354510000,
    "sellingAndMarketingExpenses": 353588000,
    "sellingGeneralAndAdministrativeExpenses": 708098000,
    "otherExpenses": -20000000,
    "operatingExpenses": 688098000,
    "costAndExpenses": 2108030000,
    "interestIncome": 1325000,
    "interestExpense": 35568000,
    "depreciationAndAmortization": 85352000,
    "ebitda": 513156000,
    "ebitdaratio": 0.2035588566,
    "operatingIncome": 412892000,
    "operatingIncomeRatio": 0.1637861068,
    "totalOtherIncomeExpensesNet": -20656000,
    "incomeBeforeTax": 392236000,
    "incomeBeforeTaxRatio": 0.1555922793,
    "incomeTaxExpense": 148715000,
    "netIncome": 243533000,
    "netIncomeRatio": 0.0966047343,
    "eps": 0.87,
    "epsdiluted": 0.85,
    "weightedAverageShsOut": 281516000,
    "weightedAverageShsOutDil": 285908000,
    "link": "https://www.sec.gov/Archives/edgar/data/313927/000119312510038997/0001193125-10-038997-index.htm",
    "finalLink": "https://www.sec.gov/Archives/edgar/data/313927/000119312510038997/d10k.htm"
  },
  {
    "date": "2008-12-31",
    "symbol": "CHD",
    "reportedCurrency": "USD",
    "cik": "0000313927",
    "fillingDate": "2009-02-24",
    "acceptedDate": "2009-02-24 15:41:30",
    "calendarYear": "2008",
    "period": "FY",
    "revenue": 2422398000,
    "costOfRevenue": 1450680000,
    "grossProfit": 971718000,
    "grossProfitRatio": 0.4011388715,
    "researchAndDevelopmentExpenses": 0,
    "generalAndAdministrativeExpenses": 337256000,
    "sellingAndMarketingExpenses": 294130000,
    "sellingGeneralAndAdministrativeExpenses": 631386000,
    "otherExpenses": 0,
    "operatingExpenses": 631386000,
    "costAndExpenses": 2082066000,
    "interestIncome": 6747000,
    "interestExpense": 46945000,
    "depreciationAndAmortization": 71404000,
    "ebitda": 426609000,
    "ebitdaratio": 0.1761102015,
    "operatingIncome": 340332000,
    "operatingIncomeRatio": 0.1404938412,
    "totalOtherIncomeExpensesNet": -32072000,
    "incomeBeforeTax": 308260000,
    "incomeBeforeTaxRatio": 0.1272540681,
    "incomeTaxExpense": 113078000,
    "netIncome": 195174000,
    "netIncomeRatio": 0.0805705751,
    "eps": 0.72,
    "epsdiluted": 0.7,
    "weightedAverageShsOut": 271480000,
    "weightedAverageShsOutDil": 284464000,
    "link": "https://www.sec.gov/Archives/edgar/data/313927/000119312509036152/0001193125-09-036152-index.htm",
    "finalLink": "https://www.sec.gov/Archives/edgar/data/313927/000119312509036152/d10k.htm"
  },
  {
    "date": "2007-12-31",
    "symbol": "CHD",
    "reportedCurrency": "USD",
    "cik": "0000313927",
    "fillingDate": "2008-02-27",
    "acceptedDate": "2008-02-27 14:03:19",
    "calendarYear": "2007",
    "period": "FY",
    "revenue": 2220940000,
    "costOfRevenue": 1353042000,
    "grossProfit": 867898000,
    "grossProfitRatio": 0.3907795798,
    "researchAndDevelopmentExpenses": 0,
    "generalAndAdministrativeExpenses": 0,
    "sellingAndMarketingExpenses": 256743000,
    "sellingGeneralAndAdministrativeExpenses": 562864000,
    "otherExpenses": 0,
    "operatingExpenses": 562864000,
    "costAndExpenses": 1915906000,
    "interestIncome": 0,
    "interestExpense": 0,
    "depreciationAndAmortization": 56671000,
    "ebitda": 361705000,
    "ebitdaratio": 0.1628612209,
    "operatingIncome": 305034000,
    "operatingIncomeRatio": 0.1373445478,
    "totalOtherIncomeExpensesNet": -40109000,
    "incomeBeforeTax": 264925000,
    "incomeBeforeTaxRatio": 0.1192850775,
    "incomeTaxExpense": 95900000,
    "netIncome": 169025000,
    "netIncomeRatio": 0.0761051627,
    "eps": 0.64,
    "epsdiluted": 0.62,
    "weightedAverageShsOut": 263360000,
    "weightedAverageShsOutDil": 281248000,
    "link": "https://www.sec.gov/Archives/edgar/data/313927/000119312508039878/0001193125-08-039878-index.htm",
    "finalLink": "https://www.sec.gov/Archives/edgar/data/313927/000119312508039878/d10k.htm"
  },
  {
    "date": "2006-12-31",
    "symbol": "CHD",
    "reportedCurrency": "USD",
    "cik": "0000313927",
    "fillingDate": "2007-02-26",
    "acceptedDate": "2007-02-26 17:15:16",
    "calendarYear": "2006",
    "period": "FY",
    "revenue": 1945661000,
    "costOfRevenue": 1184524000,
    "grossProfit": 761137000,
    "grossProfitRatio": 0.3911971304,
    "researchAndDevelopmentExpenses": 0,
    "generalAndAdministrativeExpenses": 0,
    "sellingAndMarketingExpenses": 216661000,
    "sellingGeneralAndAdministrativeExpenses": 509035000,
    "otherExpenses": 0,
    "operatingExpenses": 509035000,
    "costAndExpenses": 1693559000,
    "interestIncome": 0,
    "interestExpense": 0,
    "depreciationAndAmortization": 51727000,
    "ebitda": 303829000,
    "ebitdaratio": 0.1561572134,
    "operatingIncome": 252102000,
    "operatingIncomeRatio": 0.1295713899,
    "totalOtherIncomeExpensesNet": -39004000,
    "incomeBeforeTax": 213098000,
    "incomeBeforeTaxRatio": 0.1095247322,
    "incomeTaxExpense": 74171000,
    "netIncome": 138927000,
    "netIncomeRatio": 0.0714034973,
    "eps": 0.54,
    "epsdiluted": 0.52,
    "weightedAverageShsOut": 259424000,
    "weightedAverageShsOutDil": 275784000,
    "link": "https://www.sec.gov/Archives/edgar/data/313927/000119312507039869/0001193125-07-039869-index.htm",
    "finalLink": "https://www.sec.gov/Archives/edgar/data/313927/000119312507039869/d10k.htm"
  },
  {
    "date": "2005-12-31",
    "symbol": "CHD",
    "reportedCurrency": "USD",
    "cik": "0000313927",
    "fillingDate": "2006-03-13",
    "acceptedDate": "2006-03-13 15:20:24",
    "calendarYear": "2005",
    "period": "FY",
    "revenue": 1736506000,
    "costOfRevenue": 1099506000,
    "grossProfit": 637000000,
    "grossProfitRatio": 0.3668285626,
    "researchAndDevelopmentExpenses": 0,
    "generalAndAdministrativeExpenses": 0,
    "sellingAndMarketingExpenses": 0,
    "sellingGeneralAndAdministrativeExpenses": 424224000,
    "otherExpenses": 0,
    "operatingExpenses": 424224000,
    "costAndExpenses": 1523730000,
    "interestIncome": 0,
    "interestExpense": 0,
    "depreciationAndAmortization": 44158000,
    "ebitda": 256934000,
    "ebitdaratio": 0.1479603295,
    "operatingIncome": 212776000,
    "operatingIncomeRatio": 0.1225311056,
    "totalOtherIncomeExpensesNet": -37893000,
    "incomeBeforeTax": 174883000,
    "incomeBeforeTaxRatio": 0.100709701,
    "incomeTaxExpense": 52068000,
    "netIncome": 122906000,
    "netIncomeRatio": 0.0707777572,
    "eps": 0.48,
    "epsdiluted": 0.46,
    "weightedAverageShsOut": 255428000,
    "weightedAverageShsOutDil": 277156000,
    "link": "https://www.sec.gov/Archives/edgar/data/313927/000119312506052189/0001193125-06-052189-index.htm",
    "finalLink": "https://www.sec.gov/Archives/edgar/data/313927/000119312506052189/d10k.htm"
  },
  {
    "date": "2004-12-31",
    "symbol": "CHD",
    "reportedCurrency": "USD",
    "cik": "0000313927",
    "fillingDate": "2005-03-16",
    "acceptedDate": "2005-03-16 13:18:39",
    "calendarYear": "2004",
    "period": "FY",
    "revenue": 1462062000,
    "costOfRevenue": 928674000,
    "grossProfit": 533388000,
    "grossProfitRatio": 0.3648190022,
    "researchAndDevelopmentExpenses": 0,
    "generalAndAdministrativeExpenses": 200452000,
    "sellingAndMarketingExpenses": 161183000,
    "sellingGeneralAndAdministrativeExpenses": 361635000,
    "otherExpenses": 0,
    "operatingExpenses": 361635000,
    "costAndExpenses": 1290309000,
    "interestIncome": 0,
    "interestExpense": 0,
    "depreciationAndAmortization": 39093000,
    "ebitda": 210846000,
    "ebitdaratio": 0.1442113946,
    "operatingIncome": 171753000,
    "operatingIncomeRatio": 0.1174731304,
    "totalOtherIncomeExpensesNet": -44310000,
    "incomeBeforeTax": 127443000,
    "incomeBeforeTaxRatio": 0.0871666181,
    "incomeTaxExpense": 38631000,
    "netIncome": 88808000,
    "netIncomeRatio": 0.0607416101,
    "eps": 0.36,
    "epsdiluted": 0.34,
    "weightedAverageShsOut": 247472000,
    "weightedAverageShsOutDil": 272264000,
    "link": "https://www.sec.gov/Archives/edgar/data/313927/000119312505052382/0001193125-05-052382-index.htm",
    "finalLink": "https://www.sec.gov/Archives/edgar/data/313927/000119312505052382/d10ka.htm"
  },
  {
    "date": "2003-12-31",
    "symbol": "CHD",
    "reportedCurrency": "USD",
    "cik": "0000313927",
    "fillingDate": "2004-03-15",
    "acceptedDate": "2004-03-15 16:04:41",
    "calendarYear": "2003",
    "period": "FY",
    "revenue": 1056874000,
    "costOfRevenue": 738883000,
    "grossProfit": 317991000,
    "grossProfitRatio": 0.3008788181,
    "researchAndDevelopmentExpenses": 0,
    "generalAndAdministrativeExpenses": 117333000,
    "sellingAndMarketingExpenses": 88807000,
    "sellingGeneralAndAdministrativeExpenses": 206140000,
    "otherExpenses": 0,
    "operatingExpenses": 206140000,
    "costAndExpenses": 945023000,
    "interestIncome": 0,
    "interestExpense": 0,
    "depreciationAndAmortization": 30224000,
    "ebitda": 142075000,
    "ebitdaratio": 0.134429459,
    "operatingIncome": 111851000,
    "operatingIncomeRatio": 0.1058319156,
    "totalOtherIncomeExpensesNet": 5084000,
    "incomeBeforeTax": 116965000,
    "incomeBeforeTaxRatio": 0.1106707138,
    "incomeTaxExpense": 35974000,
    "netIncome": 80961000,
    "netIncomeRatio": 0.076604212,
    "eps": 0.34,
    "epsdiluted": 0.32,
    "weightedAverageShsOut": 241364000,
    "weightedAverageShsOutDil": 258032000,
    "link": "https://www.sec.gov/Archives/edgar/data/313927/000119312504042212/0001193125-04-042212-index.htm",
    "finalLink": "https://www.sec.gov/Archives/edgar/data/313927/000119312504042212/d10k.htm"
  },
  {
    "date": "2002-12-31",
    "symbol": "CHD",
    "reportedCurrency": "USD",
    "cik": "0000313927",
    "fillingDate": "2003-03-27",
    "acceptedDate": "2003-03-27 15:48:02",
    "calendarYear": "2002",
    "period": "FY",
    "revenue": 1047149000,
    "costOfRevenue": 735928000,
    "grossProfit": 311221000,
    "grossProfitRatio": 0.2972079427,
    "researchAndDevelopmentExpenses": 0,
    "generalAndAdministrativeExpenses": 120512000,
    "sellingAndMarketingExpenses": 86195000,
    "sellingGeneralAndAdministrativeExpenses": 206707000,
    "otherExpenses": 0,
    "operatingExpenses": 206707000,
    "costAndExpenses": 942635000,
    "interestIncome": 0,
    "interestExpense": 0,
    "depreciationAndAmortization": 27890000,
    "ebitda": 132404000,
    "ebitdaratio": 0.1264423688,
    "operatingIncome": 104514000,
    "operatingIncomeRatio": 0.0998081457,
    "totalOtherIncomeExpensesNet": -3422000,
    "incomeBeforeTax": 101092000,
    "incomeBeforeTaxRatio": 0.0965402249,
    "incomeTaxExpense": 34402000,
    "netIncome": 66690000,
    "netIncomeRatio": 0.0636872117,
    "eps": 0.28,
    "epsdiluted": 0.27,
    "weightedAverageShsOut": 237780000,
    "weightedAverageShsOutDil": 250854000,
    "link": "https://www.sec.gov/Archives/edgar/data/313927/000095012303003367/0000950123-03-003367-index.htm",
    "finalLink": "https://www.sec.gov/Archives/edgar/data/313927/000095012303003367/y84841e10vk.txt"
  },
  {
    "date": "2001-12-31",
    "symbol": "CHD",
    "reportedCurrency": "USD",
    "cik": "0000313927",
    "fillingDate": "2002-03-28",
    "acceptedDate": "2002-03-28 00:00:00",
    "calendarYear": "2001",
    "period": "FY",
    "revenue": 1080864000,
    "costOfRevenue": 680211000,
    "grossProfit": 279496000,
    "grossProfitRatio": 0.258585724,
    "researchAndDevelopmentExpenses": 0,
    "generalAndAdministrativeExpenses": 111832000,
    "sellingAndMarketingExpenses": 195960000,
    "sellingGeneralAndAdministrativeExpenses": 307792000,
    "otherExpenses": -660000,
    "operatingExpenses": 307132000,
    "costAndExpenses": 987343000,
    "interestIncome": 0,
    "interestExpense": 0,
    "depreciationAndAmortization": 27843000,
    "ebitda": 121364000,
    "ebitdaratio": 0.1122842467,
    "operatingIncome": 93521000,
    "operatingIncomeRatio": 0.0865242991,
    "totalOtherIncomeExpensesNet": -19666000,
    "incomeBeforeTax": 73855000,
    "incomeBeforeTaxRatio": 0.0683295956,
    "incomeTaxExpense": 26871000,
    "netIncome": 46984000,
    "netIncomeRatio": 0.0434689286,
    "eps": 0.2,
    "epsdiluted": 0.19,
    "weightedAverageShsOut": 233276000,
    "weightedAverageShsOutDil": 244072727,
    "link": "https://www.sec.gov/Archives/edgar/data/313927/000095012302003119/0000950123-02-003119-index.htm",
    "finalLink": "https://www.sec.gov/Archives/edgar/data/313927/000095012302003119/y59049e10-k.txt"
  },
  {
    "date": "2000-12-31",
    "symbol": "CHD",
    "reportedCurrency": "USD",
    "cik": "0000313927",
    "fillingDate": "2001-03-09",
    "acceptedDate": "2001-03-09 00:00:00",
    "calendarYear": "2000",
    "period": "FY",
    "revenue": 795725000,
    "costOfRevenue": 450321000,
    "grossProfit": 240870000,
    "grossProfitRatio": 0.3027050803,
    "researchAndDevelopmentExpenses": 0,
    "generalAndAdministrativeExpenses": 0,
    "sellingAndMarketingExpenses": 0,
    "sellingGeneralAndAdministrativeExpenses": 271332000,
    "otherExpenses": 0,
    "operatingExpenses": 294786000,
    "costAndExpenses": 721653000,
    "interestIncome": 0,
    "interestExpense": 0,
    "depreciationAndAmortization": 23454000,
    "ebitda": 97526000,
    "ebitdaratio": 0.1225624431,
    "operatingIncome": 74072000,
    "operatingIncomeRatio": 0.093087436,
    "totalOtherIncomeExpensesNet": -22198000,
    "incomeBeforeTax": 51874000,
    "incomeBeforeTaxRatio": 0.0651908637,
    "incomeTaxExpense": 18315000,
    "netIncome": 33559000,
    "netIncomeRatio": 0.0421741179,
    "eps": 0.15,
    "epsdiluted": 0.14,
    "weightedAverageShsOut": 229928000,
    "weightedAverageShsOutDil": 239707143,
    "link": "https://www.sec.gov/Archives/edgar/data/313927/000031392701000084/0000313927-01-000084-index.htm",
    "finalLink": "https://www.sec.gov/Archives/edgar/data/313927/000031392701000084/0000313927-01-000084-0001.txt"
  },
  {
    "date": "1999-12-31",
    "symbol": "CHD",
    "reportedCurrency": "USD",
    "cik": "0000313927",
    "fillingDate": "2000-03-30",
    "acceptedDate": "2000-03-30 00:00:00",
    "calendarYear": "1999",
    "period": "FY",
    "revenue": 730000000,
    "costOfRevenue": 395000000,
    "grossProfit": 345200000,
    "grossProfitRatio": 0.4728767123,
    "researchAndDevelopmentExpenses": 0,
    "generalAndAdministrativeExpenses": 0,
    "sellingAndMarketingExpenses": 0,
    "sellingGeneralAndAdministrativeExpenses": 263200000,
    "otherExpenses": 19300000,
    "operatingExpenses": 282500000,
    "costAndExpenses": 667500000,
    "interestIncome": 0,
    "interestExpense": 0,
    "depreciationAndAmortization": 19300000,
    "ebitda": 82000000,
    "ebitdaratio": 0.1123287671,
    "operatingIncome": 62700000,
    "operatingIncomeRatio": 0.085890411,
    "totalOtherIncomeExpensesNet": 9700000,
    "incomeBeforeTax": 72200000,
    "incomeBeforeTaxRatio": 0.0989041096,
    "incomeTaxExpense": 26800000,
    "netIncome": 45400000,
    "netIncomeRatio": 0.0621917808,
    "eps": 0.2,
    "epsdiluted": 0.19,
    "weightedAverageShsOut": 232752000,
    "weightedAverageShsOutDil": 245405405,
    "link": "https://www.sec.gov/Archives/edgar/data/313927/000095012300003007/0000950123-00-003007-index.html",
    "finalLink": "https://www.sec.gov/Archives/edgar/data/313927/000095012300003007/"
  },
  {
    "date": "1998-12-31",
    "symbol": "CHD",
    "reportedCurrency": "USD",
    "cik": "0000313927",
    "fillingDate": "1999-03-31",
    "acceptedDate": "1999-03-31 00:00:00",
    "calendarYear": "1998",
    "period": "FY",
    "revenue": 684400000,
    "costOfRevenue": 370400000,
    "grossProfit": 322300000,
    "grossProfitRatio": 0.4709234366,
    "researchAndDevelopmentExpenses": 0,
    "generalAndAdministrativeExpenses": 0,
    "sellingAndMarketingExpenses": 0,
    "sellingGeneralAndAdministrativeExpenses": 264000000,
    "otherExpenses": 16500000,
    "operatingExpenses": 280500000,
    "costAndExpenses": 642600000,
    "interestIncome": 0,
    "interestExpense": 0,
    "depreciationAndAmortization": 16500000,
    "ebitda": 58300000,
    "ebitdaratio": 0.0851841029,
    "operatingIncome": 41800000,
    "operatingIncomeRatio": 0.0610753945,
    "totalOtherIncomeExpensesNet": 4400000,
    "incomeBeforeTax": 46200000,
    "incomeBeforeTaxRatio": 0.0675043834,
    "incomeTaxExpense": 15900000,
    "netIncome": 30300000,
    "netIncomeRatio": 0.0442723553,
    "eps": 0.13,
    "epsdiluted": 0.13,
    "weightedAverageShsOut": 232404000,
    "weightedAverageShsOutDil": 237647059,
    "link": "https://www.sec.gov/Archives/edgar/data/313927/000095012399002800/0000950123-99-002800-index.html",
    "finalLink": "https://www.sec.gov/Archives/edgar/data/313927/"
  },
  {
    "date": "1997-12-31",
    "symbol": "CHD",
    "reportedCurrency": "USD",
    "cik": "0000313927",
    "fillingDate": "1998-03-31",
    "acceptedDate": "1998-03-31 00:00:00",
    "calendarYear": "1997",
    "period": "FY",
    "revenue": 574900000,
    "costOfRevenue": 316500000,
    "grossProfit": 258400000,
    "grossProfitRatio": 0.449469473,
    "researchAndDevelopmentExpenses": 0,
    "generalAndAdministrativeExpenses": 0,
    "sellingAndMarketingExpenses": 0,
    "sellingGeneralAndAdministrativeExpenses": 213700000,
    "otherExpenses": 14200000,
    "operatingExpenses": 227900000,
    "costAndExpenses": 544400000,
    "interestIncome": 0,
    "interestExpense": 0,
    "depreciationAndAmortization": 14200000,
    "ebitda": 44700000,
    "ebitdaratio": 0.0777526526,
    "operatingIncome": 30500000,
    "operatingIncomeRatio": 0.0530527048,
    "totalOtherIncomeExpensesNet": 8200000,
    "incomeBeforeTax": 38700000,
    "incomeBeforeTaxRatio": 0.067316055,
    "incomeTaxExpense": 14200000,
    "netIncome": 24500000,
    "netIncomeRatio": 0.0426161071,
    "eps": 0.11,
    "epsdiluted": 0.1,
    "weightedAverageShsOut": 233532000,
    "weightedAverageShsOutDil": 239652000,
    "link": "https://www.sec.gov/Archives/edgar/data/313927/000095012398003168/0000950123-98-003168-index.html",
    "finalLink": "https://www.sec.gov/Archives/edgar/data/313927/"
  },
  {
    "date": "1996-12-31",
    "symbol": "CHD",
    "reportedCurrency": "USD",
    "cik": "0000313927",
    "fillingDate": "1997-03-27",
    "acceptedDate": "1997-03-27 00:00:00",
    "calendarYear": "1996",
    "period": "FY",
    "revenue": 527800000,
    "costOfRevenue": 292400000,
    "grossProfit": 235400000,
    "grossProfitRatio": 0.4460022736,
    "researchAndDevelopmentExpenses": 0,
    "generalAndAdministrativeExpenses": 0,
    "sellingAndMarketingExpenses": 0,
    "sellingGeneralAndAdministrativeExpenses": 194500000,
    "otherExpenses": 13600000,
    "operatingExpenses": 208100000,
    "costAndExpenses": 500500000,
    "interestIncome": 0,
    "interestExpense": 0,
    "depreciationAndAmortization": 13600000,
    "ebitda": 40900000,
    "ebitdaratio": 0.077491474,
    "operatingIncome": 27300000,
    "operatingIncomeRatio": 0.0517241379,
    "totalOtherIncomeExpensesNet": 5800000,
    "incomeBeforeTax": 33100000,
    "incomeBeforeTaxRatio": 0.0627131489,
    "incomeTaxExpense": 11900000,
    "netIncome": 21200000,
    "netIncomeRatio": 0.0401667298,
    "eps": 0.0908,
    "epsdiluted": 0.0908,
    "weightedAverageShsOut": 234408000,
    "weightedAverageShsOutDil": 234408000,
    "link": "https://www.sec.gov/Archives/edgar/data/313927/000095012397002608/0000950123-97-002608-index.html",
    "finalLink": "https://www.sec.gov/Archives/edgar/data/313927/"
  },
  {
    "date": "1995-12-31",
    "symbol": "CHD",
    "reportedCurrency": "USD",
    "cik": "0000313927",
    "fillingDate": "1996-03-29",
    "acceptedDate": "1996-03-29 00:00:00",
    "calendarYear": "1995",
    "period": "FY",
    "revenue": 485800000,
    "costOfRevenue": 276600000,
    "grossProfit": 209200000,
    "grossProfitRatio": 0.4306298888,
    "researchAndDevelopmentExpenses": 0,
    "generalAndAdministrativeExpenses": 0,
    "sellingAndMarketingExpenses": 0,
    "sellingGeneralAndAdministrativeExpenses": 187700000,
    "otherExpenses": 13100000,
    "operatingExpenses": 200800000,
    "costAndExpenses": 477400000,
    "interestIncome": 0,
    "interestExpense": 0,
    "depreciationAndAmortization": 13100000,
    "ebitda": 21500000,
    "ebitdaratio": 0.0442568958,
    "operatingIncome": 8400000,
    "operatingIncomeRatio": 0.0172910663,
    "totalOtherIncomeExpensesNet": 7900000,
    "incomeBeforeTax": 16300000,
    "incomeBeforeTaxRatio": 0.0335529024,
    "incomeTaxExpense": 6100000,
    "netIncome": 10200000,
    "netIncomeRatio": 0.0209962948,
    "eps": 0.0433,
    "epsdiluted": 0.0433,
    "weightedAverageShsOut": 234804000,
    "weightedAverageShsOutDil": 234804000,
    "link": "https://www.sec.gov/Archives/edgar/data/313927/000095012396001450/0000950123-96-001450-index.html",
    "finalLink": "https://www.sec.gov/Archives/edgar/data/313927/"
  },
  {
    "date": "1994-12-31",
    "symbol": "CHD",
    "reportedCurrency": "USD",
    "cik": "0000313927",
    "fillingDate": "1995-03-29",
    "acceptedDate": "1995-03-29 00:00:00",
    "calendarYear": "1994",
    "period": "FY",
    "revenue": 491000000,
    "costOfRevenue": 276500000,
    "grossProfit": 214500000,
    "grossProfitRatio": 0.4368635438,
    "researchAndDevelopmentExpenses": 0,
    "generalAndAdministrativeExpenses": 0,
    "sellingAndMarketingExpenses": 0,
    "sellingGeneralAndAdministrativeExpenses": 201400000,
    "otherExpenses": 11700000,
    "operatingExpenses": 213100000,
    "costAndExpenses": 489600000,
    "interestIncome": 0,
    "interestExpense": 0,
    "depreciationAndAmortization": 11700000,
    "ebitda": 13100000,
    "ebitdaratio": 0.0266802444,
    "operatingIncome": 1400000,
    "operatingIncomeRatio": 0.0028513238,
    "totalOtherIncomeExpensesNet": 8300000,
    "incomeBeforeTax": 9700000,
    "incomeBeforeTaxRatio": 0.0197556008,
    "incomeTaxExpense": 3600000,
    "netIncome": 6100000,
    "netIncomeRatio": 0.0124236253,
    "eps": 0.0258,
    "epsdiluted": 0.0258,
    "weightedAverageShsOut": 236472000,
    "weightedAverageShsOutDil": 236472000,
    "link": "https://www.sec.gov/Archives/edgar/data/313927/000095012395000782/0000950123-95-000782-index.html",
    "finalLink": "https://www.sec.gov/Archives/edgar/data/313927/"
  },
  {
    "date": "1993-12-31",
    "symbol": "CHD",
    "reportedCurrency": "USD",
    "cik": "0000313927",
    "fillingDate": "1993-12-31",
    "acceptedDate": "1993-12-30 19:00:00",
    "calendarYear": "1993",
    "period": "FY",
    "revenue": 507700000,
    "costOfRevenue": 262200000,
    "grossProfit": 245500000,
    "grossProfitRatio": 0.4835532795,
    "researchAndDevelopmentExpenses": 0,
    "generalAndAdministrativeExpenses": 0,
    "sellingAndMarketingExpenses": 0,
    "sellingGeneralAndAdministrativeExpenses": 199200000,
    "otherExpenses": 10600000,
    "operatingExpenses": 209800000,
    "costAndExpenses": 472000000,
    "interestIncome": 0,
    "interestExpense": 0,
    "depreciationAndAmortization": 10600000,
    "ebitda": 46300000,
    "ebitdaratio": 0.0911955879,
    "operatingIncome": 35700000,
    "operatingIncomeRatio": 0.0703171164,
    "totalOtherIncomeExpensesNet": 12100000,
    "incomeBeforeTax": 47800000,
    "incomeBeforeTaxRatio": 0.0941500886,
    "incomeTaxExpense": 18300000,
    "netIncome": 26300000,
    "netIncomeRatio": 0.0518022454,
    "eps": 0.11,
    "epsdiluted": 0.11,
    "weightedAverageShsOut": 242647907,
    "weightedAverageShsOutDil": 246439280,
    "link": "",
    "finalLink": ""
  },
  {
    "date": "1992-12-31",
    "symbol": "CHD",
    "reportedCurrency": "USD",
    "cik": "0000313927",
    "fillingDate": "1992-12-31",
    "acceptedDate": "1992-12-30 19:00:00",
    "calendarYear": "1992",
    "period": "FY",
    "revenue": 516400000,
    "costOfRevenue": 267000000,
    "grossProfit": 249400000,
    "grossProfitRatio": 0.4829589466,
    "researchAndDevelopmentExpenses": 0,
    "generalAndAdministrativeExpenses": 0,
    "sellingAndMarketingExpenses": 0,
    "sellingGeneralAndAdministrativeExpenses": 193100000,
    "otherExpenses": 11500000,
    "operatingExpenses": 204600000,
    "costAndExpenses": 471600000,
    "interestIncome": 0,
    "interestExpense": 0,
    "depreciationAndAmortization": 11500000,
    "ebitda": 56300000,
    "ebitdaratio": 0.1090240124,
    "operatingIncome": 44800000,
    "operatingIncomeRatio": 0.0867544539,
    "totalOtherIncomeExpensesNet": 2300000,
    "incomeBeforeTax": 47100000,
    "incomeBeforeTaxRatio": 0.0912083656,
    "incomeTaxExpense": 17600000,
    "netIncome": 29500000,
    "netIncomeRatio": 0.0571262587,
    "eps": 0.12,
    "epsdiluted": 0.12,
    "weightedAverageShsOut": 242344581,
    "weightedAverageShsOutDil": 249171189,
    "link": "",
    "finalLink": ""
  },
  {
    "date": "1991-12-31",
    "symbol": "CHD",
    "reportedCurrency": "USD",
    "cik": "0000313927",
    "fillingDate": "1991-12-31",
    "acceptedDate": "1991-12-30 19:00:00",
    "calendarYear": "1991",
    "period": "FY",
    "revenue": 485500000,
    "costOfRevenue": 272500000,
    "grossProfit": 213000000,
    "grossProfitRatio": 0.438722966,
    "researchAndDevelopmentExpenses": 0,
    "generalAndAdministrativeExpenses": 0,
    "sellingAndMarketingExpenses": 0,
    "sellingGeneralAndAdministrativeExpenses": 161500000,
    "otherExpenses": 11200000,
    "operatingExpenses": 172700000,
    "costAndExpenses": 445200000,
    "interestIncome": 0,
    "interestExpense": 0,
    "depreciationAndAmortization": 11200000,
    "ebitda": 51500000,
    "ebitdaratio": 0.1060762101,
    "operatingIncome": 40300000,
    "operatingIncomeRatio": 0.0830072091,
    "totalOtherIncomeExpensesNet": 1700000,
    "incomeBeforeTax": 42000000,
    "incomeBeforeTaxRatio": 0.0865087539,
    "incomeTaxExpense": 15500000,
    "netIncome": 26500000,
    "netIncomeRatio": 0.0545829042,
    "eps": 0.11,
    "epsdiluted": 0.11,
    "weightedAverageShsOut": 244493138,
    "weightedAverageShsOutDil": 244493138,
    "link": "",
    "finalLink": ""
  },
  {
    "date": "1990-12-31",
    "symbol": "CHD",
    "reportedCurrency": "USD",
    "cik": "0000313927",
    "fillingDate": "1990-12-31",
    "acceptedDate": "1990-12-30 19:00:00",
    "calendarYear": "1990",
    "period": "FY",
    "revenue": 428500000,
    "costOfRevenue": 253200000,
    "grossProfit": 175300000,
    "grossProfitRatio": 0.4091015169,
    "researchAndDevelopmentExpenses": 0,
    "generalAndAdministrativeExpenses": 0,
    "sellingAndMarketingExpenses": 0,
    "sellingGeneralAndAdministrativeExpenses": 130900000,
    "otherExpenses": 10500000,
    "operatingExpenses": 141400000,
    "costAndExpenses": 394600000,
    "interestIncome": 0,
    "interestExpense": 0,
    "depreciationAndAmortization": 10500000,
    "ebitda": 44400000,
    "ebitdaratio": 0.1036172695,
    "operatingIncome": 33900000,
    "operatingIncomeRatio": 0.0791131855,
    "totalOtherIncomeExpensesNet": 5100000,
    "incomeBeforeTax": 39000000,
    "incomeBeforeTaxRatio": 0.0910151692,
    "incomeTaxExpense": 15800000,
    "netIncome": 23200000,
    "netIncomeRatio": 0.0541423571,
    "eps": 0.0884,
    "epsdiluted": 0.0884,
    "weightedAverageShsOut": 262510254,
    "weightedAverageShsOutDil": 262510254,
    "link": "",
    "finalLink": ""
  },
  {
    "date": "1989-12-31",
    "symbol": "CHD",
    "reportedCurrency": "USD",
    "cik": "0000313927",
    "fillingDate": "1989-12-31",
    "acceptedDate": "1989-12-30 19:00:00",
    "calendarYear": "1989",
    "period": "FY",
    "revenue": 387600000,
    "costOfRevenue": 251700000,
    "grossProfit": 135900000,
    "grossProfitRatio": 0.350619195,
    "researchAndDevelopmentExpenses": 0,
    "generalAndAdministrativeExpenses": 0,
    "sellingAndMarketingExpenses": 0,
    "sellingGeneralAndAdministrativeExpenses": 95700000,
    "otherExpenses": 10100000,
    "operatingExpenses": 105800000,
    "costAndExpenses": 357500000,
    "interestIncome": 0,
    "interestExpense": 0,
    "depreciationAndAmortization": 10100000,
    "ebitda": 40200000,
    "ebitdaratio": 0.1037151703,
    "operatingIncome": 30100000,
    "operatingIncomeRatio": 0.0776573787,
    "totalOtherIncomeExpensesNet": -13100000,
    "incomeBeforeTax": 17000000,
    "incomeBeforeTaxRatio": 0.0438596491,
    "incomeTaxExpense": 8400000,
    "netIncome": 8600000,
    "netIncomeRatio": 0.0221878225,
    "eps": 0.035,
    "epsdiluted": 0.035,
    "weightedAverageShsOut": 245591490,
    "weightedAverageShsOutDil": 245591490,
    "link": "",
    "finalLink": ""
  },
  {
    "date": "1988-12-31",
    "symbol": "CHD",
    "reportedCurrency": "USD",
    "cik": "0000313927",
    "fillingDate": "1988-12-31",
    "acceptedDate": "1988-12-30 19:00:00",
    "calendarYear": "1988",
    "period": "FY",
    "revenue": 346800000,
    "costOfRevenue": 228300000,
    "grossProfit": 118500000,
    "grossProfitRatio": 0.3416955017,
    "researchAndDevelopmentExpenses": 0,
    "generalAndAdministrativeExpenses": 0,
    "sellingAndMarketingExpenses": 0,
    "sellingGeneralAndAdministrativeExpenses": 81700000,
    "otherExpenses": 9700000,
    "operatingExpenses": 91400000,
    "costAndExpenses": 319700000,
    "interestIncome": 0,
    "interestExpense": 0,
    "depreciationAndAmortization": 9700000,
    "ebitda": 36800000,
    "ebitdaratio": 0.1061130334,
    "operatingIncome": 27100000,
    "operatingIncomeRatio": 0.0781430219,
    "totalOtherIncomeExpensesNet": -2100000,
    "incomeBeforeTax": 25000000,
    "incomeBeforeTaxRatio": 0.0720876586,
    "incomeTaxExpense": 8500000,
    "netIncome": 16500000,
    "netIncomeRatio": 0.0475778547,
    "eps": 0.0634,
    "epsdiluted": 0.0617,
    "weightedAverageShsOut": 260396118,
    "weightedAverageShsOutDil": 267433851,
    "link": "",
    "finalLink": ""
  },
  {
    "date": "1987-12-31",
    "symbol": "CHD",
    "reportedCurrency": "USD",
    "cik": "0000313927",
    "fillingDate": "1987-12-31",
    "acceptedDate": "1987-12-30 19:00:00",
    "calendarYear": "1987",
    "period": "FY",
    "revenue": 318800000,
    "costOfRevenue": 207400000,
    "grossProfit": 111400000,
    "grossProfitRatio": 0.3494353827,
    "researchAndDevelopmentExpenses": 0,
    "generalAndAdministrativeExpenses": 0,
    "sellingAndMarketingExpenses": 0,
    "sellingGeneralAndAdministrativeExpenses": 78900000,
    "otherExpenses": 9300000,
    "operatingExpenses": 88200000,
    "costAndExpenses": 295600000,
    "interestIncome": 0,
    "interestExpense": 0,
    "depreciationAndAmortization": 9300000,
    "ebitda": 32500000,
    "ebitdaratio": 0.101944793,
    "operatingIncome": 23200000,
    "operatingIncomeRatio": 0.0727728984,
    "totalOtherIncomeExpensesNet": 100000,
    "incomeBeforeTax": 23300000,
    "incomeBeforeTaxRatio": 0.0730865747,
    "incomeTaxExpense": 9300000,
    "netIncome": 14000000,
    "netIncomeRatio": 0.0439146801,
    "eps": 0.0534,
    "epsdiluted": 0.0534,
    "weightedAverageShsOut": 262368816,
    "weightedAverageShsOutDil": 262368816,
    "link": "",
    "finalLink": ""
  },
  {
    "date": "1986-12-31",
    "symbol": "CHD",
    "reportedCurrency": "USD",
    "cik": "0000313927",
    "fillingDate": "1986-12-31",
    "acceptedDate": "1986-12-30 19:00:00",
    "calendarYear": "1986",
    "period": "FY",
    "revenue": 275400000,
    "costOfRevenue": 177100000,
    "grossProfit": 98300000,
    "grossProfitRatio": 0.3569353667,
    "researchAndDevelopmentExpenses": 0,
    "generalAndAdministrativeExpenses": 0,
    "sellingAndMarketingExpenses": 0,
    "sellingGeneralAndAdministrativeExpenses": 73700000,
    "otherExpenses": 6300000,
    "operatingExpenses": 80000000,
    "costAndExpenses": 257100000,
    "interestIncome": 0,
    "interestExpense": 0,
    "depreciationAndAmortization": 6300000,
    "ebitda": 24600000,
    "ebitdaratio": 0.0893246187,
    "operatingIncome": 18300000,
    "operatingIncomeRatio": 0.0664488017,
    "totalOtherIncomeExpensesNet": 1400000,
    "incomeBeforeTax": 19700000,
    "incomeBeforeTaxRatio": 0.0715323166,
    "incomeTaxExpense": 6900000,
    "netIncome": 12800000,
    "netIncomeRatio": 0.0464778504,
    "eps": 0.05,
    "epsdiluted": 0.05,
    "weightedAverageShsOut": 255872064,
    "weightedAverageShsOutDil": 255872064,
    "link": "",
    "finalLink": ""
  },
  {
    "date": "1985-12-31",
    "symbol": "CHD",
    "reportedCurrency": "USD",
    "cik": "0000313927",
    "fillingDate": "1985-12-31",
    "acceptedDate": "1985-12-30 19:00:00",
    "calendarYear": "1985",
    "period": "FY",
    "revenue": 231400000,
    "costOfRevenue": 145700000,
    "grossProfit": 85700000,
    "grossProfitRatio": 0.3703543647,
    "researchAndDevelopmentExpenses": 0,
    "generalAndAdministrativeExpenses": 0,
    "sellingAndMarketingExpenses": 0,
    "sellingGeneralAndAdministrativeExpenses": 58600000,
    "otherExpenses": 5600000,
    "operatingExpenses": 64200000,
    "costAndExpenses": 209900000,
    "interestIncome": 0,
    "interestExpense": 0,
    "depreciationAndAmortization": 5600000,
    "ebitda": 27100000,
    "ebitdaratio": 0.1171132239,
    "operatingIncome": 21500000,
    "operatingIncomeRatio": 0.0929127053,
    "totalOtherIncomeExpensesNet": -14400000,
    "incomeBeforeTax": 7100000,
    "incomeBeforeTaxRatio": 0.0306828003,
    "incomeTaxExpense": 2400000,
    "netIncome": 4700000,
    "netIncomeRatio": 0.0203111495,
    "eps": 0.02,
    "epsdiluted": 0.02,
    "weightedAverageShsOut": 234882559,
    "weightedAverageShsOutDil": 234882559,
    "link": "",
    "finalLink": ""
  }
]