[
  {
    "date": "2025-06-30",
    "symbol": "CHTR",
    "reportedCurrency": "USD",
    "cik": "0001091667",
    "fillingDate": "2025-07-25",
    "acceptedDate": "2025-07-25 07:01:51",
    "calendarYear": "2025",
    "period": "Q2",
    "revenue": 13766000000,
    "costOfRevenue": 7374000000,
    "grossProfit": 6392000000,
    "grossProfitRatio": 0.4643324132,
    "researchAndDevelopmentExpenses": 0,
    "generalAndAdministrativeExpenses": 0,
    "sellingAndMarketingExpenses": 0,
    "sellingGeneralAndAdministrativeExpenses": 3032000000,
    "otherExpenses": 0,
    "operatingExpenses": 3032000000,
    "costAndExpenses": 10406000000,
    "interestIncome": 0,
    "interestExpense": 1263000000,
    "depreciationAndAmortization": 2176000000,
    "ebitda": 5348000000,
    "ebitdaratio": 0.3884933895,
    "operatingIncome": 3360000000,
    "operatingIncomeRatio": 0.2440796164,
    "totalOtherIncomeExpensesNet": -1451000000,
    "incomeBeforeTax": 1909000000,
    "incomeBeforeTaxRatio": 0.1386749964,
    "incomeTaxExpense": 414000000,
    "netIncome": 1301000000,
    "netIncomeRatio": 0.0945082086,
    "eps": 9.41,
    "epsdiluted": 9.18,
    "weightedAverageShsOut": 138206000,
    "weightedAverageShsOutDil": 141684000,
    "link": "https://www.sec.gov/Archives/edgar/data/1091667/000109166725000127/0001091667-25-000127-index.htm",
    "finalLink": "https://www.sec.gov/Archives/edgar/data/1091667/000109166725000127/chtr-20250630.htm"
  },
  {
    "date": "2025-03-31",
    "symbol": "CHTR",
    "reportedCurrency": "USD",
    "cik": "0001091667",
    "fillingDate": "2025-04-25",
    "acceptedDate": "2025-04-25 07:01:52",
    "calendarYear": "2025",
    "period": "Q1",
    "revenue": 13735000000,
    "costOfRevenue": 7357000000,
    "grossProfit": 6378000000,
    "grossProfitRatio": 0.4643611212,
    "researchAndDevelopmentExpenses": 0,
    "generalAndAdministrativeExpenses": 0,
    "sellingAndMarketingExpenses": 0,
    "sellingGeneralAndAdministrativeExpenses": 3018000000,
    "otherExpenses": 0,
    "operatingExpenses": 3018000000,
    "costAndExpenses": 10375000000,
    "interestIncome": 0,
    "interestExpense": 1241000000,
    "depreciationAndAmortization": 2181000000,
    "ebitda": 5276000000,
    "ebitdaratio": 0.3841281398,
    "operatingIncome": 3360000000,
    "operatingIncomeRatio": 0.244630506,
    "totalOtherIncomeExpensesNet": -1506000000,
    "incomeBeforeTax": 1854000000,
    "incomeBeforeTaxRatio": 0.1349836185,
    "incomeTaxExpense": 445000000,
    "netIncome": 1217000000,
    "netIncomeRatio": 0.0886057517,
    "eps": 8.59,
    "epsdiluted": 8.42,
    "weightedAverageShsOut": 141591000,
    "weightedAverageShsOutDil": 144575000,
    "link": "https://www.sec.gov/Archives/edgar/data/1091667/000109166725000099/0001091667-25-000099-index.htm",
    "finalLink": "https://www.sec.gov/Archives/edgar/data/1091667/000109166725000099/chtr-20250331.htm"
  },
  {
    "date": "2024-12-31",
    "symbol": "CHTR",
    "reportedCurrency": "USD",
    "cik": "0001091667",
    "fillingDate": "2025-01-31",
    "acceptedDate": "2025-01-31 07:02:28",
    "calendarYear": "2024",
    "period": "Q4",
    "revenue": 13926000000,
    "costOfRevenue": 5072000000,
    "grossProfit": 8854000000,
    "grossProfitRatio": 0.6357891713,
    "researchAndDevelopmentExpenses": 0,
    "generalAndAdministrativeExpenses": 0,
    "sellingAndMarketingExpenses": 0,
    "sellingGeneralAndAdministrativeExpenses": 5400000000,
    "otherExpenses": 0,
    "operatingExpenses": 5400000000,
    "costAndExpenses": 10472000000,
    "interestIncome": 0,
    "interestExpense": 1274000000,
    "depreciationAndAmortization": 2168000000,
    "ebitda": 5488000000,
    "ebitdaratio": 0.3940830102,
    "operatingIncome": 3454000000,
    "operatingIncomeRatio": 0.2480252765,
    "totalOtherIncomeExpensesNet": -1408000000,
    "incomeBeforeTax": 2046000000,
    "incomeBeforeTaxRatio": 0.1469194313,
    "incomeTaxExpense": 370000000,
    "netIncome": 1466000000,
    "netIncomeRatio": 0.1052707166,
    "eps": 10.32,
    "epsdiluted": 10.09,
    "weightedAverageShsOut": 143061000,
    "weightedAverageShsOutDil": 145364000,
    "link": "https://www.sec.gov/Archives/edgar/data/1091667/000109166725000034/0001091667-25-000034-index.htm",
    "finalLink": "https://www.sec.gov/Archives/edgar/data/1091667/000109166725000034/chtr-20241231.htm"
  },
  {
    "date": "2024-09-30",
    "symbol": "CHTR",
    "reportedCurrency": "USD",
    "cik": "0001091667",
    "fillingDate": "2024-11-01",
    "acceptedDate": "2024-11-01 07:05:01",
    "calendarYear": "2024",
    "period": "Q3",
    "revenue": 13795000000,
    "costOfRevenue": 8215000000,
    "grossProfit": 5580000000,
    "grossProfitRatio": 0.404494382,
    "researchAndDevelopmentExpenses": 0,
    "generalAndAdministrativeExpenses": 0,
    "sellingAndMarketingExpenses": 0,
    "sellingGeneralAndAdministrativeExpenses": 2224000000,
    "otherExpenses": 0,
    "operatingExpenses": 2224000000,
    "costAndExpenses": 10439000000,
    "interestIncome": 0,
    "interestExpense": 1311000000,
    "depreciationAndAmortization": 2145000000,
    "ebitda": 5336000000,
    "ebitdaratio": 0.3868068141,
    "operatingIncome": 3356000000,
    "operatingIncomeRatio": 0.2432765495,
    "totalOtherIncomeExpensesNet": -1476000000,
    "incomeBeforeTax": 1880000000,
    "incomeBeforeTaxRatio": 0.1362812613,
    "incomeTaxExpense": 406000000,
    "netIncome": 1280000000,
    "netIncomeRatio": 0.0927872418,
    "eps": 8.99,
    "epsdiluted": 8.82,
    "weightedAverageShsOut": 142309000,
    "weightedAverageShsOutDil": 145059000,
    "link": "https://www.sec.gov/Archives/edgar/data/1091667/000109166724000123/0001091667-24-000123-index.htm",
    "finalLink": "https://www.sec.gov/Archives/edgar/data/1091667/000109166724000123/chtr-20240930.htm"
  },
  {
    "date": "2024-06-30",
    "symbol": "CHTR",
    "reportedCurrency": "USD",
    "cik": "0001091667",
    "fillingDate": "2024-07-26",
    "acceptedDate": "2024-07-26 07:03:07",
    "calendarYear": "2024",
    "period": "Q2",
    "revenue": 13685000000,
    "costOfRevenue": 8161000000,
    "grossProfit": 5524000000,
    "grossProfitRatio": 0.4036536354,
    "researchAndDevelopmentExpenses": 0,
    "generalAndAdministrativeExpenses": 0,
    "sellingAndMarketingExpenses": 0,
    "sellingGeneralAndAdministrativeExpenses": 2182000000,
    "otherExpenses": 0,
    "operatingExpenses": 2182000000,
    "costAndExpenses": 10343000000,
    "interestIncome": 0,
    "interestExpense": 1328000000,
    "depreciationAndAmortization": 2170000000,
    "ebitda": 5348000000,
    "ebitdaratio": 0.3907928389,
    "operatingIncome": 3342000000,
    "operatingIncomeRatio": 0.2442089879,
    "totalOtherIncomeExpensesNet": -1492000000,
    "incomeBeforeTax": 1850000000,
    "incomeBeforeTaxRatio": 0.1351845086,
    "incomeTaxExpense": 427000000,
    "netIncome": 1231000000,
    "netIncomeRatio": 0.0899525027,
    "eps": 8.59,
    "epsdiluted": 8.49,
    "weightedAverageShsOut": 143330000,
    "weightedAverageShsOutDil": 144915000,
    "link": "https://www.sec.gov/Archives/edgar/data/1091667/000109166724000104/0001091667-24-000104-index.htm",
    "finalLink": "https://www.sec.gov/Archives/edgar/data/1091667/000109166724000104/chtr-20240630.htm"
  },
  {
    "date": "2024-03-31",
    "symbol": "CHTR",
    "reportedCurrency": "USD",
    "cik": "0001091667",
    "fillingDate": "2024-04-26",
    "acceptedDate": "2024-04-26 07:03:09",
    "calendarYear": "2024",
    "period": "Q1",
    "revenue": 13679000000,
    "costOfRevenue": 8312000000,
    "grossProfit": 5367000000,
    "grossProfitRatio": 0.3923532422,
    "researchAndDevelopmentExpenses": 0,
    "generalAndAdministrativeExpenses": 0,
    "sellingAndMarketingExpenses": 0,
    "sellingGeneralAndAdministrativeExpenses": 2274000000,
    "otherExpenses": 0,
    "operatingExpenses": 2274000000,
    "costAndExpenses": 10586000000,
    "interestIncome": 0,
    "interestExpense": 1316000000,
    "depreciationAndAmortization": 2190000000,
    "ebitda": 5232000000,
    "ebitdaratio": 0.3824840997,
    "operatingIncome": 3093000000,
    "operatingIncomeRatio": 0.22611302,
    "totalOtherIncomeExpensesNet": -1367000000,
    "incomeBeforeTax": 1726000000,
    "incomeBeforeTaxRatio": 0.1261788142,
    "incomeTaxExpense": 446000000,
    "netIncome": 1106000000,
    "netIncomeRatio": 0.0808538636,
    "eps": 7.65,
    "epsdiluted": 7.54,
    "weightedAverageShsOut": 144510000,
    "weightedAverageShsOutDil": 146643000,
    "link": "https://www.sec.gov/Archives/edgar/data/1091667/000109166724000085/0001091667-24-000085-index.htm",
    "finalLink": "https://www.sec.gov/Archives/edgar/data/1091667/000109166724000085/chtr-20240331.htm"
  },
  {
    "date": "2023-12-31",
    "symbol": "CHTR",
    "reportedCurrency": "USD",
    "cik": "0001091667",
    "fillingDate": "2024-02-02",
    "acceptedDate": "2024-02-02 07:03:03",
    "calendarYear": "2023",
    "period": "Q4",
    "revenue": 13711000000,
    "costOfRevenue": 8308000000,
    "grossProfit": 5403000000,
    "grossProfitRatio": 0.394063161,
    "researchAndDevelopmentExpenses": 0,
    "generalAndAdministrativeExpenses": 0,
    "sellingAndMarketingExpenses": 0,
    "sellingGeneralAndAdministrativeExpenses": 2170000000,
    "otherExpenses": 0,
    "operatingExpenses": 2170000000,
    "costAndExpenses": 10478000000,
    "interestIncome": 0,
    "interestExpense": 1319000000,
    "depreciationAndAmortization": 2188000000,
    "ebitda": 5142000000,
    "ebitdaratio": 0.3750273503,
    "operatingIncome": 3233000000,
    "operatingIncomeRatio": 0.2357960761,
    "totalOtherIncomeExpensesNet": -1598000000,
    "incomeBeforeTax": 1635000000,
    "incomeBeforeTaxRatio": 0.1192473197,
    "incomeTaxExpense": 406000000,
    "netIncome": 1058000000,
    "netIncomeRatio": 0.0771643206,
    "eps": 7.23,
    "epsdiluted": 7.07,
    "weightedAverageShsOut": 146356000,
    "weightedAverageShsOutDil": 149651000,
    "link": "https://www.sec.gov/Archives/edgar/data/1091667/000109166724000028/0001091667-24-000028-index.htm",
    "finalLink": "https://www.sec.gov/Archives/edgar/data/1091667/000109166724000028/chtr-20231231.htm"
  },
  {
    "date": "2023-09-30",
    "symbol": "CHTR",
    "reportedCurrency": "USD",
    "cik": "0001091667",
    "fillingDate": "2023-10-27",
    "acceptedDate": "2023-10-27 07:06:02",
    "calendarYear": "2023",
    "period": "Q3",
    "revenue": 13584000000,
    "costOfRevenue": 6867000000,
    "grossProfit": 6717000000,
    "grossProfitRatio": 0.4944787986,
    "researchAndDevelopmentExpenses": 0,
    "generalAndAdministrativeExpenses": 0,
    "sellingAndMarketingExpenses": 0,
    "sellingGeneralAndAdministrativeExpenses": 3562000000,
    "otherExpenses": 0,
    "operatingExpenses": 3562000000,
    "costAndExpenses": 10429000000,
    "interestIncome": 0,
    "interestExpense": 1306000000,
    "depreciationAndAmortization": 2130000000,
    "ebitda": 5241000000,
    "ebitdaratio": 0.3858215548,
    "operatingIncome": 3155000000,
    "operatingIncomeRatio": 0.2322585395,
    "totalOtherIncomeExpensesNet": -1350000000,
    "incomeBeforeTax": 1805000000,
    "incomeBeforeTaxRatio": 0.132876914,
    "incomeTaxExpense": 369000000,
    "netIncome": 1255000000,
    "netIncomeRatio": 0.0923881037,
    "eps": 8.42,
    "epsdiluted": 8.26,
    "weightedAverageShsOut": 149004000,
    "weightedAverageShsOutDil": 152019000,
    "link": "https://www.sec.gov/Archives/edgar/data/1091667/000109166723000143/0001091667-23-000143-index.htm",
    "finalLink": "https://www.sec.gov/Archives/edgar/data/1091667/000109166723000143/chtr-20230930.htm"
  },
  {
    "date": "2023-06-30",
    "symbol": "CHTR",
    "reportedCurrency": "USD",
    "cik": "0001091667",
    "fillingDate": "2023-07-28",
    "acceptedDate": "2023-07-28 07:02:39",
    "calendarYear": "2023",
    "period": "Q2",
    "revenue": 13659000000,
    "costOfRevenue": 6981000000,
    "grossProfit": 6678000000,
    "grossProfitRatio": 0.488908412,
    "researchAndDevelopmentExpenses": 0,
    "generalAndAdministrativeExpenses": 0,
    "sellingAndMarketingExpenses": 0,
    "sellingGeneralAndAdministrativeExpenses": 3496000000,
    "otherExpenses": 0,
    "operatingExpenses": 3496000000,
    "costAndExpenses": 10477000000,
    "interestIncome": 0,
    "interestExpense": 1298000000,
    "depreciationAndAmortization": 2172000000,
    "ebitda": 5327000000,
    "ebitdaratio": 0.3899992679,
    "operatingIncome": 3182000000,
    "operatingIncomeRatio": 0.2329599531,
    "totalOtherIncomeExpensesNet": -1325000000,
    "incomeBeforeTax": 1857000000,
    "incomeBeforeTaxRatio": 0.1359543158,
    "incomeTaxExpense": 444000000,
    "netIncome": 1223000000,
    "netIncomeRatio": 0.0895380335,
    "eps": 8.15,
    "epsdiluted": 8.05,
    "weightedAverageShsOut": 150091880,
    "weightedAverageShsOutDil": 151975698,
    "link": "https://www.sec.gov/Archives/edgar/data/1091667/000109166723000108/0001091667-23-000108-index.htm",
    "finalLink": "https://www.sec.gov/Archives/edgar/data/1091667/000109166723000108/chtr-20230630.htm"
  },
  {
    "date": "2023-03-31",
    "symbol": "CHTR",
    "reportedCurrency": "USD",
    "cik": "0001091667",
    "fillingDate": "2023-04-28",
    "acceptedDate": "2023-04-28 07:03:46",
    "calendarYear": "2023",
    "period": "Q1",
    "revenue": 13653000000,
    "costOfRevenue": 7100000000,
    "grossProfit": 6553000000,
    "grossProfitRatio": 0.4799677727,
    "researchAndDevelopmentExpenses": 0,
    "generalAndAdministrativeExpenses": 0,
    "sellingAndMarketingExpenses": 0,
    "sellingGeneralAndAdministrativeExpenses": 3617000000,
    "otherExpenses": 0,
    "operatingExpenses": 3617000000,
    "costAndExpenses": 10717000000,
    "interestIncome": 0,
    "interestExpense": 1265000000,
    "depreciationAndAmortization": 2206000000,
    "ebitda": 5028000000,
    "ebitdaratio": 0.3682707097,
    "operatingIncome": 2936000000,
    "operatingIncomeRatio": 0.2150443126,
    "totalOtherIncomeExpensesNet": -1379000000,
    "incomeBeforeTax": 1557000000,
    "incomeBeforeTaxRatio": 0.1140408701,
    "incomeTaxExpense": 374000000,
    "netIncome": 1021000000,
    "netIncomeRatio": 0.0747820992,
    "eps": 6.74,
    "epsdiluted": 6.65,
    "weightedAverageShsOut": 151438371,
    "weightedAverageShsOutDil": 153538359,
    "link": "https://www.sec.gov/Archives/edgar/data/1091667/000109166723000084/0001091667-23-000084-index.htm",
    "finalLink": "https://www.sec.gov/Archives/edgar/data/1091667/000109166723000084/chtr-20230331.htm"
  },
  {
    "date": "2022-12-31",
    "symbol": "CHTR",
    "reportedCurrency": "USD",
    "cik": "0001091667",
    "fillingDate": "2023-01-27",
    "acceptedDate": "2023-01-27 07:04:46",
    "calendarYear": "2022",
    "period": "Q4",
    "revenue": 13674000000,
    "costOfRevenue": 7524000000,
    "grossProfit": 6150000000,
    "grossProfitRatio": 0.4497586661,
    "researchAndDevelopmentExpenses": 0,
    "generalAndAdministrativeExpenses": 0,
    "sellingAndMarketingExpenses": 0,
    "sellingGeneralAndAdministrativeExpenses": 2970000000,
    "otherExpenses": 0,
    "operatingExpenses": 2970000000,
    "costAndExpenses": 10494000000,
    "interestIncome": 0,
    "interestExpense": 1227000000,
    "depreciationAndAmortization": 2192000000,
    "ebitda": 5223000000,
    "ebitdaratio": 0.3819657745,
    "operatingIncome": 3180000000,
    "operatingIncomeRatio": 0.2325581395,
    "totalOtherIncomeExpensesNet": -1376000000,
    "incomeBeforeTax": 1804000000,
    "incomeBeforeTaxRatio": 0.1319292087,
    "incomeTaxExpense": 419000000,
    "netIncome": 1196000000,
    "netIncomeRatio": 0.0874652625,
    "eps": 7.79,
    "epsdiluted": 7.69,
    "weightedAverageShsOut": 153523976,
    "weightedAverageShsOutDil": 155554890,
    "link": "https://www.sec.gov/Archives/edgar/data/1091667/000109166723000024/0001091667-23-000024-index.htm",
    "finalLink": "https://www.sec.gov/Archives/edgar/data/1091667/000109166723000024/chtr-20221231.htm"
  },
  {
    "date": "2022-09-30",
    "symbol": "CHTR",
    "reportedCurrency": "USD",
    "cik": "0001091667",
    "fillingDate": "2022-10-28",
    "acceptedDate": "2022-10-28 07:02:23",
    "calendarYear": "2022",
    "period": "Q3",
    "revenue": 13550000000,
    "costOfRevenue": 7617000000,
    "grossProfit": 5933000000,
    "grossProfitRatio": 0.4378597786,
    "researchAndDevelopmentExpenses": 0,
    "generalAndAdministrativeExpenses": 0,
    "sellingAndMarketingExpenses": 0,
    "sellingGeneralAndAdministrativeExpenses": 2807000000,
    "otherExpenses": 0,
    "operatingExpenses": 2807000000,
    "costAndExpenses": 10424000000,
    "interestIncome": 0,
    "interestExpense": 1160000000,
    "depreciationAndAmortization": 2177000000,
    "ebitda": 5064000000,
    "ebitdaratio": 0.3737269373,
    "operatingIncome": 3126000000,
    "operatingIncomeRatio": 0.230701107,
    "totalOtherIncomeExpensesNet": -1399000000,
    "incomeBeforeTax": 1727000000,
    "incomeBeforeTaxRatio": 0.1274538745,
    "incomeTaxExpense": 360000000,
    "netIncome": 1185000000,
    "netIncomeRatio": 0.0874538745,
    "eps": 7.51,
    "epsdiluted": 7.38,
    "weightedAverageShsOut": 157971109,
    "weightedAverageShsOutDil": 160638186,
    "link": "https://www.sec.gov/Archives/edgar/data/1091667/000109166722000115/0001091667-22-000115-index.htm",
    "finalLink": "https://www.sec.gov/Archives/edgar/data/1091667/000109166722000115/chtr-20220930.htm"
  },
  {
    "date": "2022-06-30",
    "symbol": "CHTR",
    "reportedCurrency": "USD",
    "cik": "0001091667",
    "fillingDate": "2022-07-29",
    "acceptedDate": "2022-07-29 07:04:30",
    "calendarYear": "2022",
    "period": "Q2",
    "revenue": 13598000000,
    "costOfRevenue": 7731000000,
    "grossProfit": 5867000000,
    "grossProfitRatio": 0.4314605089,
    "researchAndDevelopmentExpenses": 0,
    "generalAndAdministrativeExpenses": 0,
    "sellingAndMarketingExpenses": 0,
    "sellingGeneralAndAdministrativeExpenses": 2702000000,
    "otherExpenses": 0,
    "operatingExpenses": 2702000000,
    "costAndExpenses": 10433000000,
    "interestIncome": 0,
    "interestExpense": 1109000000,
    "depreciationAndAmortization": 2240000000,
    "ebitda": 5546000000,
    "ebitdaratio": 0.4078540962,
    "operatingIncome": 3165000000,
    "operatingIncomeRatio": 0.2327548169,
    "totalOtherIncomeExpensesNet": -968000000,
    "incomeBeforeTax": 2197000000,
    "incomeBeforeTaxRatio": 0.1615678776,
    "incomeTaxExpense": 489000000,
    "netIncome": 1471000000,
    "netIncomeRatio": 0.1081776732,
    "eps": 8.97,
    "epsdiluted": 8.8,
    "weightedAverageShsOut": 164049619,
    "weightedAverageShsOutDil": 167090925,
    "link": "https://www.sec.gov/Archives/edgar/data/1091667/000109166722000090/0001091667-22-000090-index.htm",
    "finalLink": "https://www.sec.gov/Archives/edgar/data/1091667/000109166722000090/chtr-20220630.htm"
  },
  {
    "date": "2022-03-31",
    "symbol": "CHTR",
    "reportedCurrency": "USD",
    "cik": "0001091667",
    "fillingDate": "2022-04-29",
    "acceptedDate": "2022-04-29 07:04:18",
    "calendarYear": "2022",
    "period": "Q1",
    "revenue": 13200000000,
    "costOfRevenue": 7726000000,
    "grossProfit": 5474000000,
    "grossProfitRatio": 0.4146969697,
    "researchAndDevelopmentExpenses": 0,
    "generalAndAdministrativeExpenses": 0,
    "sellingAndMarketingExpenses": 0,
    "sellingGeneralAndAdministrativeExpenses": 2702000000,
    "otherExpenses": 0,
    "operatingExpenses": 2702000000,
    "costAndExpenses": 10428000000,
    "interestIncome": 0,
    "interestExpense": 1060000000,
    "depreciationAndAmortization": 2294000000,
    "ebitda": 5088000000,
    "ebitdaratio": 0.3854545455,
    "operatingIncome": 2772000000,
    "operatingIncomeRatio": 0.21,
    "totalOtherIncomeExpensesNet": -1038000000,
    "incomeBeforeTax": 1734000000,
    "incomeBeforeTaxRatio": 0.1313636364,
    "incomeTaxExpense": 345000000,
    "netIncome": 1203000000,
    "netIncomeRatio": 0.0911363636,
    "eps": 7.05,
    "epsdiluted": 6.89,
    "weightedAverageShsOut": 170688127,
    "weightedAverageShsOutDil": 174500472,
    "link": "https://www.sec.gov/Archives/edgar/data/1091667/000109166722000066/0001091667-22-000066-index.htm",
    "finalLink": "https://www.sec.gov/Archives/edgar/data/1091667/000109166722000066/chtr-20220331.htm"
  },
  {
    "date": "2021-12-31",
    "symbol": "CHTR",
    "reportedCurrency": "USD",
    "cik": "0001091667",
    "fillingDate": "2022-01-28",
    "acceptedDate": "2022-01-28 07:05:57",
    "calendarYear": "2021",
    "period": "Q4",
    "revenue": 13212000000,
    "costOfRevenue": 7630000000,
    "grossProfit": 5582000000,
    "grossProfitRatio": 0.4224947018,
    "researchAndDevelopmentExpenses": 0,
    "generalAndAdministrativeExpenses": 0,
    "sellingAndMarketingExpenses": 0,
    "sellingGeneralAndAdministrativeExpenses": 2581000000,
    "otherExpenses": 0,
    "operatingExpenses": 2581000000,
    "costAndExpenses": 10211000000,
    "interestIncome": 0,
    "interestExpense": 1034000000,
    "depreciationAndAmortization": 2280000000,
    "ebitda": 5372000000,
    "ebitdaratio": 0.4066000606,
    "operatingIncome": 3001000000,
    "operatingIncomeRatio": 0.2271419921,
    "totalOtherIncomeExpensesNet": -943000000,
    "incomeBeforeTax": 2058000000,
    "incomeBeforeTaxRatio": 0.1557674841,
    "incomeTaxExpense": 224000000,
    "netIncome": 1610000000,
    "netIncomeRatio": 0.1218589161,
    "eps": 10.44,
    "epsdiluted": 10.17,
    "weightedAverageShsOut": 175623846,
    "weightedAverageShsOutDil": 180417622,
    "link": "https://www.sec.gov/Archives/edgar/data/1091667/000109166722000024/0001091667-22-000024-index.htm",
    "finalLink": "https://www.sec.gov/Archives/edgar/data/1091667/000109166722000024/chtr-20211231.htm"
  },
  {
    "date": "2021-09-30",
    "symbol": "CHTR",
    "reportedCurrency": "USD",
    "cik": "0001091667",
    "fillingDate": "2021-10-29",
    "acceptedDate": "2021-10-29 07:04:48",
    "calendarYear": "2021",
    "period": "Q3",
    "revenue": 13146000000,
    "costOfRevenue": 7786000000,
    "grossProfit": 5360000000,
    "grossProfitRatio": 0.4077285866,
    "researchAndDevelopmentExpenses": 0,
    "generalAndAdministrativeExpenses": 0,
    "sellingAndMarketingExpenses": 0,
    "sellingGeneralAndAdministrativeExpenses": 2442000000,
    "otherExpenses": 0,
    "operatingExpenses": 2442000000,
    "costAndExpenses": 10228000000,
    "interestIncome": 0,
    "interestExpense": 1016000000,
    "depreciationAndAmortization": 2270000000,
    "ebitda": 5040000000,
    "ebitdaratio": 0.3833865815,
    "operatingIncome": 2918000000,
    "operatingIncomeRatio": 0.2219686597,
    "totalOtherIncomeExpensesNet": -1164000000,
    "incomeBeforeTax": 1754000000,
    "incomeBeforeTaxRatio": 0.1334246159,
    "incomeTaxExpense": 347000000,
    "netIncome": 1217000000,
    "netIncomeRatio": 0.0925756884,
    "eps": 6.69,
    "epsdiluted": 6.5,
    "weightedAverageShsOut": 181925180,
    "weightedAverageShsOutDil": 187166071,
    "link": "https://www.sec.gov/Archives/edgar/data/1091667/000109166721000163/0001091667-21-000163-index.htm",
    "finalLink": "https://www.sec.gov/Archives/edgar/data/1091667/000109166721000163/chtr-20210930.htm"
  },
  {
    "date": "2021-06-30",
    "symbol": "CHTR",
    "reportedCurrency": "USD",
    "cik": "0001091667",
    "fillingDate": "2021-07-30",
    "acceptedDate": "2021-07-30 07:04:51",
    "calendarYear": "2021",
    "period": "Q2",
    "revenue": 12802000000,
    "costOfRevenue": 7827000000,
    "grossProfit": 4975000000,
    "grossProfitRatio": 0.3886111545,
    "researchAndDevelopmentExpenses": 0,
    "generalAndAdministrativeExpenses": 0,
    "sellingAndMarketingExpenses": 0,
    "sellingGeneralAndAdministrativeExpenses": 2409000000,
    "otherExpenses": 0,
    "operatingExpenses": 2409000000,
    "costAndExpenses": 10236000000,
    "interestIncome": 0,
    "interestExpense": 1004000000,
    "depreciationAndAmortization": 2354000000,
    "ebitda": 4797000000,
    "ebitdaratio": 0.374707077,
    "operatingIncome": 2566000000,
    "operatingIncomeRatio": 0.2004374317,
    "totalOtherIncomeExpensesNet": -1127000000,
    "incomeBeforeTax": 1439000000,
    "incomeBeforeTaxRatio": 0.1124043118,
    "incomeTaxExpense": 281000000,
    "netIncome": 1020000000,
    "netIncomeRatio": 0.0796750508,
    "eps": 5.48,
    "epsdiluted": 5.29,
    "weightedAverageShsOut": 185916505,
    "weightedAverageShsOutDil": 199077390,
    "link": "https://www.sec.gov/Archives/edgar/data/1091667/000109166721000134/0001091667-21-000134-index.htm",
    "finalLink": "https://www.sec.gov/Archives/edgar/data/1091667/000109166721000134/chtr-20210630.htm"
  },
  {
    "date": "2021-03-31",
    "symbol": "CHTR",
    "reportedCurrency": "USD",
    "cik": "0001091667",
    "fillingDate": "2021-04-30",
    "acceptedDate": "2021-04-30 07:05:04",
    "calendarYear": "2021",
    "period": "Q1",
    "revenue": 12522000000,
    "costOfRevenue": 7833000000,
    "grossProfit": 4689000000,
    "grossProfitRatio": 0.3744609487,
    "researchAndDevelopmentExpenses": 0,
    "generalAndAdministrativeExpenses": 0,
    "sellingAndMarketingExpenses": 0,
    "sellingGeneralAndAdministrativeExpenses": 2319000000,
    "otherExpenses": 0,
    "operatingExpenses": 2319000000,
    "costAndExpenses": 10152000000,
    "interestIncome": 0,
    "interestExpense": 983000000,
    "depreciationAndAmortization": 2441000000,
    "ebitda": 4561000000,
    "ebitdaratio": 0.3642389395,
    "operatingIncome": 2370000000,
    "operatingIncomeRatio": 0.1892668903,
    "totalOtherIncomeExpensesNet": -1233000000,
    "incomeBeforeTax": 1137000000,
    "incomeBeforeTaxRatio": 0.0908001917,
    "incomeTaxExpense": 216000000,
    "netIncome": 807000000,
    "netIncomeRatio": 0.064446574,
    "eps": 4.22,
    "epsdiluted": 4.11,
    "weightedAverageShsOut": 191404527,
    "weightedAverageShsOutDil": 205872536,
    "link": "https://www.sec.gov/Archives/edgar/data/1091667/000109166721000084/0001091667-21-000084-index.htm",
    "finalLink": "https://www.sec.gov/Archives/edgar/data/1091667/000109166721000084/chtr-20210331.htm"
  },
  {
    "date": "2020-12-31",
    "symbol": "CHTR",
    "reportedCurrency": "USD",
    "cik": "0001091667",
    "fillingDate": "2021-01-29",
    "acceptedDate": "2021-01-29 07:06:30",
    "calendarYear": "2020",
    "period": "Q4",
    "revenue": 12624000000,
    "costOfRevenue": 7724000000,
    "grossProfit": 4900000000,
    "grossProfitRatio": 0.3881495564,
    "researchAndDevelopmentExpenses": 0,
    "generalAndAdministrativeExpenses": 0,
    "sellingAndMarketingExpenses": 0,
    "sellingGeneralAndAdministrativeExpenses": 2403000000,
    "otherExpenses": 0,
    "operatingExpenses": 2403000000,
    "costAndExpenses": 10127000000,
    "interestIncome": 0,
    "interestExpense": 965000000,
    "depreciationAndAmortization": 2409000000,
    "ebitda": 5029000000,
    "ebitdaratio": 0.3983681876,
    "operatingIncome": 2497000000,
    "operatingIncomeRatio": 0.1977978454,
    "totalOtherIncomeExpensesNet": -842000000,
    "incomeBeforeTax": 1655000000,
    "incomeBeforeTaxRatio": 0.131099493,
    "incomeTaxExpense": 254000000,
    "netIncome": 1246000000,
    "netIncomeRatio": 0.0987008872,
    "eps": 6.33,
    "epsdiluted": 6.05,
    "weightedAverageShsOut": 196906511,
    "weightedAverageShsOutDil": 212077917,
    "link": "https://www.sec.gov/Archives/edgar/data/1091667/000109166721000022/0001091667-21-000022-index.htm",
    "finalLink": "https://www.sec.gov/Archives/edgar/data/1091667/000109166721000022/chtr-20201231.htm"
  },
  {
    "date": "2020-09-30",
    "symbol": "CHTR",
    "reportedCurrency": "USD",
    "cik": "0001091667",
    "fillingDate": "2020-10-30",
    "acceptedDate": "2020-10-30 07:04:06",
    "calendarYear": "2020",
    "period": "Q3",
    "revenue": 12039000000,
    "costOfRevenue": 7611000000,
    "grossProfit": 4428000000,
    "grossProfitRatio": 0.3678046349,
    "researchAndDevelopmentExpenses": 0,
    "generalAndAdministrativeExpenses": 0,
    "sellingAndMarketingExpenses": 0,
    "sellingGeneralAndAdministrativeExpenses": 2242000000,
    "otherExpenses": 0,
    "operatingExpenses": 2242000000,
    "costAndExpenses": 9853000000,
    "interestIncome": 0,
    "interestExpense": 946000000,
    "depreciationAndAmortization": 2370000000,
    "ebitda": 4425000000,
    "ebitdaratio": 0.3675554448,
    "operatingIncome": 2186000000,
    "operatingIncomeRatio": 0.1815765429,
    "totalOtherIncomeExpensesNet": -1077000000,
    "incomeBeforeTax": 1109000000,
    "incomeBeforeTaxRatio": 0.0921172855,
    "incomeTaxExpense": 177000000,
    "netIncome": 814000000,
    "netIncomeRatio": 0.0676135892,
    "eps": 4.01,
    "epsdiluted": 3.9,
    "weightedAverageShsOut": 202826502,
    "weightedAverageShsOutDil": 208722129,
    "link": "https://www.sec.gov/Archives/edgar/data/1091667/000109166720000195/0001091667-20-000195-index.htm",
    "finalLink": "https://www.sec.gov/Archives/edgar/data/1091667/000109166720000195/chtr-20200930.htm"
  },
  {
    "date": "2020-06-30",
    "symbol": "CHTR",
    "reportedCurrency": "USD",
    "cik": "0001091667",
    "fillingDate": "2020-07-31",
    "acceptedDate": "2020-07-31 08:41:52",
    "calendarYear": "2020",
    "period": "Q2",
    "revenue": 11696000000,
    "costOfRevenue": 7637000000,
    "grossProfit": 4059000000,
    "grossProfitRatio": 0.3470417237,
    "researchAndDevelopmentExpenses": 0,
    "generalAndAdministrativeExpenses": 0,
    "sellingAndMarketingExpenses": 0,
    "sellingGeneralAndAdministrativeExpenses": 2088000000,
    "otherExpenses": 0,
    "operatingExpenses": 2088000000,
    "costAndExpenses": 9725000000,
    "interestIncome": 0,
    "interestExpense": 957000000,
    "depreciationAndAmortization": 2428000000,
    "ebitda": 4427000000,
    "ebitdaratio": 0.378505472,
    "operatingIncome": 1971000000,
    "operatingIncomeRatio": 0.1685191518,
    "totalOtherIncomeExpensesNet": -929000000,
    "incomeBeforeTax": 1042000000,
    "incomeBeforeTaxRatio": 0.0890902873,
    "incomeTaxExpense": 166000000,
    "netIncome": 766000000,
    "netIncomeRatio": 0.0654924761,
    "eps": 3.72,
    "epsdiluted": 3.63,
    "weightedAverageShsOut": 205777438,
    "weightedAverageShsOutDil": 210906946,
    "link": "https://www.sec.gov/Archives/edgar/data/1091667/000109166720000158/0001091667-20-000158-index.htm",
    "finalLink": "https://www.sec.gov/Archives/edgar/data/1091667/000109166720000158/chtr-20200630.htm"
  },
  {
    "date": "2020-03-31",
    "symbol": "CHTR",
    "reportedCurrency": "USD",
    "cik": "0001091667",
    "fillingDate": "2020-05-01",
    "acceptedDate": "2020-05-01 07:12:20",
    "calendarYear": "2020",
    "period": "Q1",
    "revenue": 11738000000,
    "costOfRevenue": 7788000000,
    "grossProfit": 3950000000,
    "grossProfitRatio": 0.3365138865,
    "researchAndDevelopmentExpenses": 0,
    "generalAndAdministrativeExpenses": 0,
    "sellingAndMarketingExpenses": 0,
    "sellingGeneralAndAdministrativeExpenses": 2141000000,
    "otherExpenses": 0,
    "operatingExpenses": 2141000000,
    "costAndExpenses": 9929000000,
    "interestIncome": 0,
    "interestExpense": 980000000,
    "depreciationAndAmortization": 2497000000,
    "ebitda": 3973000000,
    "ebitdaratio": 0.3384733345,
    "operatingIncome": 1809000000,
    "operatingIncomeRatio": 0.1541148407,
    "totalOtherIncomeExpensesNet": -1313000000,
    "incomeBeforeTax": 496000000,
    "incomeBeforeTaxRatio": 0.0422559209,
    "incomeTaxExpense": 29000000,
    "netIncome": 396000000,
    "netIncomeRatio": 0.033736582,
    "eps": 1.91,
    "epsdiluted": 1.86,
    "weightedAverageShsOut": 207831305,
    "weightedAverageShsOutDil": 212810613,
    "link": "https://www.sec.gov/Archives/edgar/data/1091667/000109166720000105/0001091667-20-000105-index.htm",
    "finalLink": "https://www.sec.gov/Archives/edgar/data/1091667/000109166720000105/chtr-20200331.htm"
  },
  {
    "date": "2019-12-31",
    "symbol": "CHTR",
    "reportedCurrency": "USD",
    "cik": "0001091667",
    "fillingDate": "2020-01-31",
    "acceptedDate": "2020-01-31 07:08:17",
    "calendarYear": "2019",
    "period": "Q4",
    "revenue": 11761000000,
    "costOfRevenue": 7659000000,
    "grossProfit": 4102000000,
    "grossProfitRatio": 0.3487798657,
    "researchAndDevelopmentExpenses": 0,
    "generalAndAdministrativeExpenses": 0,
    "sellingAndMarketingExpenses": 0,
    "sellingGeneralAndAdministrativeExpenses": 2111000000,
    "otherExpenses": 0,
    "operatingExpenses": 2111000000,
    "costAndExpenses": 9770000000,
    "interestIncome": 0,
    "interestExpense": 964000000,
    "depreciationAndAmortization": 2461000000,
    "ebitda": 4357000000,
    "ebitdaratio": 0.3704616954,
    "operatingIncome": 1991000000,
    "operatingIncomeRatio": 0.1692883258,
    "totalOtherIncomeExpensesNet": -1059000000,
    "incomeBeforeTax": 932000000,
    "incomeBeforeTaxRatio": 0.0792449622,
    "incomeTaxExpense": 110000000,
    "netIncome": 714000000,
    "netIncomeRatio": 0.0607091234,
    "eps": 3.36,
    "epsdiluted": 3.28,
    "weightedAverageShsOut": 212648072,
    "weightedAverageShsOutDil": 217778099,
    "link": "https://www.sec.gov/Archives/edgar/data/1091667/000109166720000024/0001091667-20-000024-index.htm",
    "finalLink": "https://www.sec.gov/Archives/edgar/data/1091667/000109166720000024/chtr12312019-10k.htm"
  },
  {
    "date": "2019-09-30",
    "symbol": "CHTR",
    "reportedCurrency": "USD",
    "cik": "0001091667",
    "fillingDate": "2019-10-25",
    "acceptedDate": "2019-10-25 07:27:38",
    "calendarYear": "2019",
    "period": "Q3",
    "revenue": 11450000000,
    "costOfRevenue": 7711000000,
    "grossProfit": 3739000000,
    "grossProfitRatio": 0.3265502183,
    "researchAndDevelopmentExpenses": 0,
    "generalAndAdministrativeExpenses": 0,
    "sellingAndMarketingExpenses": 0,
    "sellingGeneralAndAdministrativeExpenses": 2139000000,
    "otherExpenses": 0,
    "operatingExpenses": 2139000000,
    "costAndExpenses": 9850000000,
    "interestIncome": 0,
    "interestExpense": 963000000,
    "depreciationAndAmortization": 2415000000,
    "ebitda": 3971000000,
    "ebitdaratio": 0.3468122271,
    "operatingIncome": 1600000000,
    "operatingIncomeRatio": 0.1397379913,
    "totalOtherIncomeExpensesNet": -1007000000,
    "incomeBeforeTax": 593000000,
    "incomeBeforeTaxRatio": 0.051790393,
    "incomeTaxExpense": 126000000,
    "netIncome": 387000000,
    "netIncomeRatio": 0.0337991266,
    "eps": 1.77,
    "epsdiluted": 1.74,
    "weightedAverageShsOut": 218499213,
    "weightedAverageShsOutDil": 222355867,
    "link": "https://www.sec.gov/Archives/edgar/data/1091667/000109166719000113/0001091667-19-000113-index.htm",
    "finalLink": "https://www.sec.gov/Archives/edgar/data/1091667/000109166719000113/chtr9302019-10q.htm"
  },
  {
    "date": "2019-06-30",
    "symbol": "CHTR",
    "reportedCurrency": "USD",
    "cik": "0001091667",
    "fillingDate": "2019-07-26",
    "acceptedDate": "2019-07-26 07:07:17",
    "calendarYear": "2019",
    "period": "Q2",
    "revenue": 11347000000,
    "costOfRevenue": 7691000000,
    "grossProfit": 3656000000,
    "grossProfitRatio": 0.3221997004,
    "researchAndDevelopmentExpenses": 0,
    "generalAndAdministrativeExpenses": 0,
    "sellingAndMarketingExpenses": 0,
    "sellingGeneralAndAdministrativeExpenses": 2053000000,
    "otherExpenses": 0,
    "operatingExpenses": 2053000000,
    "costAndExpenses": 9744000000,
    "interestIncome": 0,
    "interestExpense": 945000000,
    "depreciationAndAmortization": 2500000000,
    "ebitda": 3915000000,
    "ebitdaratio": 0.3450251168,
    "operatingIncome": 1603000000,
    "operatingIncomeRatio": 0.1412708205,
    "totalOtherIncomeExpensesNet": -1133000000,
    "incomeBeforeTax": 470000000,
    "incomeBeforeTaxRatio": 0.0414206398,
    "incomeTaxExpense": 84000000,
    "netIncome": 314000000,
    "netIncomeRatio": 0.0276725126,
    "eps": 1.41,
    "epsdiluted": 1.39,
    "weightedAverageShsOut": 222392274,
    "weightedAverageShsOutDil": 225942172,
    "link": "https://www.sec.gov/Archives/edgar/data/1091667/000109166719000097/0001091667-19-000097-index.htm",
    "finalLink": "https://www.sec.gov/Archives/edgar/data/1091667/000109166719000097/chtr6302019-10q.htm"
  },
  {
    "date": "2019-03-31",
    "symbol": "CHTR",
    "reportedCurrency": "USD",
    "cik": "0001091667",
    "fillingDate": "2019-04-30",
    "acceptedDate": "2019-04-30 07:10:48",
    "calendarYear": "2019",
    "period": "Q1",
    "revenue": 11206000000,
    "costOfRevenue": 7798000000,
    "grossProfit": 3408000000,
    "grossProfitRatio": 0.3041227914,
    "researchAndDevelopmentExpenses": 0,
    "generalAndAdministrativeExpenses": 0,
    "sellingAndMarketingExpenses": 0,
    "sellingGeneralAndAdministrativeExpenses": 1988000000,
    "otherExpenses": 0,
    "operatingExpenses": 1988000000,
    "costAndExpenses": 9786000000,
    "interestIncome": 0,
    "interestExpense": 925000000,
    "depreciationAndAmortization": 2550000000,
    "ebitda": 3911000000,
    "ebitdaratio": 0.3490094592,
    "operatingIncome": 1420000000,
    "operatingIncomeRatio": 0.1267178297,
    "totalOtherIncomeExpensesNet": -984000000,
    "incomeBeforeTax": 436000000,
    "incomeBeforeTaxRatio": 0.038907728,
    "incomeTaxExpense": 119000000,
    "netIncome": 253000000,
    "netIncomeRatio": 0.0225771908,
    "eps": 1.13,
    "epsdiluted": 1.11,
    "weightedAverageShsOut": 224630122,
    "weightedAverageShsOutDil": 227595365,
    "link": "https://www.sec.gov/Archives/edgar/data/1091667/000109166719000085/0001091667-19-000085-index.htm",
    "finalLink": "https://www.sec.gov/Archives/edgar/data/1091667/000109166719000085/chtr3312019-10q.htm"
  },
  {
    "date": "2018-12-31",
    "symbol": "CHTR",
    "reportedCurrency": "USD",
    "cik": "0001091667",
    "fillingDate": "2019-01-31",
    "acceptedDate": "2019-01-31 07:13:55",
    "calendarYear": "2018",
    "period": "Q4",
    "revenue": 11231000000,
    "costOfRevenue": 7731000000,
    "grossProfit": 3500000000,
    "grossProfitRatio": 0.3116374321,
    "researchAndDevelopmentExpenses": 0,
    "generalAndAdministrativeExpenses": 0,
    "sellingAndMarketingExpenses": 0,
    "sellingGeneralAndAdministrativeExpenses": 1942000000,
    "otherExpenses": 0,
    "operatingExpenses": 1942000000,
    "costAndExpenses": 9673000000,
    "interestIncome": 0,
    "interestExpense": 910000000,
    "depreciationAndAmortization": 2534000000,
    "ebitda": 3806000000,
    "ebitdaratio": 0.3388834476,
    "operatingIncome": 1558000000,
    "operatingIncomeRatio": 0.1387231769,
    "totalOtherIncomeExpensesNet": -1196000000,
    "incomeBeforeTax": 362000000,
    "incomeBeforeTaxRatio": 0.0322322144,
    "incomeTaxExpense": 2000000,
    "netIncome": 296000000,
    "netIncomeRatio": 0.0263556228,
    "eps": 1.31,
    "epsdiluted": 1.29,
    "weightedAverageShsOut": 227005966,
    "weightedAverageShsOutDil": 230131933,
    "link": "https://www.sec.gov/Archives/edgar/data/1091667/000109166719000029/0001091667-19-000029-index.htm",
    "finalLink": "https://www.sec.gov/Archives/edgar/data/1091667/000109166719000029/chtr12312018-10k.htm"
  },
  {
    "date": "2018-09-30",
    "symbol": "CHTR",
    "reportedCurrency": "USD",
    "cik": "0001091667",
    "fillingDate": "2018-10-26",
    "acceptedDate": "2018-10-26 07:09:25",
    "calendarYear": "2018",
    "period": "Q3",
    "revenue": 10892000000,
    "costOfRevenue": 7660000000,
    "grossProfit": 3232000000,
    "grossProfitRatio": 0.2967315461,
    "researchAndDevelopmentExpenses": 0,
    "generalAndAdministrativeExpenses": 0,
    "sellingAndMarketingExpenses": 0,
    "sellingGeneralAndAdministrativeExpenses": 1834000000,
    "otherExpenses": 0,
    "operatingExpenses": 1834000000,
    "costAndExpenses": 9494000000,
    "interestIncome": 0,
    "interestExpense": 901000000,
    "depreciationAndAmortization": 2482000000,
    "ebitda": 4076000000,
    "ebitdaratio": 0.3742196107,
    "operatingIncome": 1398000000,
    "operatingIncomeRatio": 0.1283510834,
    "totalOtherIncomeExpensesNet": -705000000,
    "incomeBeforeTax": 693000000,
    "incomeBeforeTaxRatio": 0.0636246787,
    "incomeTaxExpense": 109000000,
    "netIncome": 493000000,
    "netIncomeRatio": 0.045262578,
    "eps": 2.14,
    "epsdiluted": 2.11,
    "weightedAverageShsOut": 230554633,
    "weightedAverageShsOutDil": 233607414,
    "link": "https://www.sec.gov/Archives/edgar/data/1091667/000109166718000103/0001091667-18-000103-index.htm",
    "finalLink": "https://www.sec.gov/Archives/edgar/data/1091667/000109166718000103/chtr9302018-10q.htm"
  },
  {
    "date": "2018-06-30",
    "symbol": "CHTR",
    "reportedCurrency": "USD",
    "cik": "0001091667",
    "fillingDate": "2018-07-31",
    "acceptedDate": "2018-07-31 07:06:19",
    "calendarYear": "2018",
    "period": "Q2",
    "revenue": 10854000000,
    "costOfRevenue": 7739000000,
    "grossProfit": 3115000000,
    "grossProfitRatio": 0.2869909711,
    "researchAndDevelopmentExpenses": 0,
    "generalAndAdministrativeExpenses": 0,
    "sellingAndMarketingExpenses": 0,
    "sellingGeneralAndAdministrativeExpenses": 1726000000,
    "otherExpenses": 0,
    "operatingExpenses": 1726000000,
    "costAndExpenses": 9465000000,
    "interestIncome": 0,
    "interestExpense": 878000000,
    "depreciationAndAmortization": 2592000000,
    "ebitda": 3850000000,
    "ebitdaratio": 0.3547079418,
    "operatingIncome": 1389000000,
    "operatingIncomeRatio": 0.1279712548,
    "totalOtherIncomeExpensesNet": -1009000000,
    "incomeBeforeTax": 380000000,
    "incomeBeforeTaxRatio": 0.0350101345,
    "incomeTaxExpense": 41000000,
    "netIncome": 273000000,
    "netIncomeRatio": 0.0251520177,
    "eps": 1.17,
    "epsdiluted": 1.15,
    "weightedAverageShsOut": 234241769,
    "weightedAverageShsOutDil": 237073566,
    "link": "https://www.sec.gov/Archives/edgar/data/1091667/000109166718000090/0001091667-18-000090-index.htm",
    "finalLink": "https://www.sec.gov/Archives/edgar/data/1091667/000109166718000090/chtr6302018-10q.htm"
  },
  {
    "date": "2018-03-31",
    "symbol": "CHTR",
    "reportedCurrency": "USD",
    "cik": "0001091667",
    "fillingDate": "2018-04-27",
    "acceptedDate": "2018-04-27 08:11:26",
    "calendarYear": "2018",
    "period": "Q1",
    "revenue": 10657000000,
    "costOfRevenue": 7850000000,
    "grossProfit": 2807000000,
    "grossProfitRatio": 0.2633949517,
    "researchAndDevelopmentExpenses": 0,
    "generalAndAdministrativeExpenses": 0,
    "sellingAndMarketingExpenses": 0,
    "sellingGeneralAndAdministrativeExpenses": 1696000000,
    "otherExpenses": 0,
    "operatingExpenses": 1696000000,
    "costAndExpenses": 9546000000,
    "interestIncome": 0,
    "interestExpense": 851000000,
    "depreciationAndAmortization": 2710000000,
    "ebitda": 3812000000,
    "ebitdaratio": 0.3576991649,
    "operatingIncome": 1111000000,
    "operatingIncomeRatio": 0.1042507272,
    "totalOtherIncomeExpensesNet": -860000000,
    "incomeBeforeTax": 251000000,
    "incomeBeforeTaxRatio": 0.0235525945,
    "incomeTaxExpense": 28000000,
    "netIncome": 168000000,
    "netIncomeRatio": 0.0157642864,
    "eps": 0.71,
    "epsdiluted": 0.7,
    "weightedAverageShsOut": 237762295,
    "weightedAverageShsOutDil": 241420722,
    "link": "https://www.sec.gov/Archives/edgar/data/1091667/000109166718000063/0001091667-18-000063-index.htm",
    "finalLink": "https://www.sec.gov/Archives/edgar/data/1091667/000109166718000063/chtr3312018-10q.htm"
  },
  {
    "date": "2017-12-31",
    "symbol": "CHTR",
    "reportedCurrency": "USD",
    "cik": "0001091667",
    "fillingDate": "2018-02-02",
    "acceptedDate": "2018-02-02 08:07:24",
    "calendarYear": "2017",
    "period": "Q4",
    "revenue": 10602000000,
    "costOfRevenue": 7879000000,
    "grossProfit": 2723000000,
    "grossProfitRatio": 0.2568383324,
    "researchAndDevelopmentExpenses": 0,
    "generalAndAdministrativeExpenses": 0,
    "sellingAndMarketingExpenses": 0,
    "sellingGeneralAndAdministrativeExpenses": 1547000000,
    "otherExpenses": 0,
    "operatingExpenses": 1547000000,
    "costAndExpenses": 9426000000,
    "interestIncome": 0,
    "interestExpense": 840000000,
    "depreciationAndAmortization": 2742000000,
    "ebitda": 4013000000,
    "ebitdaratio": 0.378513488,
    "operatingIncome": 1176000000,
    "operatingIncomeRatio": 0.1109224675,
    "totalOtherIncomeExpensesNet": -745000000,
    "incomeBeforeTax": 431000000,
    "incomeBeforeTaxRatio": 0.040652707,
    "incomeTaxExpense": -9186000000,
    "netIncome": 9553000000,
    "netIncomeRatio": 0.9010564045,
    "eps": 39.66,
    "epsdiluted": 34.56,
    "weightedAverageShsOut": 240833636,
    "weightedAverageShsOutDil": 278257245,
    "link": "https://www.sec.gov/Archives/edgar/data/1091667/000109166718000025/0001091667-18-000025-index.htm",
    "finalLink": "https://www.sec.gov/Archives/edgar/data/1091667/000109166718000025/chtr12312017-10k.htm"
  },
  {
    "date": "2017-09-30",
    "symbol": "CHTR",
    "reportedCurrency": "USD",
    "cik": "0001091667",
    "fillingDate": "2017-10-26",
    "acceptedDate": "2017-10-26 07:35:45",
    "calendarYear": "2017",
    "period": "Q3",
    "revenue": 10458000000,
    "costOfRevenue": 7866000000,
    "grossProfit": 2592000000,
    "grossProfitRatio": 0.247848537,
    "researchAndDevelopmentExpenses": 0,
    "generalAndAdministrativeExpenses": 0,
    "sellingAndMarketingExpenses": 0,
    "sellingGeneralAndAdministrativeExpenses": 1538000000,
    "otherExpenses": 0,
    "operatingExpenses": 1538000000,
    "costAndExpenses": 9404000000,
    "interestIncome": 0,
    "interestExpense": 788000000,
    "depreciationAndAmortization": 2701000000,
    "ebitda": 3607000000,
    "ebitdaratio": 0.3449034232,
    "operatingIncome": 1054000000,
    "operatingIncomeRatio": 0.1007840887,
    "totalOtherIncomeExpensesNet": -936000000,
    "incomeBeforeTax": 118000000,
    "incomeBeforeTaxRatio": 0.0112832282,
    "incomeTaxExpense": 26000000,
    "netIncome": 48000000,
    "netIncomeRatio": 0.0045897877,
    "eps": 0.19,
    "epsdiluted": 0.19,
    "weightedAverageShsOut": 253923805,
    "weightedAverageShsOutDil": 258341851,
    "link": "https://www.sec.gov/Archives/edgar/data/1091667/000109166717000105/0001091667-17-000105-index.htm",
    "finalLink": "https://www.sec.gov/Archives/edgar/data/1091667/000109166717000105/chtr9302017-10q.htm"
  },
  {
    "date": "2017-06-30",
    "symbol": "CHTR",
    "reportedCurrency": "USD",
    "cik": "0001091667",
    "fillingDate": "2017-07-27",
    "acceptedDate": "2017-07-27 08:35:09",
    "calendarYear": "2017",
    "period": "Q2",
    "revenue": 10357000000,
    "costOfRevenue": 7683000000,
    "grossProfit": 2674000000,
    "grossProfitRatio": 0.2581828715,
    "researchAndDevelopmentExpenses": 0,
    "generalAndAdministrativeExpenses": 0,
    "sellingAndMarketingExpenses": 0,
    "sellingGeneralAndAdministrativeExpenses": 1487000000,
    "otherExpenses": 0,
    "operatingExpenses": 1487000000,
    "costAndExpenses": 9170000000,
    "interestIncome": 0,
    "interestExpense": 749000000,
    "depreciationAndAmortization": 2595000000,
    "ebitda": 3587000000,
    "ebitdaratio": 0.3463358115,
    "operatingIncome": 1187000000,
    "operatingIncomeRatio": 0.1146084774,
    "totalOtherIncomeExpensesNet": -944000000,
    "incomeBeforeTax": 243000000,
    "incomeBeforeTaxRatio": 0.0234623926,
    "incomeTaxExpense": 48000000,
    "netIncome": 139000000,
    "netIncomeRatio": 0.0134208748,
    "eps": 0.53,
    "epsdiluted": 0.52,
    "weightedAverageShsOut": 263460911,
    "weightedAverageShsOutDil": 267309261,
    "link": "https://www.sec.gov/Archives/edgar/data/1091667/000109166717000095/0001091667-17-000095-index.htm",
    "finalLink": "https://www.sec.gov/Archives/edgar/data/1091667/000109166717000095/chtr6302017-10q.htm"
  },
  {
    "date": "2017-03-31",
    "symbol": "CHTR",
    "reportedCurrency": "USD",
    "cik": "0001091667",
    "fillingDate": "2017-05-02",
    "acceptedDate": "2017-05-02 07:06:02",
    "calendarYear": "2017",
    "period": "Q1",
    "revenue": 10164000000,
    "costOfRevenue": 7467000000,
    "grossProfit": 2697000000,
    "grossProfitRatio": 0.2653482881,
    "researchAndDevelopmentExpenses": 0,
    "generalAndAdministrativeExpenses": 0,
    "sellingAndMarketingExpenses": 0,
    "sellingGeneralAndAdministrativeExpenses": 1662000000,
    "otherExpenses": 0,
    "operatingExpenses": 1662000000,
    "costAndExpenses": 9129000000,
    "interestIncome": 0,
    "interestExpense": 713000000,
    "depreciationAndAmortization": 2550000000,
    "ebitda": 3499000000,
    "ebitdaratio": 0.3442542306,
    "operatingIncome": 1035000000,
    "operatingIncomeRatio": 0.1018299882,
    "totalOtherIncomeExpensesNet": -799000000,
    "incomeBeforeTax": 236000000,
    "incomeBeforeTaxRatio": 0.023219205,
    "incomeTaxExpense": 25000000,
    "netIncome": 155000000,
    "netIncomeRatio": 0.0152499016,
    "eps": 0.58,
    "epsdiluted": 0.57,
    "weightedAverageShsOut": 269004817,
    "weightedAverageShsOutDil": 273199509,
    "link": "https://www.sec.gov/Archives/edgar/data/1091667/000109166717000072/0001091667-17-000072-index.htm",
    "finalLink": "https://www.sec.gov/Archives/edgar/data/1091667/000109166717000072/chtr33117-10q.htm"
  },
  {
    "date": "2016-12-31",
    "symbol": "CHTR",
    "reportedCurrency": "USD",
    "cik": "0001091667",
    "fillingDate": "2017-02-16",
    "acceptedDate": "2017-02-16 07:10:06",
    "calendarYear": "2016",
    "period": "Q4",
    "revenue": 10275000000,
    "costOfRevenue": 7236000000,
    "grossProfit": 3039000000,
    "grossProfitRatio": 0.2957664234,
    "researchAndDevelopmentExpenses": 0,
    "generalAndAdministrativeExpenses": 0,
    "sellingAndMarketingExpenses": 0,
    "sellingGeneralAndAdministrativeExpenses": 1757000000,
    "otherExpenses": 0,
    "operatingExpenses": 1757000000,
    "costAndExpenses": 8993000000,
    "interestIncome": 0,
    "interestExpense": 728000000,
    "depreciationAndAmortization": 2495000000,
    "ebitda": 4002000000,
    "ebitdaratio": 0.3894890511,
    "operatingIncome": 1282000000,
    "operatingIncomeRatio": 0.1247688564,
    "totalOtherIncomeExpensesNet": -503000000,
    "incomeBeforeTax": 779000000,
    "incomeBeforeTaxRatio": 0.0758150852,
    "incomeTaxExpense": 210000000,
    "netIncome": 454000000,
    "netIncomeRatio": 0.0441849148,
    "eps": 1.69,
    "epsdiluted": 1.67,
    "weightedAverageShsOut": 268584368,
    "weightedAverageShsOutDil": 272624270,
    "link": "https://www.sec.gov/Archives/edgar/data/1091667/000109166717000030/0001091667-17-000030-index.htm",
    "finalLink": "https://www.sec.gov/Archives/edgar/data/1091667/000109166717000030/chtr123116-10k.htm"
  },
  {
    "date": "2016-09-30",
    "symbol": "CHTR",
    "reportedCurrency": "USD",
    "cik": "0001091667",
    "fillingDate": "2016-11-03",
    "acceptedDate": "2016-11-03 08:06:21",
    "calendarYear": "2016",
    "period": "Q3",
    "revenue": 10037000000,
    "costOfRevenue": 7174000000,
    "grossProfit": 2863000000,
    "grossProfitRatio": 0.285244595,
    "researchAndDevelopmentExpenses": 0,
    "generalAndAdministrativeExpenses": 0,
    "sellingAndMarketingExpenses": 0,
    "sellingGeneralAndAdministrativeExpenses": 1745000000,
    "otherExpenses": 0,
    "operatingExpenses": 1745000000,
    "costAndExpenses": 8919000000,
    "interestIncome": 0,
    "interestExpense": 724000000,
    "depreciationAndAmortization": 2437000000,
    "ebitda": 3427000000,
    "ebitdaratio": 0.3414366843,
    "operatingIncome": 1118000000,
    "operatingIncomeRatio": 0.1113878649,
    "totalOtherIncomeExpensesNet": -852000000,
    "incomeBeforeTax": 266000000,
    "incomeBeforeTaxRatio": 0.0265019428,
    "incomeTaxExpense": 16000000,
    "netIncome": 189000000,
    "netIncomeRatio": 0.0188303278,
    "eps": 0.7,
    "epsdiluted": 0.69,
    "weightedAverageShsOut": 271263259,
    "weightedAverageShsOutDil": 275373202,
    "link": "https://www.sec.gov/Archives/edgar/data/1091667/000109166716000576/0001091667-16-000576-index.htm",
    "finalLink": "https://www.sec.gov/Archives/edgar/data/1091667/000109166716000576/chtr93016-10q.htm"
  },
  {
    "date": "2016-06-30",
    "symbol": "CHTR",
    "reportedCurrency": "USD",
    "cik": "0001091667",
    "fillingDate": "2016-08-09",
    "acceptedDate": "2016-08-09 07:09:59",
    "calendarYear": "2016",
    "period": "Q2",
    "revenue": 6161000000,
    "costOfRevenue": 4004000000,
    "grossProfit": 2157000000,
    "grossProfitRatio": 0.3501055024,
    "researchAndDevelopmentExpenses": 0,
    "generalAndAdministrativeExpenses": -520000000,
    "sellingAndMarketingExpenses": 0,
    "sellingGeneralAndAdministrativeExpenses": -520000000,
    "otherExpenses": 1436000000,
    "operatingExpenses": 916000000,
    "costAndExpenses": 4920000000,
    "interestIncome": 0,
    "interestExpense": 593000000,
    "depreciationAndAmortization": 1436000000,
    "ebitda": 2702000000,
    "ebitdaratio": 0.438565168,
    "operatingIncome": 690000000,
    "operatingIncomeRatio": 0.111994806,
    "totalOtherIncomeExpensesNet": -235000000,
    "incomeBeforeTax": -65000000,
    "incomeBeforeTaxRatio": -0.0105502354,
    "incomeTaxExpense": -3179000000,
    "netIncome": 3067000000,
    "netIncomeRatio": 0.4978087973,
    "eps": 16.73,
    "epsdiluted": 15.17,
    "weightedAverageShsOut": 183362776,
    "weightedAverageShsOutDil": 205214266,
    "link": "https://www.sec.gov/Archives/edgar/data/1091667/000109166716000549/0001091667-16-000549-index.htm",
    "finalLink": "https://www.sec.gov/Archives/edgar/data/1091667/000109166716000549/chtr63016-10q.htm"
  },
  {
    "date": "2016-03-31",
    "symbol": "CHTR",
    "reportedCurrency": "USD",
    "cik": "0001091667",
    "fillingDate": "2016-04-28",
    "acceptedDate": "2016-04-28 08:06:17",
    "calendarYear": "2016",
    "period": "Q1",
    "revenue": 2530000000,
    "costOfRevenue": 1671000000,
    "grossProfit": 859000000,
    "grossProfitRatio": 0.3395256917,
    "researchAndDevelopmentExpenses": 0,
    "generalAndAdministrativeExpenses": 0,
    "sellingAndMarketingExpenses": 162000000,
    "sellingGeneralAndAdministrativeExpenses": 162000000,
    "otherExpenses": 539000000,
    "operatingExpenses": 539000000,
    "costAndExpenses": 2210000000,
    "interestIncome": 0,
    "interestExpense": 454000000,
    "depreciationAndAmortization": 539000000,
    "ebitda": 880000000,
    "ebitdaratio": 0.347826087,
    "operatingIncome": 302000000,
    "operatingIncomeRatio": 0.1193675889,
    "totalOtherIncomeExpensesNet": -462000000,
    "incomeBeforeTax": -160000000,
    "incomeBeforeTaxRatio": -0.0632411067,
    "incomeTaxExpense": 28000000,
    "netIncome": -188000000,
    "netIncomeRatio": -0.0743083004,
    "eps": -1.86,
    "epsdiluted": -1.85,
    "weightedAverageShsOut": 101075268,
    "weightedAverageShsOutDil": 101552093,
    "link": "https://www.sec.gov/Archives/edgar/data/1091667/000109166716000470/0001091667-16-000470-index.htm",
    "finalLink": "https://www.sec.gov/Archives/edgar/data/1091667/000109166716000470/chtr33116-10q.htm"
  },
  {
    "date": "2015-12-31",
    "symbol": "CHTR",
    "reportedCurrency": "USD",
    "cik": "0001091667",
    "fillingDate": "2016-02-10",
    "acceptedDate": "2016-02-09 19:19:39",
    "calendarYear": "2015",
    "period": "Q4",
    "revenue": 2512000000,
    "costOfRevenue": 1624000000,
    "grossProfit": 888000000,
    "grossProfitRatio": 0.3535031847,
    "researchAndDevelopmentExpenses": 0,
    "generalAndAdministrativeExpenses": 20000000,
    "sellingAndMarketingExpenses": 0,
    "sellingGeneralAndAdministrativeExpenses": 20000000,
    "otherExpenses": 525000000,
    "operatingExpenses": 545000000,
    "costAndExpenses": 2169000000,
    "interestIncome": 0,
    "interestExpense": 435000000,
    "depreciationAndAmortization": 545000000,
    "ebitda": 910000000,
    "ebitdaratio": 0.3622611465,
    "operatingIncome": 323000000,
    "operatingIncomeRatio": 0.1285828025,
    "totalOtherIncomeExpensesNet": -433000000,
    "incomeBeforeTax": -110000000,
    "incomeBeforeTaxRatio": -0.0437898089,
    "incomeTaxExpense": 12000000,
    "netIncome": -122000000,
    "netIncomeRatio": -0.048566879,
    "eps": -1.2,
    "epsdiluted": -1.2,
    "weightedAverageShsOut": 101366475,
    "weightedAverageShsOutDil": 101366475,
    "link": "https://www.sec.gov/Archives/edgar/data/1091667/000109166716000396/0001091667-16-000396-index.htm",
    "finalLink": "https://www.sec.gov/Archives/edgar/data/1091667/000109166716000396/chtr123115-10k.htm"
  },
  {
    "date": "2015-09-30",
    "symbol": "CHTR",
    "reportedCurrency": "USD",
    "cik": "0001091667",
    "fillingDate": "2015-10-29",
    "acceptedDate": "2015-10-29 08:05:46",
    "calendarYear": "2015",
    "period": "Q3",
    "revenue": 2450000000,
    "costOfRevenue": 1620000000,
    "grossProfit": 830000000,
    "grossProfitRatio": 0.3387755102,
    "researchAndDevelopmentExpenses": 0,
    "generalAndAdministrativeExpenses": 0,
    "sellingAndMarketingExpenses": 138000000,
    "sellingGeneralAndAdministrativeExpenses": 138000000,
    "otherExpenses": 538000000,
    "operatingExpenses": 538000000,
    "costAndExpenses": 2158000000,
    "interestIncome": 0,
    "interestExpense": 353000000,
    "depreciationAndAmortization": 538000000,
    "ebitda": 842000000,
    "ebitdaratio": 0.3436734694,
    "operatingIncome": 273000000,
    "operatingIncomeRatio": 0.1114285714,
    "totalOtherIncomeExpensesNet": -361000000,
    "incomeBeforeTax": -88000000,
    "incomeBeforeTaxRatio": -0.0359183673,
    "incomeTaxExpense": -142000000,
    "netIncome": 54000000,
    "netIncomeRatio": 0.0220408163,
    "eps": 0.54,
    "epsdiluted": 0.53,
    "weightedAverageShsOut": 101205400,
    "weightedAverageShsOutDil": 102481924,
    "link": "https://www.sec.gov/Archives/edgar/data/1091667/000109166715000263/0001091667-15-000263-index.htm",
    "finalLink": "https://www.sec.gov/Archives/edgar/data/1091667/000109166715000263/chtr93015-10q.htm"
  },
  {
    "date": "2015-06-30",
    "symbol": "CHTR",
    "reportedCurrency": "USD",
    "cik": "0001091667",
    "fillingDate": "2015-08-04",
    "acceptedDate": "2015-08-04 08:07:39",
    "calendarYear": "2015",
    "period": "Q2",
    "revenue": 2430000000,
    "costOfRevenue": 1601000000,
    "grossProfit": 829000000,
    "grossProfitRatio": 0.3411522634,
    "researchAndDevelopmentExpenses": 0,
    "generalAndAdministrativeExpenses": 0,
    "sellingAndMarketingExpenses": 135000000,
    "sellingGeneralAndAdministrativeExpenses": 135000000,
    "otherExpenses": 528000000,
    "operatingExpenses": 528000000,
    "costAndExpenses": 2129000000,
    "interestIncome": 0,
    "interestExpense": 229000000,
    "depreciationAndAmortization": 528000000,
    "ebitda": 846000000,
    "ebitdaratio": 0.3481481481,
    "operatingIncome": 269000000,
    "operatingIncomeRatio": 0.1106995885,
    "totalOtherIncomeExpensesNet": -356000000,
    "incomeBeforeTax": -87000000,
    "incomeBeforeTaxRatio": -0.0358024691,
    "incomeTaxExpense": 35000000,
    "netIncome": -122000000,
    "netIncomeRatio": -0.0502057613,
    "eps": -1.21,
    "epsdiluted": -1.21,
    "weightedAverageShsOut": 100826529,
    "weightedAverageShsOutDil": 101074644,
    "link": "https://www.sec.gov/Archives/edgar/data/1091667/000109166715000185/0001091667-15-000185-index.htm",
    "finalLink": "https://www.sec.gov/Archives/edgar/data/1091667/000109166715000185/chtr63015-10q.htm"
  },
  {
    "date": "2015-03-31",
    "symbol": "CHTR",
    "reportedCurrency": "USD",
    "cik": "0001091667",
    "fillingDate": "2015-05-01",
    "acceptedDate": "2015-05-01 08:07:56",
    "calendarYear": "2015",
    "period": "Q1",
    "revenue": 2362000000,
    "costOfRevenue": 1581000000,
    "grossProfit": 781000000,
    "grossProfitRatio": 0.3306519898,
    "researchAndDevelopmentExpenses": 0,
    "generalAndAdministrativeExpenses": 0,
    "sellingAndMarketingExpenses": 136000000,
    "sellingGeneralAndAdministrativeExpenses": 136000000,
    "otherExpenses": 514000000,
    "operatingExpenses": 514000000,
    "costAndExpenses": 2095000000,
    "interestIncome": 0,
    "interestExpense": 289000000,
    "depreciationAndAmortization": 514000000,
    "ebitda": 802000000,
    "ebitdaratio": 0.3395427604,
    "operatingIncome": 249000000,
    "operatingIncomeRatio": 0.1054191363,
    "totalOtherIncomeExpensesNet": -295000000,
    "incomeBeforeTax": -46000000,
    "incomeBeforeTaxRatio": -0.0194750212,
    "incomeTaxExpense": 35000000,
    "netIncome": -81000000,
    "netIncomeRatio": -0.0342929721,
    "eps": -0.8,
    "epsdiluted": -0.8,
    "weightedAverageShsOut": 100959008,
    "weightedAverageShsOutDil": 100959008,
    "link": "https://www.sec.gov/Archives/edgar/data/1091667/000109166715000103/0001091667-15-000103-index.htm",
    "finalLink": "https://www.sec.gov/Archives/edgar/data/1091667/000109166715000103/chtr33115-10q.htm"
  },
  {
    "date": "2014-12-31",
    "symbol": "CHTR",
    "reportedCurrency": "USD",
    "cik": "0001091667",
    "fillingDate": "2015-02-24",
    "acceptedDate": "2015-02-23 19:13:45",
    "calendarYear": "2014",
    "period": "Q4",
    "revenue": 2360000000,
    "costOfRevenue": 1529000000,
    "grossProfit": 831000000,
    "grossProfitRatio": 0.3521186441,
    "researchAndDevelopmentExpenses": 0,
    "generalAndAdministrativeExpenses": 14000000,
    "sellingAndMarketingExpenses": 0,
    "sellingGeneralAndAdministrativeExpenses": 14000000,
    "otherExpenses": 520000000,
    "operatingExpenses": 534000000,
    "costAndExpenses": 2063000000,
    "interestIncome": 0,
    "interestExpense": 273000000,
    "depreciationAndAmortization": 534000000,
    "ebitda": 842000000,
    "ebitdaratio": 0.356779661,
    "operatingIncome": 277000000,
    "operatingIncomeRatio": 0.1173728814,
    "totalOtherIncomeExpensesNet": -277000000,
    "incomeBeforeTax": 253000000,
    "incomeBeforeTaxRatio": 0.1072033898,
    "incomeTaxExpense": 48000000,
    "netIncome": -48000000,
    "netIncomeRatio": -0.0203389831,
    "eps": -0.48,
    "epsdiluted": -0.48,
    "weightedAverageShsOut": 99681274,
    "weightedAverageShsOutDil": 99681274,
    "link": "https://www.sec.gov/Archives/edgar/data/1091667/000109166715000049/0001091667-15-000049-index.htm",
    "finalLink": "https://www.sec.gov/Archives/edgar/data/1091667/000109166715000049/chtr123114-10k.htm"
  },
  {
    "date": "2014-09-30",
    "symbol": "CHTR",
    "reportedCurrency": "USD",
    "cik": "0001091667",
    "fillingDate": "2014-10-31",
    "acceptedDate": "2014-10-31 09:59:40",
    "calendarYear": "2014",
    "period": "Q3",
    "revenue": 2287000000,
    "costOfRevenue": 1518000000,
    "grossProfit": 769000000,
    "grossProfitRatio": 0.3362483603,
    "researchAndDevelopmentExpenses": 0,
    "generalAndAdministrativeExpenses": 14000000,
    "sellingAndMarketingExpenses": 0,
    "sellingGeneralAndAdministrativeExpenses": 14000000,
    "otherExpenses": 521000000,
    "operatingExpenses": 535000000,
    "costAndExpenses": 2053000000,
    "interestIncome": 0,
    "interestExpense": 217000000,
    "depreciationAndAmortization": 535000000,
    "ebitda": 772000000,
    "ebitdaratio": 0.3375601224,
    "operatingIncome": 218000000,
    "operatingIncomeRatio": 0.0953213817,
    "totalOtherIncomeExpensesNet": -212000000,
    "incomeBeforeTax": 6000000,
    "incomeBeforeTaxRatio": 0.0026235243,
    "incomeTaxExpense": 59000000,
    "netIncome": -53000000,
    "netIncomeRatio": -0.0231744644,
    "eps": -0.54,
    "epsdiluted": -0.54,
    "weightedAverageShsOut": 97804022,
    "weightedAverageShsOutDil": 98370273,
    "link": "https://www.sec.gov/Archives/edgar/data/1091667/000109166714000216/0001091667-14-000216-index.htm",
    "finalLink": "https://www.sec.gov/Archives/edgar/data/1091667/000109166714000216/chtr93014-10q.htm"
  },
  {
    "date": "2014-06-30",
    "symbol": "CHTR",
    "reportedCurrency": "USD",
    "cik": "0001091667",
    "fillingDate": "2014-07-31",
    "acceptedDate": "2014-07-31 08:06:50",
    "calendarYear": "2014",
    "period": "Q2",
    "revenue": 2259000000,
    "costOfRevenue": 1479000000,
    "grossProfit": 780000000,
    "grossProfitRatio": 0.3452855246,
    "researchAndDevelopmentExpenses": 0,
    "generalAndAdministrativeExpenses": 0,
    "sellingAndMarketingExpenses": 135000000,
    "sellingGeneralAndAdministrativeExpenses": 135000000,
    "otherExpenses": 528000000,
    "operatingExpenses": 528000000,
    "costAndExpenses": 2007000000,
    "interestIncome": 0,
    "interestExpense": 210000000,
    "depreciationAndAmortization": 528000000,
    "ebitda": 780000000,
    "ebitdaratio": 0.3452855246,
    "operatingIncome": 250000000,
    "operatingIncomeRatio": 0.1106684374,
    "totalOtherIncomeExpensesNet": -216000000,
    "incomeBeforeTax": 20000000,
    "incomeBeforeTaxRatio": 0.008853475,
    "incomeTaxExpense": 65000000,
    "netIncome": -45000000,
    "netIncomeRatio": -0.0199203187,
    "eps": -0.46,
    "epsdiluted": -0.46,
    "weightedAverageShsOut": 97631842,
    "weightedAverageShsOutDil": 97631842,
    "link": "https://www.sec.gov/Archives/edgar/data/1091667/000109166714000169/0001091667-14-000169-index.htm",
    "finalLink": "https://www.sec.gov/Archives/edgar/data/1091667/000109166714000169/chtr63014-10q.htm"
  },
  {
    "date": "2014-03-31",
    "symbol": "CHTR",
    "reportedCurrency": "USD",
    "cik": "0001091667",
    "fillingDate": "2014-04-30",
    "acceptedDate": "2014-04-30 17:00:04",
    "calendarYear": "2014",
    "period": "Q1",
    "revenue": 2202000000,
    "costOfRevenue": 1447000000,
    "grossProfit": 755000000,
    "grossProfitRatio": 0.3428701181,
    "researchAndDevelopmentExpenses": 0,
    "generalAndAdministrativeExpenses": 12000000,
    "sellingAndMarketingExpenses": 0,
    "sellingGeneralAndAdministrativeExpenses": 12000000,
    "otherExpenses": 493000000,
    "operatingExpenses": 505000000,
    "costAndExpenses": 1952000000,
    "interestIncome": 0,
    "interestExpense": 211000000,
    "depreciationAndAmortization": 505000000,
    "ebitda": 755000000,
    "ebitdaratio": 0.3428701181,
    "operatingIncome": 243000000,
    "operatingIncomeRatio": 0.1103542234,
    "totalOtherIncomeExpensesNet": -213000000,
    "incomeBeforeTax": 27000000,
    "incomeBeforeTaxRatio": 0.0122615804,
    "incomeTaxExpense": 64000000,
    "netIncome": -37000000,
    "netIncomeRatio": -0.0168029064,
    "eps": -0.38,
    "epsdiluted": -0.38,
    "weightedAverageShsOut": 96242322,
    "weightedAverageShsOutDil": 96242322,
    "link": "https://www.sec.gov/Archives/edgar/data/1091667/000109166714000103/0001091667-14-000103-index.htm",
    "finalLink": "https://www.sec.gov/Archives/edgar/data/1091667/000109166714000103/chtr33114-10q.htm"
  },
  {
    "date": "2013-12-31",
    "symbol": "CHTR",
    "reportedCurrency": "USD",
    "cik": "0001091667",
    "fillingDate": "2014-02-21",
    "acceptedDate": "2014-02-21 08:04:50",
    "calendarYear": "2013",
    "period": "Q4",
    "revenue": 2148000000,
    "costOfRevenue": 1395000000,
    "grossProfit": 753000000,
    "grossProfitRatio": 0.3505586592,
    "researchAndDevelopmentExpenses": 0,
    "generalAndAdministrativeExpenses": 11000000,
    "sellingAndMarketingExpenses": 0,
    "sellingGeneralAndAdministrativeExpenses": 11000000,
    "otherExpenses": 489000000,
    "operatingExpenses": 500000000,
    "costAndExpenses": 1895000000,
    "interestIncome": 0,
    "interestExpense": 211000000,
    "depreciationAndAmortization": 500000000,
    "ebitda": 746000000,
    "ebitdaratio": 0.3472998138,
    "operatingIncome": 246000000,
    "operatingIncomeRatio": 0.1145251397,
    "totalOtherIncomeExpensesNet": -211000000,
    "incomeBeforeTax": 35000000,
    "incomeBeforeTaxRatio": 0.0162942272,
    "incomeTaxExpense": -4000000,
    "netIncome": 39000000,
    "netIncomeRatio": 0.0181564246,
    "eps": 0.42,
    "epsdiluted": 0.39,
    "weightedAverageShsOut": 93888994,
    "weightedAverageShsOutDil": 100742330,
    "link": "https://www.sec.gov/Archives/edgar/data/1091667/000109166714000080/0001091667-14-000080-index.htm",
    "finalLink": "https://www.sec.gov/Archives/edgar/data/1091667/000109166714000080/chtr123113-10k.htm"
  },
  {
    "date": "2013-09-30",
    "symbol": "CHTR",
    "reportedCurrency": "USD",
    "cik": "0001091667",
    "fillingDate": "2013-11-05",
    "acceptedDate": "2013-11-05 08:07:29",
    "calendarYear": "2013",
    "period": "Q3",
    "revenue": 2118000000,
    "costOfRevenue": 1397000000,
    "grossProfit": 721000000,
    "grossProfitRatio": 0.3404154863,
    "researchAndDevelopmentExpenses": 0,
    "generalAndAdministrativeExpenses": 0,
    "sellingAndMarketingExpenses": 0,
    "sellingGeneralAndAdministrativeExpenses": 431000000,
    "otherExpenses": 493000000,
    "operatingExpenses": 493000000,
    "costAndExpenses": 1890000000,
    "interestIncome": 0,
    "interestExpense": 214000000,
    "depreciationAndAmortization": 493000000,
    "ebitda": 721000000,
    "ebitdaratio": 0.3404154863,
    "operatingIncome": 220000000,
    "operatingIncomeRatio": 0.103871577,
    "totalOtherIncomeExpensesNet": -222000000,
    "incomeBeforeTax": -13000000,
    "incomeBeforeTaxRatio": -0.0061378659,
    "incomeTaxExpense": 57000000,
    "netIncome": -70000000,
    "netIncomeRatio": -0.0330500472,
    "eps": -0.75,
    "epsdiluted": -0.75,
    "weightedAverageShsOut": 93064281,
    "weightedAverageShsOutDil": 93064281,
    "link": "https://www.sec.gov/Archives/edgar/data/1091667/000109166713000171/0001091667-13-000171-index.htm",
    "finalLink": "https://www.sec.gov/Archives/edgar/data/1091667/000109166713000171/chtr93013-10q.htm"
  },
  {
    "date": "2013-06-30",
    "symbol": "CHTR",
    "reportedCurrency": "USD",
    "cik": "0001091667",
    "fillingDate": "2013-08-06",
    "acceptedDate": "2013-08-06 08:07:55",
    "calendarYear": "2013",
    "period": "Q2",
    "revenue": 1972000000,
    "costOfRevenue": 1295000000,
    "grossProfit": 677000000,
    "grossProfitRatio": 0.343306288,
    "researchAndDevelopmentExpenses": 0,
    "generalAndAdministrativeExpenses": 0,
    "sellingAndMarketingExpenses": 116000000,
    "sellingGeneralAndAdministrativeExpenses": 116000000,
    "otherExpenses": 436000000,
    "operatingExpenses": 436000000,
    "costAndExpenses": 1731000000,
    "interestIncome": 0,
    "interestExpense": 211000000,
    "depreciationAndAmortization": 436000000,
    "ebitda": 609000000,
    "ebitdaratio": 0.3088235294,
    "operatingIncome": 236000000,
    "operatingIncomeRatio": 0.1196754564,
    "totalOtherIncomeExpensesNet": -274000000,
    "incomeBeforeTax": -38000000,
    "incomeBeforeTaxRatio": -0.0192697769,
    "incomeTaxExpense": 58000000,
    "netIncome": -96000000,
    "netIncomeRatio": -0.0486815416,
    "eps": -1.06,
    "epsdiluted": -1.06,
    "weightedAverageShsOut": 90963133,
    "weightedAverageShsOutDil": 90963133,
    "link": "https://www.sec.gov/Archives/edgar/data/1091667/000109166713000140/0001091667-13-000140-index.htm",
    "finalLink": "https://www.sec.gov/Archives/edgar/data/1091667/000109166713000140/chtr63013-10q.htm"
  },
  {
    "date": "2013-03-31",
    "symbol": "CHTR",
    "reportedCurrency": "USD",
    "cik": "0001091667",
    "fillingDate": "2013-05-07",
    "acceptedDate": "2013-05-07 08:11:26",
    "calendarYear": "2013",
    "period": "Q1",
    "revenue": 1917000000,
    "costOfRevenue": 1258000000,
    "grossProfit": 659000000,
    "grossProfitRatio": 0.3437663015,
    "researchAndDevelopmentExpenses": 0,
    "generalAndAdministrativeExpenses": 0,
    "sellingAndMarketingExpenses": 108000000,
    "sellingGeneralAndAdministrativeExpenses": 108000000,
    "otherExpenses": 425000000,
    "operatingExpenses": 425000000,
    "costAndExpenses": 1683000000,
    "interestIncome": 0,
    "interestExpense": 210000000,
    "depreciationAndAmortization": 425000000,
    "ebitda": 602000000,
    "ebitdaratio": 0.3140323422,
    "operatingIncome": 223000000,
    "operatingIncomeRatio": 0.1163275952,
    "totalOtherIncomeExpensesNet": -256000000,
    "incomeBeforeTax": -33000000,
    "incomeBeforeTaxRatio": -0.0172143975,
    "incomeTaxExpense": 9000000,
    "netIncome": -42000000,
    "netIncomeRatio": -0.0219092332,
    "eps": -0.46,
    "epsdiluted": -0.46,
    "weightedAverageShsOut": 90716051,
    "weightedAverageShsOutDil": 90716051,
    "link": "https://www.sec.gov/Archives/edgar/data/1091667/000109166713000088/0001091667-13-000088-index.htm",
    "finalLink": "https://www.sec.gov/Archives/edgar/data/1091667/000109166713000088/chtr33113-10q.htm"
  },
  {
    "date": "2012-12-31",
    "symbol": "CHTR",
    "reportedCurrency": "USD",
    "cik": "0001091667",
    "fillingDate": "2013-02-22",
    "acceptedDate": "2013-02-22 08:08:15",
    "calendarYear": "2012",
    "period": "Q4",
    "revenue": 1913000000,
    "costOfRevenue": 2357000000,
    "grossProfit": -444000000,
    "grossProfitRatio": -0.232096184,
    "researchAndDevelopmentExpenses": 0,
    "generalAndAdministrativeExpenses": 0,
    "sellingAndMarketingExpenses": 0,
    "sellingGeneralAndAdministrativeExpenses": -707000000,
    "otherExpenses": -665000000,
    "operatingExpenses": -665000000,
    "costAndExpenses": 1692000000,
    "interestIncome": 0,
    "interestExpense": 0,
    "depreciationAndAmortization": 466000000,
    "ebitda": 616000000,
    "ebitdaratio": 0.3220073183,
    "operatingIncome": 221000000,
    "operatingIncomeRatio": 0.1155253528,
    "totalOtherIncomeExpensesNet": -212000000,
    "incomeBeforeTax": 9000000,
    "incomeBeforeTaxRatio": 0.0047046524,
    "incomeTaxExpense": 49000000,
    "netIncome": -40000000,
    "netIncomeRatio": -0.0209095661,
    "eps": -0.44,
    "epsdiluted": -0.44,
    "weightedAverageShsOut": 90425327,
    "weightedAverageShsOutDil": 90716051,
    "link": "https://www.sec.gov/Archives/edgar/data/1091667/000109166713000020/0001091667-13-000020-index.htm",
    "finalLink": "https://www.sec.gov/Archives/edgar/data/1091667/000109166713000020/chtr123112-10k.htm"
  },
  {
    "date": "2012-09-30",
    "symbol": "CHTR",
    "reportedCurrency": "USD",
    "cik": "0001091667",
    "fillingDate": "2012-11-06",
    "acceptedDate": "2012-11-06 08:09:29",
    "calendarYear": "2012",
    "period": "Q3",
    "revenue": 1880000000,
    "costOfRevenue": 858000000,
    "grossProfit": 1022000000,
    "grossProfitRatio": 0.5436170213,
    "researchAndDevelopmentExpenses": 0,
    "generalAndAdministrativeExpenses": 0,
    "sellingAndMarketingExpenses": 0,
    "sellingGeneralAndAdministrativeExpenses": 384000000,
    "otherExpenses": 427000000,
    "operatingExpenses": 811000000,
    "costAndExpenses": 1669000000,
    "interestIncome": 0,
    "interestExpense": 229000000,
    "depreciationAndAmortization": 424000000,
    "ebitda": 635000000,
    "ebitdaratio": 0.3377659574,
    "operatingIncome": 211000000,
    "operatingIncomeRatio": 0.1122340426,
    "totalOtherIncomeExpensesNet": -229000000,
    "incomeBeforeTax": -18000000,
    "incomeBeforeTaxRatio": -0.0095744681,
    "incomeTaxExpense": 69000000,
    "netIncome": -87000000,
    "netIncomeRatio": -0.0462765957,
    "eps": -0.97,
    "epsdiluted": -0.97,
    "weightedAverageShsOut": 90143922,
    "weightedAverageShsOutDil": 90143922,
    "link": "https://www.sec.gov/Archives/edgar/data/1091667/000109166712000151/0001091667-12-000151-index.htm",
    "finalLink": "https://www.sec.gov/Archives/edgar/data/1091667/000109166712000151/chtr93012-10q.htm"
  },
  {
    "date": "2012-06-30",
    "symbol": "CHTR",
    "reportedCurrency": "USD",
    "cik": "0001091667",
    "fillingDate": "2012-08-07",
    "acceptedDate": "2012-08-07 08:13:41",
    "calendarYear": "2012",
    "period": "Q2",
    "revenue": 1884000000,
    "costOfRevenue": 831000000,
    "grossProfit": 1053000000,
    "grossProfitRatio": 0.5589171975,
    "researchAndDevelopmentExpenses": 0,
    "generalAndAdministrativeExpenses": 0,
    "sellingAndMarketingExpenses": 0,
    "sellingGeneralAndAdministrativeExpenses": 373000000,
    "otherExpenses": 411000000,
    "operatingExpenses": 784000000,
    "costAndExpenses": 1615000000,
    "interestIncome": 0,
    "interestExpense": 225000000,
    "depreciationAndAmortization": 415000000,
    "ebitda": 625000000,
    "ebitdaratio": 0.3317409766,
    "operatingIncome": 269000000,
    "operatingIncomeRatio": 0.1427813163,
    "totalOtherIncomeExpensesNet": -284000000,
    "incomeBeforeTax": -15000000,
    "incomeBeforeTaxRatio": -0.0079617834,
    "incomeTaxExpense": 68000000,
    "netIncome": -83000000,
    "netIncomeRatio": -0.0440552017,
    "eps": -0.92,
    "epsdiluted": -0.92,
    "weightedAverageShsOut": 89964965,
    "weightedAverageShsOutDil": 89964965,
    "link": "https://www.sec.gov/Archives/edgar/data/1091667/000109166712000118/0001091667-12-000118-index.htm",
    "finalLink": "https://www.sec.gov/Archives/edgar/data/1091667/000109166712000118/chtr63012-10q.htm"
  },
  {
    "date": "2012-03-31",
    "symbol": "CHTR",
    "reportedCurrency": "USD",
    "cik": "0001091667",
    "fillingDate": "2012-05-08",
    "acceptedDate": "2012-05-08 08:09:35",
    "calendarYear": "2012",
    "period": "Q1",
    "revenue": 1827000000,
    "costOfRevenue": 814000000,
    "grossProfit": 1013000000,
    "grossProfitRatio": 0.5544608648,
    "researchAndDevelopmentExpenses": 0,
    "generalAndAdministrativeExpenses": 0,
    "sellingAndMarketingExpenses": 0,
    "sellingGeneralAndAdministrativeExpenses": 372000000,
    "otherExpenses": 411000000,
    "operatingExpenses": 783000000,
    "costAndExpenses": 1597000000,
    "interestIncome": 0,
    "interestExpense": 237000000,
    "depreciationAndAmortization": 408000000,
    "ebitda": 622000000,
    "ebitdaratio": 0.3404488232,
    "operatingIncome": 230000000,
    "operatingIncomeRatio": 0.1258894362,
    "totalOtherIncomeExpensesNet": -253000000,
    "incomeBeforeTax": -23000000,
    "incomeBeforeTaxRatio": -0.0125889436,
    "incomeTaxExpense": 71000000,
    "netIncome": -94000000,
    "netIncomeRatio": -0.0514504652,
    "eps": -1.05,
    "epsdiluted": -1.05,
    "weightedAverageShsOut": 89907282,
    "weightedAverageShsOutDil": 89907282,
    "link": "https://www.sec.gov/Archives/edgar/data/1091667/000109166712000085/0001091667-12-000085-index.htm",
    "finalLink": "https://www.sec.gov/Archives/edgar/data/1091667/000109166712000085/chtr33112-10q.htm"
  },
  {
    "date": "2011-12-31",
    "symbol": "CHTR",
    "reportedCurrency": "USD",
    "cik": "0001091667",
    "fillingDate": "2012-02-27",
    "acceptedDate": "2012-02-27 08:14:46",
    "calendarYear": "2011",
    "period": "Q4",
    "revenue": 1834000000,
    "costOfRevenue": 794000000,
    "grossProfit": 1040000000,
    "grossProfitRatio": 0.5670665213,
    "researchAndDevelopmentExpenses": 0,
    "generalAndAdministrativeExpenses": 0,
    "sellingAndMarketingExpenses": 0,
    "sellingGeneralAndAdministrativeExpenses": 364000000,
    "otherExpenses": 418000000,
    "operatingExpenses": 782000000,
    "costAndExpenses": 1576000000,
    "interestIncome": 0,
    "interestExpense": 245000000,
    "depreciationAndAmortization": 411000000,
    "ebitda": 656000000,
    "ebitdaratio": 0.3576881134,
    "operatingIncome": 258000000,
    "operatingIncomeRatio": 0.1406761178,
    "totalOtherIncomeExpensesNet": -258000000,
    "incomeBeforeTax": 245000000,
    "incomeBeforeTaxRatio": 0.1335877863,
    "incomeTaxExpense": 67000000,
    "netIncome": -67000000,
    "netIncomeRatio": -0.0365321701,
    "eps": -0.75,
    "epsdiluted": -0.75,
    "weightedAverageShsOut": 89907282,
    "weightedAverageShsOutDil": 89907282,
    "link": "https://www.sec.gov/Archives/edgar/data/1091667/000109166712000026/0001091667-12-000026-index.htm",
    "finalLink": "https://www.sec.gov/Archives/edgar/data/1091667/000109166712000026/chtr12312011-10k.htm"
  },
  {
    "date": "2011-09-30",
    "symbol": "CHTR",
    "reportedCurrency": "USD",
    "cik": "0001091667",
    "fillingDate": "2011-11-01",
    "acceptedDate": "2011-11-01 08:32:34",
    "calendarYear": "2011",
    "period": "Q3",
    "revenue": 1809000000,
    "costOfRevenue": 792000000,
    "grossProfit": 1017000000,
    "grossProfitRatio": 0.5621890547,
    "researchAndDevelopmentExpenses": 0,
    "generalAndAdministrativeExpenses": 0,
    "sellingAndMarketingExpenses": 0,
    "sellingGeneralAndAdministrativeExpenses": 374000000,
    "otherExpenses": 405000000,
    "operatingExpenses": 779000000,
    "costAndExpenses": 1571000000,
    "interestIncome": 0,
    "interestExpense": 244000000,
    "depreciationAndAmortization": 405000000,
    "ebitda": 642000000,
    "ebitdaratio": 0.3548922056,
    "operatingIncome": 238000000,
    "operatingIncomeRatio": 0.1315644002,
    "totalOtherIncomeExpensesNet": -250000000,
    "incomeBeforeTax": -13000000,
    "incomeBeforeTaxRatio": -0.0071862908,
    "incomeTaxExpense": 72000000,
    "netIncome": -85000000,
    "netIncomeRatio": -0.0469872858,
    "eps": -0.87,
    "epsdiluted": -0.87,
    "weightedAverageShsOut": 98033516,
    "weightedAverageShsOutDil": 98033516,
    "link": "https://www.sec.gov/Archives/edgar/data/1091667/000109166711000140/0001091667-11-000140-index.htm",
    "finalLink": "https://www.sec.gov/Archives/edgar/data/1091667/000109166711000140/body.htm"
  },
  {
    "date": "2011-06-30",
    "symbol": "CHTR",
    "reportedCurrency": "USD",
    "cik": "0001091667",
    "fillingDate": "2011-08-02",
    "acceptedDate": "2011-08-02 08:57:18",
    "calendarYear": "2011",
    "period": "Q2",
    "revenue": 1791000000,
    "costOfRevenue": 784000000,
    "grossProfit": 1007000000,
    "grossProfitRatio": 0.5622557231,
    "researchAndDevelopmentExpenses": 0,
    "generalAndAdministrativeExpenses": 0,
    "sellingAndMarketingExpenses": 0,
    "sellingGeneralAndAdministrativeExpenses": 343000000,
    "otherExpenses": 393000000,
    "operatingExpenses": 736000000,
    "costAndExpenses": 1520000000,
    "interestIncome": 0,
    "interestExpense": 241000000,
    "depreciationAndAmortization": 393000000,
    "ebitda": 608000000,
    "ebitdaratio": 0.3394751535,
    "operatingIncome": 271000000,
    "operatingIncomeRatio": 0.1513121161,
    "totalOtherIncomeExpensesNet": -296000000,
    "incomeBeforeTax": -26000000,
    "incomeBeforeTaxRatio": -0.0145170296,
    "incomeTaxExpense": 81000000,
    "netIncome": -107000000,
    "netIncomeRatio": -0.0597431602,
    "eps": -1.08,
    "epsdiluted": -1.08,
    "weightedAverageShsOut": 98798205,
    "weightedAverageShsOutDil": 98798205,
    "link": "https://www.sec.gov/Archives/edgar/data/1091667/000109166711000103/0001091667-11-000103-index.htm",
    "finalLink": "https://www.sec.gov/Archives/edgar/data/1091667/000109166711000103/body.htm"
  },
  {
    "date": "2011-03-31",
    "symbol": "CHTR",
    "reportedCurrency": "USD",
    "cik": "0001091667",
    "fillingDate": "2011-05-03",
    "acceptedDate": "2011-05-03 08:09:01",
    "calendarYear": "2011",
    "period": "Q1",
    "revenue": 1770000000,
    "costOfRevenue": 768000000,
    "grossProfit": 1002000000,
    "grossProfitRatio": 0.5661016949,
    "researchAndDevelopmentExpenses": 0,
    "generalAndAdministrativeExpenses": 0,
    "sellingAndMarketingExpenses": 0,
    "sellingGeneralAndAdministrativeExpenses": 345000000,
    "otherExpenses": 388000000,
    "operatingExpenses": 733000000,
    "costAndExpenses": 1501000000,
    "interestIncome": 0,
    "interestExpense": 233000000,
    "depreciationAndAmortization": 383000000,
    "ebitda": 585000000,
    "ebitdaratio": 0.3305084746,
    "operatingIncome": 269000000,
    "operatingIncomeRatio": 0.1519774011,
    "totalOtherIncomeExpensesNet": -300000000,
    "incomeBeforeTax": -31000000,
    "incomeBeforeTaxRatio": -0.0175141243,
    "incomeTaxExpense": 79000000,
    "netIncome": -110000000,
    "netIncomeRatio": -0.0621468927,
    "eps": -1.07,
    "epsdiluted": -1.07,
    "weightedAverageShsOut": 102377414,
    "weightedAverageShsOutDil": 102377414,
    "link": "https://www.sec.gov/Archives/edgar/data/1091667/000109166711000085/0001091667-11-000085-index.htm",
    "finalLink": "https://www.sec.gov/Archives/edgar/data/1091667/000109166711000085/body.htm"
  },
  {
    "date": "2010-12-31",
    "symbol": "CHTR",
    "reportedCurrency": "USD",
    "cik": "0001091667",
    "fillingDate": "2011-03-01",
    "acceptedDate": "2011-03-01 08:30:41",
    "calendarYear": "2010",
    "period": "Q4",
    "revenue": 1784000000,
    "costOfRevenue": 747000000,
    "grossProfit": 1037000000,
    "grossProfitRatio": 0.5812780269,
    "researchAndDevelopmentExpenses": 0,
    "generalAndAdministrativeExpenses": 0,
    "sellingAndMarketingExpenses": 0,
    "sellingGeneralAndAdministrativeExpenses": 362000000,
    "otherExpenses": 371000000,
    "operatingExpenses": 733000000,
    "costAndExpenses": 1480000000,
    "interestIncome": 0,
    "interestExpense": 0,
    "depreciationAndAmortization": 390000000,
    "ebitda": 580000000,
    "ebitdaratio": 0.3251121076,
    "operatingIncome": 304000000,
    "operatingIncomeRatio": 0.1704035874,
    "totalOtherIncomeExpensesNet": -305000000,
    "incomeBeforeTax": -1000000,
    "incomeBeforeTaxRatio": -0.0005605381,
    "incomeTaxExpense": 84000000,
    "netIncome": -85000000,
    "netIncomeRatio": -0.0476457399,
    "eps": -0.83,
    "epsdiluted": -0.83,
    "weightedAverageShsOut": 102377414,
    "weightedAverageShsOutDil": 102377414,
    "link": "https://www.sec.gov/Archives/edgar/data/1091667/000109166711000029/0001091667-11-000029-index.htm",
    "finalLink": "https://www.sec.gov/Archives/edgar/data/1091667/000109166711000029/body.htm"
  },
  {
    "date": "2010-09-30",
    "symbol": "CHTR",
    "reportedCurrency": "USD",
    "cik": "0001091667",
    "fillingDate": "2010-11-03",
    "acceptedDate": "2010-11-03 08:30:38",
    "calendarYear": "2010",
    "period": "Q3",
    "revenue": 1769000000,
    "costOfRevenue": 788000000,
    "grossProfit": 981000000,
    "grossProfitRatio": 0.5545505936,
    "researchAndDevelopmentExpenses": 0,
    "generalAndAdministrativeExpenses": 0,
    "sellingAndMarketingExpenses": 0,
    "sellingGeneralAndAdministrativeExpenses": 356000000,
    "otherExpenses": 385000000,
    "operatingExpenses": 741000000,
    "costAndExpenses": 1529000000,
    "interestIncome": 0,
    "interestExpense": 222000000,
    "depreciationAndAmortization": 385000000,
    "ebitda": 621000000,
    "ebitdaratio": 0.3510457886,
    "operatingIncome": 240000000,
    "operatingIncomeRatio": 0.13566987,
    "totalOtherIncomeExpensesNet": -226000000,
    "incomeBeforeTax": 14000000,
    "incomeBeforeTaxRatio": 0.0079140757,
    "incomeTaxExpense": 109000000,
    "netIncome": -95000000,
    "netIncomeRatio": -0.0537026569,
    "eps": -0.93,
    "epsdiluted": -0.93,
    "weightedAverageShsOut": 102274865,
    "weightedAverageShsOutDil": 102274865,
    "link": "https://www.sec.gov/Archives/edgar/data/1091667/000109166710000223/0001091667-10-000223-index.htm",
    "finalLink": "https://www.sec.gov/Archives/edgar/data/1091667/000109166710000223/body.htm"
  },
  {
    "date": "2010-06-30",
    "symbol": "CHTR",
    "reportedCurrency": "USD",
    "cik": "0001091667",
    "fillingDate": "2010-08-04",
    "acceptedDate": "2010-08-04 08:10:48",
    "calendarYear": "2010",
    "period": "Q2",
    "revenue": 1771000000,
    "costOfRevenue": 766000000,
    "grossProfit": 1005000000,
    "grossProfitRatio": 0.5674760023,
    "researchAndDevelopmentExpenses": 0,
    "generalAndAdministrativeExpenses": 0,
    "sellingAndMarketingExpenses": 0,
    "sellingGeneralAndAdministrativeExpenses": 364000000,
    "otherExpenses": 387000000,
    "operatingExpenses": 751000000,
    "costAndExpenses": 1517000000,
    "interestIncome": 0,
    "interestExpense": 0,
    "depreciationAndAmortization": 380000000,
    "ebitda": 639000000,
    "ebitdaratio": 0.3608130999,
    "operatingIncome": 254000000,
    "operatingIncomeRatio": 0.1434217956,
    "totalOtherIncomeExpensesNet": -257000000,
    "incomeBeforeTax": 2000000,
    "incomeBeforeTaxRatio": 0.0011293055,
    "incomeTaxExpense": 83000000,
    "netIncome": -81000000,
    "netIncomeRatio": -0.0457368718,
    "eps": -0.79,
    "epsdiluted": -0.79,
    "weightedAverageShsOut": 102274859,
    "weightedAverageShsOutDil": 102274859,
    "link": "https://www.sec.gov/Archives/edgar/data/1091667/000109166710000116/0001091667-10-000116-index.htm",
    "finalLink": "https://www.sec.gov/Archives/edgar/data/1091667/000109166710000116/body.htm"
  },
  {
    "date": "2010-03-31",
    "symbol": "CHTR",
    "reportedCurrency": "USD",
    "cik": "0001091667",
    "fillingDate": "2010-05-06",
    "acceptedDate": "2010-05-06 08:20:05",
    "calendarYear": "2010",
    "period": "Q1",
    "revenue": 1735000000,
    "costOfRevenue": 751000000,
    "grossProfit": 984000000,
    "grossProfitRatio": 0.5671469741,
    "researchAndDevelopmentExpenses": 0,
    "generalAndAdministrativeExpenses": 0,
    "sellingAndMarketingExpenses": 0,
    "sellingGeneralAndAdministrativeExpenses": 352000000,
    "otherExpenses": 381000000,
    "operatingExpenses": 733000000,
    "costAndExpenses": 1484000000,
    "interestIncome": 0,
    "interestExpense": 0,
    "depreciationAndAmortization": 369000000,
    "ebitda": 620000000,
    "ebitdaratio": 0.3573487032,
    "operatingIncome": 251000000,
    "operatingIncomeRatio": 0.1446685879,
    "totalOtherIncomeExpensesNet": -208000000,
    "incomeBeforeTax": 43000000,
    "incomeBeforeTaxRatio": 0.0247838617,
    "incomeTaxExpense": 19000000,
    "netIncome": 24000000,
    "netIncomeRatio": 0.013832853,
    "eps": 0.23,
    "epsdiluted": 0.23,
    "weightedAverageShsOut": 102193558,
    "weightedAverageShsOutDil": 103877329,
    "link": "https://www.sec.gov/Archives/edgar/data/1091667/000109166710000076/0001091667-10-000076-index.htm",
    "finalLink": "https://www.sec.gov/Archives/edgar/data/1091667/000109166710000076/body.htm"
  },
  {
    "date": "2009-12-31",
    "symbol": "CHTR",
    "reportedCurrency": "USD",
    "cik": "0001091667",
    "fillingDate": "2010-02-26",
    "acceptedDate": "2010-02-26 16:43:18",
    "calendarYear": "2009",
    "period": "Q4",
    "revenue": 1710000000,
    "costOfRevenue": 735000000,
    "grossProfit": 975000000,
    "grossProfitRatio": 0.5701754386,
    "researchAndDevelopmentExpenses": 0,
    "generalAndAdministrativeExpenses": 346000000,
    "sellingAndMarketingExpenses": 0,
    "sellingGeneralAndAdministrativeExpenses": -12355000000,
    "otherExpenses": 0,
    "operatingExpenses": -12355000000,
    "costAndExpenses": -11620000000,
    "interestIncome": 0,
    "interestExpense": 817000000,
    "depreciationAndAmortization": 339000000,
    "ebitda": 13975000000,
    "ebitdaratio": 8.1725146199,
    "operatingIncome": 13330000000,
    "operatingIncomeRatio": 7.7953216374,
    "totalOtherIncomeExpensesNet": -205000000,
    "incomeBeforeTax": 13125000000,
    "incomeBeforeTaxRatio": 7.6754385965,
    "incomeTaxExpense": 101000000,
    "netIncome": 12718000000,
    "netIncomeRatio": 7.4374269006,
    "eps": 123.48,
    "epsdiluted": 123.48,
    "weightedAverageShsOut": 103000000,
    "weightedAverageShsOutDil": 103000000,
    "link": "https://www.sec.gov/Archives/edgar/data/1091667/000109166710000019/0001091667-10-000019-index.htm",
    "finalLink": "https://www.sec.gov/Archives/edgar/data/1091667/000109166710000019/body.htm"
  },
  {
    "date": "2009-09-30",
    "symbol": "CHTR",
    "reportedCurrency": "USD",
    "cik": "0001091667",
    "fillingDate": "2009-11-09",
    "acceptedDate": "2009-11-09 09:06:44",
    "calendarYear": "2009",
    "period": "Q3",
    "revenue": 1693000000,
    "costOfRevenue": 736000000,
    "grossProfit": 957000000,
    "grossProfitRatio": 0.5652687537,
    "researchAndDevelopmentExpenses": 0,
    "generalAndAdministrativeExpenses": 0,
    "sellingAndMarketingExpenses": 0,
    "sellingGeneralAndAdministrativeExpenses": 357000000,
    "otherExpenses": 337000000,
    "operatingExpenses": 694000000,
    "costAndExpenses": 1430000000,
    "interestIncome": 0,
    "interestExpense": 0,
    "depreciationAndAmortization": 327000000,
    "ebitda": 590000000,
    "ebitdaratio": 0.348493798,
    "operatingIncome": 263000000,
    "operatingIncomeRatio": 0.1553455405,
    "totalOtherIncomeExpensesNet": -3258000000,
    "incomeBeforeTax": -2995000000,
    "incomeBeforeTaxRatio": -1.7690490254,
    "incomeTaxExpense": -565000000,
    "netIncome": -1035000000,
    "netIncomeRatio": -0.6113408151,
    "eps": -3.02,
    "epsdiluted": -3.02,
    "weightedAverageShsOut": 342751766,
    "weightedAverageShsOutDil": 342751766,
    "link": "https://www.sec.gov/Archives/edgar/data/1091667/000109166709000151/0001091667-09-000151-index.htm",
    "finalLink": "https://www.sec.gov/Archives/edgar/data/1091667/000109166709000151/body.htm"
  },
  {
    "date": "2009-06-30",
    "symbol": "CHTR",
    "reportedCurrency": "USD",
    "cik": "0001091667",
    "fillingDate": "2009-08-06",
    "acceptedDate": "2009-08-06 16:19:51",
    "calendarYear": "2009",
    "period": "Q2",
    "revenue": 1690000000,
    "costOfRevenue": 715000000,
    "grossProfit": 975000000,
    "grossProfitRatio": 0.5769230769,
    "researchAndDevelopmentExpenses": 0,
    "generalAndAdministrativeExpenses": 0,
    "sellingAndMarketingExpenses": 0,
    "sellingGeneralAndAdministrativeExpenses": 343000000,
    "otherExpenses": 331000000,
    "operatingExpenses": 674000000,
    "costAndExpenses": 1389000000,
    "interestIncome": 0,
    "interestExpense": 0,
    "depreciationAndAmortization": 329000000,
    "ebitda": 630000000,
    "ebitdaratio": 0.3727810651,
    "operatingIncome": 301000000,
    "operatingIncomeRatio": 0.1781065089,
    "totalOtherIncomeExpensesNet": -400000000,
    "incomeBeforeTax": -99000000,
    "incomeBeforeTaxRatio": -0.0585798817,
    "incomeTaxExpense": 60000000,
    "netIncome": -112000000,
    "netIncomeRatio": -0.0662721893,
    "eps": -0.33,
    "epsdiluted": -0.33,
    "weightedAverageShsOut": 342675557,
    "weightedAverageShsOutDil": 342675557,
    "link": "https://www.sec.gov/Archives/edgar/data/1091667/000109166709000120/0001091667-09-000120-index.htm",
    "finalLink": "https://www.sec.gov/Archives/edgar/data/1091667/000109166709000120/body.htm"
  },
  {
    "date": "2009-03-31",
    "symbol": "CHTR",
    "reportedCurrency": "USD",
    "cik": "0001091667",
    "fillingDate": "2009-05-07",
    "acceptedDate": "2009-05-07 08:23:55",
    "calendarYear": "2009",
    "period": "Q1",
    "revenue": 1662000000,
    "costOfRevenue": 713000000,
    "grossProfit": 949000000,
    "grossProfitRatio": 0.5709987966,
    "researchAndDevelopmentExpenses": 0,
    "generalAndAdministrativeExpenses": 0,
    "sellingAndMarketingExpenses": 0,
    "sellingGeneralAndAdministrativeExpenses": 344000000,
    "otherExpenses": 271000000,
    "operatingExpenses": 615000000,
    "costAndExpenses": 1328000000,
    "interestIncome": 0,
    "interestExpense": 0,
    "depreciationAndAmortization": 321000000,
    "ebitda": 655000000,
    "ebitdaratio": 0.3941034898,
    "operatingIncome": 334000000,
    "operatingIncomeRatio": 0.2009626955,
    "totalOtherIncomeExpensesNet": -607000000,
    "incomeBeforeTax": -273000000,
    "incomeBeforeTaxRatio": -0.1642599278,
    "incomeTaxExpense": 61000000,
    "netIncome": -205000000,
    "netIncomeRatio": -0.123345367,
    "eps": -0.6,
    "epsdiluted": -0.6,
    "weightedAverageShsOut": 341873993,
    "weightedAverageShsOutDil": 341873993,
    "link": "https://www.sec.gov/Archives/edgar/data/1091667/000109166709000086/0001091667-09-000086-index.htm",
    "finalLink": "https://www.sec.gov/Archives/edgar/data/1091667/000109166709000086/body.htm"
  },
  {
    "date": "2008-12-31",
    "symbol": "CHTR",
    "reportedCurrency": "USD",
    "cik": "0001091667",
    "fillingDate": "2009-03-16",
    "acceptedDate": "2009-03-16 14:54:25",
    "calendarYear": "2008",
    "period": "Q4",
    "revenue": 1656000000,
    "costOfRevenue": 703000000,
    "grossProfit": 953000000,
    "grossProfitRatio": 0.5754830918,
    "researchAndDevelopmentExpenses": 0,
    "generalAndAdministrativeExpenses": 0,
    "sellingAndMarketingExpenses": 0,
    "sellingGeneralAndAdministrativeExpenses": 342000000,
    "otherExpenses": 291000000,
    "operatingExpenses": 633000000,
    "costAndExpenses": 1336000000,
    "interestIncome": 0,
    "interestExpense": 0,
    "depreciationAndAmortization": 329000000,
    "ebitda": -965000000,
    "ebitdaratio": -0.5827294686,
    "operatingIncome": 320000000,
    "operatingIncomeRatio": 0.193236715,
    "totalOtherIncomeExpensesNet": -515000000,
    "incomeBeforeTax": -1772000000,
    "incomeBeforeTaxRatio": -1.0700483092,
    "incomeTaxExpense": -277000000,
    "netIncome": -1495000000,
    "netIncomeRatio": -0.9027777778,
    "eps": -4.37,
    "epsdiluted": -4.37,
    "weightedAverageShsOut": 341744942,
    "weightedAverageShsOutDil": 341873993,
    "link": "https://www.sec.gov/Archives/edgar/data/1091667/000109166709000038/0001091667-09-000038-index.htm",
    "finalLink": "https://www.sec.gov/Archives/edgar/data/1091667/000109166709000038/body.htm"
  },
  {
    "date": "2008-09-30",
    "symbol": "CHTR",
    "reportedCurrency": "USD",
    "cik": "0001091667",
    "fillingDate": "2008-11-06",
    "acceptedDate": "2008-11-06 08:46:12",
    "calendarYear": "2008",
    "period": "Q3",
    "revenue": 1636000000,
    "costOfRevenue": 710000000,
    "grossProfit": 926000000,
    "grossProfitRatio": 0.5660146699,
    "researchAndDevelopmentExpenses": 0,
    "generalAndAdministrativeExpenses": 0,
    "sellingAndMarketingExpenses": 0,
    "sellingGeneralAndAdministrativeExpenses": 371000000,
    "otherExpenses": 347000000,
    "operatingExpenses": 718000000,
    "costAndExpenses": 1428000000,
    "interestIncome": 0,
    "interestExpense": 0,
    "depreciationAndAmortization": 332000000,
    "ebitda": 540000000,
    "ebitdaratio": 0.3300733496,
    "operatingIncome": 208000000,
    "operatingIncomeRatio": 0.1271393643,
    "totalOtherIncomeExpensesNet": -472000000,
    "incomeBeforeTax": -265000000,
    "incomeBeforeTaxRatio": -0.1619804401,
    "incomeTaxExpense": 57000000,
    "netIncome": -322000000,
    "netIncomeRatio": -0.1968215159,
    "eps": -0.95,
    "epsdiluted": -0.95,
    "weightedAverageShsOut": 338302128,
    "weightedAverageShsOutDil": 338302128,
    "link": "https://www.sec.gov/Archives/edgar/data/1091667/000109166708000190/0001091667-08-000190-index.htm",
    "finalLink": "https://www.sec.gov/Archives/edgar/data/1091667/000109166708000190/body.htm"
  },
  {
    "date": "2008-06-30",
    "symbol": "CHTR",
    "reportedCurrency": "USD",
    "cik": "0001091667",
    "fillingDate": "2008-08-05",
    "acceptedDate": "2008-08-05 08:23:22",
    "calendarYear": "2008",
    "period": "Q2",
    "revenue": 1623000000,
    "costOfRevenue": 698000000,
    "grossProfit": 925000000,
    "grossProfitRatio": 0.5699322243,
    "researchAndDevelopmentExpenses": 0,
    "generalAndAdministrativeExpenses": 0,
    "sellingAndMarketingExpenses": 0,
    "sellingGeneralAndAdministrativeExpenses": 342000000,
    "otherExpenses": 353000000,
    "operatingExpenses": 695000000,
    "costAndExpenses": 1393000000,
    "interestIncome": 0,
    "interestExpense": 0,
    "depreciationAndAmortization": 328000000,
    "ebitda": 558000000,
    "ebitdaratio": 0.3438077634,
    "operatingIncome": 230000000,
    "operatingIncomeRatio": 0.1417128774,
    "totalOtherIncomeExpensesNet": -443000000,
    "incomeBeforeTax": -217000000,
    "incomeBeforeTaxRatio": -0.1337030191,
    "incomeTaxExpense": 59000000,
    "netIncome": -276000000,
    "netIncomeRatio": -0.1700554529,
    "eps": -0.82,
    "epsdiluted": -0.82,
    "weightedAverageShsOut": 336047801,
    "weightedAverageShsOutDil": 336047801,
    "link": "https://www.sec.gov/Archives/edgar/data/1091667/000109166708000148/0001091667-08-000148-index.htm",
    "finalLink": "https://www.sec.gov/Archives/edgar/data/1091667/000109166708000148/body.htm"
  },
  {
    "date": "2008-03-31",
    "symbol": "CHTR",
    "reportedCurrency": "USD",
    "cik": "0001091667",
    "fillingDate": "2008-05-12",
    "acceptedDate": "2008-05-12 08:23:58",
    "calendarYear": "2008",
    "period": "Q1",
    "revenue": 1564000000,
    "costOfRevenue": 681000000,
    "grossProfit": 883000000,
    "grossProfitRatio": 0.5645780051,
    "researchAndDevelopmentExpenses": 0,
    "generalAndAdministrativeExpenses": 0,
    "sellingAndMarketingExpenses": 0,
    "sellingGeneralAndAdministrativeExpenses": 357000000,
    "otherExpenses": 321000000,
    "operatingExpenses": 678000000,
    "costAndExpenses": 1359000000,
    "interestIncome": 0,
    "interestExpense": 0,
    "depreciationAndAmortization": 321000000,
    "ebitda": 526000000,
    "ebitdaratio": 0.3363171355,
    "operatingIncome": 205000000,
    "operatingIncomeRatio": 0.1310741688,
    "totalOtherIncomeExpensesNet": -504000000,
    "incomeBeforeTax": -300000000,
    "incomeBeforeTaxRatio": -0.1918158568,
    "incomeTaxExpense": 58000000,
    "netIncome": -358000000,
    "netIncomeRatio": -0.2289002558,
    "eps": -1.07,
    "epsdiluted": -1.07,
    "weightedAverageShsOut": 334631026,
    "weightedAverageShsOutDil": 334631026,
    "link": "https://www.sec.gov/Archives/edgar/data/1091667/000109166708000110/0001091667-08-000110-index.htm",
    "finalLink": "https://www.sec.gov/Archives/edgar/data/1091667/000109166708000110/body.htm"
  },
  {
    "date": "2007-12-31",
    "symbol": "CHTR",
    "reportedCurrency": "USD",
    "cik": "0001091667",
    "fillingDate": "2008-02-27",
    "acceptedDate": "2008-02-27 08:31:25",
    "calendarYear": "2007",
    "period": "Q4",
    "revenue": 1553000000,
    "costOfRevenue": 663000000,
    "grossProfit": 890000000,
    "grossProfitRatio": 0.5730843529,
    "researchAndDevelopmentExpenses": 0,
    "generalAndAdministrativeExpenses": 0,
    "sellingAndMarketingExpenses": 0,
    "sellingGeneralAndAdministrativeExpenses": 328000000,
    "otherExpenses": 477000000,
    "operatingExpenses": 805000000,
    "costAndExpenses": 1468000000,
    "interestIncome": 0,
    "interestExpense": 0,
    "depreciationAndAmortization": 329000000,
    "ebitda": 414000000,
    "ebitdaratio": 0.2665808113,
    "operatingIncome": 85000000,
    "operatingIncomeRatio": 0.0547327753,
    "totalOtherIncomeExpensesNet": -513000000,
    "incomeBeforeTax": -428000000,
    "incomeBeforeTaxRatio": -0.2755956214,
    "incomeTaxExpense": 40000000,
    "netIncome": -468000000,
    "netIncomeRatio": -0.3013522215,
    "eps": -1.4,
    "epsdiluted": -1.4,
    "weightedAverageShsOut": 334506975,
    "weightedAverageShsOutDil": 334631026,
    "link": "https://www.sec.gov/Archives/edgar/data/1091667/000109166708000004/0001091667-08-000004-index.htm",
    "finalLink": "https://www.sec.gov/Archives/edgar/data/1091667/000109166708000004/body.htm"
  },
  {
    "date": "2007-09-30",
    "symbol": "CHTR",
    "reportedCurrency": "USD",
    "cik": "0001091667",
    "fillingDate": "2007-11-08",
    "acceptedDate": "2007-11-08 08:51:54",
    "calendarYear": "2007",
    "period": "Q3",
    "revenue": 1525000000,
    "costOfRevenue": 679000000,
    "grossProfit": 846000000,
    "grossProfitRatio": 0.5547540984,
    "researchAndDevelopmentExpenses": 0,
    "generalAndAdministrativeExpenses": 0,
    "sellingAndMarketingExpenses": 0,
    "sellingGeneralAndAdministrativeExpenses": 341000000,
    "otherExpenses": 398000000,
    "operatingExpenses": 739000000,
    "costAndExpenses": 1418000000,
    "interestIncome": 0,
    "interestExpense": 0,
    "depreciationAndAmortization": 334000000,
    "ebitda": 441000000,
    "ebitdaratio": 0.2891803279,
    "operatingIncome": 107000000,
    "operatingIncomeRatio": 0.0701639344,
    "totalOtherIncomeExpensesNet": -473000000,
    "incomeBeforeTax": -366000000,
    "incomeBeforeTaxRatio": -0.24,
    "incomeTaxExpense": 41000000,
    "netIncome": -407000000,
    "netIncomeRatio": -0.2668852459,
    "eps": -1.22,
    "epsdiluted": -1.22,
    "weightedAverageShsOut": 333866574,
    "weightedAverageShsOutDil": 333866574,
    "link": "https://www.sec.gov/Archives/edgar/data/1091667/000109166707000211/0001091667-07-000211-index.htm",
    "finalLink": "https://www.sec.gov/Archives/edgar/data/1091667/000109166707000211/body.htm"
  },
  {
    "date": "2007-06-30",
    "symbol": "CHTR",
    "reportedCurrency": "USD",
    "cik": "0001091667",
    "fillingDate": "2007-08-02",
    "acceptedDate": "2007-08-02 08:57:24",
    "calendarYear": "2007",
    "period": "Q2",
    "revenue": 1499000000,
    "costOfRevenue": 647000000,
    "grossProfit": 852000000,
    "grossProfitRatio": 0.5683789193,
    "researchAndDevelopmentExpenses": 0,
    "generalAndAdministrativeExpenses": 0,
    "sellingAndMarketingExpenses": 0,
    "sellingGeneralAndAdministrativeExpenses": 318000000,
    "otherExpenses": 334000000,
    "operatingExpenses": 652000000,
    "costAndExpenses": 1299000000,
    "interestIncome": 0,
    "interestExpense": 0,
    "depreciationAndAmortization": 334000000,
    "ebitda": 534000000,
    "ebitdaratio": 0.3562374917,
    "operatingIncome": 200000000,
    "operatingIncomeRatio": 0.1334222815,
    "totalOtherIncomeExpensesNet": -501000000,
    "incomeBeforeTax": -301000000,
    "incomeBeforeTaxRatio": -0.2008005337,
    "incomeTaxExpense": 59000000,
    "netIncome": -360000000,
    "netIncomeRatio": -0.2401601067,
    "eps": -1.08,
    "epsdiluted": -1.08,
    "weightedAverageShsOut": 332368256,
    "weightedAverageShsOutDil": 332368256,
    "link": "https://www.sec.gov/Archives/edgar/data/1091667/000109166707000146/0001091667-07-000146-index.htm",
    "finalLink": "https://www.sec.gov/Archives/edgar/data/1091667/000109166707000146/body.htm"
  },
  {
    "date": "2007-03-31",
    "symbol": "CHTR",
    "reportedCurrency": "USD",
    "cik": "0001091667",
    "fillingDate": "2007-05-03",
    "acceptedDate": "2007-05-03 08:10:21",
    "calendarYear": "2007",
    "period": "Q1",
    "revenue": 1425000000,
    "costOfRevenue": 631000000,
    "grossProfit": 794000000,
    "grossProfitRatio": 0.5571929825,
    "researchAndDevelopmentExpenses": 0,
    "generalAndAdministrativeExpenses": 0,
    "sellingAndMarketingExpenses": 0,
    "sellingGeneralAndAdministrativeExpenses": 307000000,
    "otherExpenses": 331000000,
    "operatingExpenses": 638000000,
    "costAndExpenses": 1269000000,
    "interestIncome": 0,
    "interestExpense": 0,
    "depreciationAndAmortization": 331000000,
    "ebitda": 487000000,
    "ebitdaratio": 0.341754386,
    "operatingIncome": 156000000,
    "operatingIncomeRatio": 0.1094736842,
    "totalOtherIncomeExpensesNet": -468000000,
    "incomeBeforeTax": -312000000,
    "incomeBeforeTaxRatio": -0.2189473684,
    "incomeTaxExpense": 69000000,
    "netIncome": -381000000,
    "netIncomeRatio": -0.2673684211,
    "eps": -1.15,
    "epsdiluted": -1.15,
    "weightedAverageShsOut": 331045790,
    "weightedAverageShsOutDil": 331045790,
    "link": "https://www.sec.gov/Archives/edgar/data/1091667/000109166707000081/0001091667-07-000081-index.htm",
    "finalLink": "https://www.sec.gov/Archives/edgar/data/1091667/000109166707000081/body.htm"
  },
  {
    "date": "2006-12-31",
    "symbol": "CHTR",
    "reportedCurrency": "USD",
    "cik": "0001091667",
    "fillingDate": "2007-02-28",
    "acceptedDate": "2007-02-28 08:15:57",
    "calendarYear": "2006",
    "period": "Q4",
    "revenue": 1413000000,
    "costOfRevenue": 608000000,
    "grossProfit": 805000000,
    "grossProfitRatio": 0.5697098372,
    "researchAndDevelopmentExpenses": 0,
    "generalAndAdministrativeExpenses": 0,
    "sellingAndMarketingExpenses": 0,
    "sellingGeneralAndAdministrativeExpenses": 305000000,
    "otherExpenses": 337000000,
    "operatingExpenses": 642000000,
    "costAndExpenses": 1250000000,
    "interestIncome": 0,
    "interestExpense": 0,
    "depreciationAndAmortization": 330000000,
    "ebitda": 493000000,
    "ebitdaratio": 0.3489030432,
    "operatingIncome": 163000000,
    "operatingIncomeRatio": 0.1153573956,
    "totalOtherIncomeExpensesNet": -478000000,
    "incomeBeforeTax": -315000000,
    "incomeBeforeTaxRatio": -0.2229299363,
    "incomeTaxExpense": 63000000,
    "netIncome": -396000000,
    "netIncomeRatio": -0.2802547771,
    "eps": -1.2,
    "epsdiluted": -1.2,
    "weightedAverageShsOut": 330688595,
    "weightedAverageShsOutDil": 331045790,
    "link": "https://www.sec.gov/Archives/edgar/data/1091667/000109166707000015/0001091667-07-000015-index.htm",
    "finalLink": "https://www.sec.gov/Archives/edgar/data/1091667/000109166707000015/body.htm"
  },
  {
    "date": "2006-09-30",
    "symbol": "CHTR",
    "reportedCurrency": "USD",
    "cik": "0001091667",
    "fillingDate": "2006-10-31",
    "acceptedDate": "2006-10-31 08:05:15",
    "calendarYear": "2006",
    "period": "Q3",
    "revenue": 1388000000,
    "costOfRevenue": 615000000,
    "grossProfit": 773000000,
    "grossProfitRatio": 0.5569164265,
    "researchAndDevelopmentExpenses": 0,
    "generalAndAdministrativeExpenses": 0,
    "sellingAndMarketingExpenses": 0,
    "sellingGeneralAndAdministrativeExpenses": 309000000,
    "otherExpenses": 398000000,
    "operatingExpenses": 707000000,
    "costAndExpenses": 1322000000,
    "interestIncome": 0,
    "interestExpense": 0,
    "depreciationAndAmortization": 334000000,
    "ebitda": 400000000,
    "ebitdaratio": 0.288184438,
    "operatingIncome": 66000000,
    "operatingIncomeRatio": 0.0475504323,
    "totalOtherIncomeExpensesNet": -335000000,
    "incomeBeforeTax": -269000000,
    "incomeBeforeTaxRatio": -0.1938040346,
    "incomeTaxExpense": 64000000,
    "netIncome": -133000000,
    "netIncomeRatio": -0.0958213256,
    "eps": -0.45,
    "epsdiluted": -0.45,
    "weightedAverageShsOut": 295592593,
    "weightedAverageShsOutDil": 295592593,
    "link": "https://www.sec.gov/Archives/edgar/data/1091667/000109166706000372/0001091667-06-000372-index.htm",
    "finalLink": "https://www.sec.gov/Archives/edgar/data/1091667/000109166706000372/body.htm"
  },
  {
    "date": "2006-06-30",
    "symbol": "CHTR",
    "reportedCurrency": "USD",
    "cik": "0001091667",
    "fillingDate": "2006-08-08",
    "acceptedDate": "2006-08-08 08:17:46",
    "calendarYear": "2006",
    "period": "Q2",
    "revenue": 1383000000,
    "costOfRevenue": 611000000,
    "grossProfit": 772000000,
    "grossProfitRatio": 0.5582067968,
    "researchAndDevelopmentExpenses": 0,
    "generalAndAdministrativeExpenses": 0,
    "sellingAndMarketingExpenses": 0,
    "sellingGeneralAndAdministrativeExpenses": 279000000,
    "otherExpenses": 347000000,
    "operatingExpenses": 626000000,
    "costAndExpenses": 1237000000,
    "interestIncome": 0,
    "interestExpense": 0,
    "depreciationAndAmortization": 340000000,
    "ebitda": 486000000,
    "ebitdaratio": 0.3514099783,
    "operatingIncome": 146000000,
    "operatingIncomeRatio": 0.1055676067,
    "totalOtherIncomeExpensesNet": -496000000,
    "incomeBeforeTax": -350000000,
    "incomeBeforeTaxRatio": -0.2530730296,
    "incomeTaxExpense": 52000000,
    "netIncome": -382000000,
    "netIncomeRatio": -0.2762111352,
    "eps": -1.33,
    "epsdiluted": -1.33,
    "weightedAverageShsOut": 287216368,
    "weightedAverageShsOutDil": 287216368,
    "link": "https://www.sec.gov/Archives/edgar/data/1091667/000109166706000257/0001091667-06-000257-index.htm",
    "finalLink": "https://www.sec.gov/Archives/edgar/data/1091667/000109166706000257/body10q.htm"
  },
  {
    "date": "2006-03-31",
    "symbol": "CHTR",
    "reportedCurrency": "USD",
    "cik": "0001091667",
    "fillingDate": "2006-05-02",
    "acceptedDate": "2006-05-02 10:26:16",
    "calendarYear": "2006",
    "period": "Q1",
    "revenue": 1374000000,
    "costOfRevenue": 626000000,
    "grossProfit": 748000000,
    "grossProfitRatio": 0.5443959243,
    "researchAndDevelopmentExpenses": 0,
    "generalAndAdministrativeExpenses": 0,
    "sellingAndMarketingExpenses": 0,
    "sellingGeneralAndAdministrativeExpenses": 284000000,
    "otherExpenses": 457000000,
    "operatingExpenses": 741000000,
    "costAndExpenses": 1367000000,
    "interestIncome": 0,
    "interestExpense": 0,
    "depreciationAndAmortization": 358000000,
    "ebitda": 449000000,
    "ebitdaratio": 0.326783115,
    "operatingIncome": 7000000,
    "operatingIncomeRatio": 0.0050946143,
    "totalOtherIncomeExpensesNet": -472000000,
    "incomeBeforeTax": -450000000,
    "incomeBeforeTaxRatio": -0.327510917,
    "incomeTaxExpense": 8000000,
    "netIncome": -459000000,
    "netIncomeRatio": -0.3340611354,
    "eps": -1.6,
    "epsdiluted": -1.6,
    "weightedAverageShsOut": 287005261,
    "weightedAverageShsOutDil": 287005261,
    "link": "https://www.sec.gov/Archives/edgar/data/1091667/000109166706000203/0001091667-06-000203-index.htm",
    "finalLink": "https://www.sec.gov/Archives/edgar/data/1091667/000109166706000203/body.htm"
  },
  {
    "date": "2005-12-31",
    "symbol": "CHTR",
    "reportedCurrency": "USD",
    "cik": "0001091667",
    "fillingDate": "2006-02-28",
    "acceptedDate": "2006-02-28 08:13:50",
    "calendarYear": "2005",
    "period": "Q4",
    "revenue": 1342000000,
    "costOfRevenue": 579000000,
    "grossProfit": 763000000,
    "grossProfitRatio": 0.5685543964,
    "researchAndDevelopmentExpenses": 0,
    "generalAndAdministrativeExpenses": 0,
    "sellingAndMarketingExpenses": 0,
    "sellingGeneralAndAdministrativeExpenses": 275000000,
    "otherExpenses": 369000000,
    "operatingExpenses": 644000000,
    "costAndExpenses": 1223000000,
    "interestIncome": 0,
    "interestExpense": 0,
    "depreciationAndAmortization": 365000000,
    "ebitda": 484000000,
    "ebitdaratio": 0.3606557377,
    "operatingIncome": 119000000,
    "operatingIncomeRatio": 0.0886736215,
    "totalOtherIncomeExpensesNet": -418000000,
    "incomeBeforeTax": -305000000,
    "incomeBeforeTaxRatio": -0.2272727273,
    "incomeTaxExpense": 40000000,
    "netIncome": -336000000,
    "netIncomeRatio": -0.2503725782,
    "eps": -1.17,
    "epsdiluted": -1.17,
    "weightedAverageShsOut": 287005261,
    "weightedAverageShsOutDil": 287005261,
    "link": "https://www.sec.gov/Archives/edgar/data/1091667/000109166706000093/0001091667-06-000093-index.htm",
    "finalLink": "https://www.sec.gov/Archives/edgar/data/1091667/000109166706000093/body.htm"
  },
  {
    "date": "2005-09-30",
    "symbol": "CHTR",
    "reportedCurrency": "USD",
    "cik": "0001091667",
    "fillingDate": "2005-11-02",
    "acceptedDate": "2005-11-01 18:26:39",
    "calendarYear": "2005",
    "period": "Q3",
    "revenue": 1318000000,
    "costOfRevenue": 586000000,
    "grossProfit": 732000000,
    "grossProfitRatio": 0.5553869499,
    "researchAndDevelopmentExpenses": 0,
    "generalAndAdministrativeExpenses": 0,
    "sellingAndMarketingExpenses": 0,
    "sellingGeneralAndAdministrativeExpenses": 272000000,
    "otherExpenses": 397000000,
    "operatingExpenses": 669000000,
    "costAndExpenses": 1255000000,
    "interestIncome": 0,
    "interestExpense": 0,
    "depreciationAndAmortization": 375000000,
    "ebitda": 429000000,
    "ebitdaratio": 0.3254931715,
    "operatingIncome": 63000000,
    "operatingIncomeRatio": 0.0477996965,
    "totalOtherIncomeExpensesNet": 45000000,
    "incomeBeforeTax": 108000000,
    "incomeBeforeTaxRatio": 0.0819423369,
    "incomeTaxExpense": 24000000,
    "netIncome": 76000000,
    "netIncomeRatio": 0.0576631259,
    "eps": 0.27,
    "epsdiluted": 0.0995,
    "weightedAverageShsOut": 285921367,
    "weightedAverageShsOutDil": 285921367,
    "link": "https://www.sec.gov/Archives/edgar/data/1091667/000109166705000184/0001091667-05-000184-index.htm",
    "finalLink": "https://www.sec.gov/Archives/edgar/data/1091667/000109166705000184/body.htm"
  },
  {
    "date": "2005-06-30",
    "symbol": "CHTR",
    "reportedCurrency": "USD",
    "cik": "0001091667",
    "fillingDate": "2005-08-02",
    "acceptedDate": "2005-08-02 09:07:12",
    "calendarYear": "2005",
    "period": "Q2",
    "revenue": 1323000000,
    "costOfRevenue": 569000000,
    "grossProfit": 754000000,
    "grossProfitRatio": 0.5699168556,
    "researchAndDevelopmentExpenses": 0,
    "generalAndAdministrativeExpenses": 0,
    "sellingAndMarketingExpenses": 0,
    "sellingGeneralAndAdministrativeExpenses": 260000000,
    "otherExpenses": 384000000,
    "operatingExpenses": 644000000,
    "costAndExpenses": 1213000000,
    "interestIncome": 0,
    "interestExpense": 0,
    "depreciationAndAmortization": 378000000,
    "ebitda": 478000000,
    "ebitdaratio": 0.3613000756,
    "operatingIncome": 110000000,
    "operatingIncomeRatio": 0.0831443689,
    "totalOtherIncomeExpensesNet": -424000000,
    "incomeBeforeTax": -324000000,
    "incomeBeforeTaxRatio": -0.2448979592,
    "incomeTaxExpense": 25000000,
    "netIncome": -355000000,
    "netIncomeRatio": -0.268329554,
    "eps": -1.29,
    "epsdiluted": -1.29,
    "weightedAverageShsOut": 274533517,
    "weightedAverageShsOutDil": 274533517,
    "link": "https://www.sec.gov/Archives/edgar/data/1091667/000109166705000079/0001091667-05-000079-index.htm",
    "finalLink": "https://www.sec.gov/Archives/edgar/data/1091667/000109166705000079/cci10q.htm"
  },
  {
    "date": "2005-03-31",
    "symbol": "CHTR",
    "reportedCurrency": "USD",
    "cik": "0001091667",
    "fillingDate": "2005-05-03",
    "acceptedDate": "2005-05-03 16:26:13",
    "calendarYear": "2005",
    "period": "Q1",
    "revenue": 1271000000,
    "costOfRevenue": 559000000,
    "grossProfit": 712000000,
    "grossProfitRatio": 0.5601888277,
    "researchAndDevelopmentExpenses": 0,
    "generalAndAdministrativeExpenses": 0,
    "sellingAndMarketingExpenses": 0,
    "sellingGeneralAndAdministrativeExpenses": 237000000,
    "otherExpenses": 424000000,
    "operatingExpenses": 661000000,
    "costAndExpenses": 1220000000,
    "interestIncome": 0,
    "interestExpense": 0,
    "depreciationAndAmortization": 381000000,
    "ebitda": 432000000,
    "ebitdaratio": 0.3398898505,
    "operatingIncome": 51000000,
    "operatingIncomeRatio": 0.0401258851,
    "totalOtherIncomeExpensesNet": -388000000,
    "incomeBeforeTax": -337000000,
    "incomeBeforeTaxRatio": -0.2651455547,
    "incomeTaxExpense": 15000000,
    "netIncome": -352000000,
    "netIncomeRatio": -0.2769472856,
    "eps": -1.28,
    "epsdiluted": -1.28,
    "weightedAverageShsOut": 274251889,
    "weightedAverageShsOutDil": 274251889,
    "link": "https://www.sec.gov/Archives/edgar/data/1091667/000095013705005310/0000950137-05-005310-index.htm",
    "finalLink": "https://www.sec.gov/Archives/edgar/data/1091667/000095013705005310/c94772e10vq.htm"
  },
  {
    "date": "2004-12-31",
    "symbol": "CHTR",
    "reportedCurrency": "USD",
    "cik": "0001091667",
    "fillingDate": "2005-03-03",
    "acceptedDate": "2005-03-02 21:06:46",
    "calendarYear": "2004",
    "period": "Q4",
    "revenue": 1276000000,
    "costOfRevenue": 528000000,
    "grossProfit": 748000000,
    "grossProfitRatio": 0.5862068966,
    "researchAndDevelopmentExpenses": 0,
    "generalAndAdministrativeExpenses": 0,
    "sellingAndMarketingExpenses": 0,
    "sellingGeneralAndAdministrativeExpenses": 233000000,
    "otherExpenses": 407000000,
    "operatingExpenses": 640000000,
    "costAndExpenses": 1168000000,
    "interestIncome": 0,
    "interestExpense": 0,
    "depreciationAndAmortization": 390000000,
    "ebitda": 498000000,
    "ebitdaratio": 0.3902821317,
    "operatingIncome": 108000000,
    "operatingIncomeRatio": 0.0846394984,
    "totalOtherIncomeExpensesNet": -434000000,
    "incomeBeforeTax": -326000000,
    "incomeBeforeTaxRatio": -0.2554858934,
    "incomeTaxExpense": 13000000,
    "netIncome": -339000000,
    "netIncomeRatio": -0.2656739812,
    "eps": -1.24,
    "epsdiluted": -1.24,
    "weightedAverageShsOut": 274094078,
    "weightedAverageShsOutDil": 274251889,
    "link": "https://www.sec.gov/Archives/edgar/data/1091667/000095013705002540/0000950137-05-002540-index.htm",
    "finalLink": "https://www.sec.gov/Archives/edgar/data/1091667/000095013705002540/c92627e10vk.htm"
  },
  {
    "date": "2004-09-30",
    "symbol": "CHTR",
    "reportedCurrency": "USD",
    "cik": "0001091667",
    "fillingDate": "2004-11-04",
    "acceptedDate": "2004-11-04 08:01:16",
    "calendarYear": "2004",
    "period": "Q3",
    "revenue": 1248000000,
    "costOfRevenue": 525000000,
    "grossProfit": 723000000,
    "grossProfitRatio": 0.5793269231,
    "researchAndDevelopmentExpenses": 0,
    "generalAndAdministrativeExpenses": 0,
    "sellingAndMarketingExpenses": 0,
    "sellingGeneralAndAdministrativeExpenses": 260000000,
    "otherExpenses": 2807000000,
    "operatingExpenses": 3067000000,
    "costAndExpenses": 3592000000,
    "interestIncome": 0,
    "interestExpense": 0,
    "depreciationAndAmortization": 371000000,
    "ebitda": -1973000000,
    "ebitdaratio": -1.5809294872,
    "operatingIncome": -2344000000,
    "operatingIncomeRatio": -1.8782051282,
    "totalOtherIncomeExpensesNet": -398000000,
    "incomeBeforeTax": -2742000000,
    "incomeBeforeTaxRatio": -2.1971153846,
    "incomeTaxExpense": -213000000,
    "netIncome": -3294000000,
    "netIncomeRatio": -2.6394230769,
    "eps": -12.04,
    "epsdiluted": -12.04,
    "weightedAverageShsOut": 273615421,
    "weightedAverageShsOutDil": 273615421,
    "link": "https://www.sec.gov/Archives/edgar/data/1091667/000095013704009400/0000950137-04-009400-index.htm",
    "finalLink": "https://www.sec.gov/Archives/edgar/data/1091667/000095013704009400/c89356e10vq.htm"
  },
  {
    "date": "2004-06-30",
    "symbol": "CHTR",
    "reportedCurrency": "USD",
    "cik": "0001091667",
    "fillingDate": "2004-08-09",
    "acceptedDate": "2004-08-09 08:20:28",
    "calendarYear": "2004",
    "period": "Q2",
    "revenue": 1239000000,
    "costOfRevenue": 515000000,
    "grossProfit": 724000000,
    "grossProfitRatio": 0.5843422115,
    "researchAndDevelopmentExpenses": 0,
    "generalAndAdministrativeExpenses": 0,
    "sellingAndMarketingExpenses": 0,
    "sellingGeneralAndAdministrativeExpenses": 256000000,
    "otherExpenses": 453000000,
    "operatingExpenses": 709000000,
    "costAndExpenses": 1224000000,
    "interestIncome": 0,
    "interestExpense": 0,
    "depreciationAndAmortization": 364000000,
    "ebitda": 379000000,
    "ebitdaratio": 0.3058918483,
    "operatingIncome": 15000000,
    "operatingIncomeRatio": 0.0121065375,
    "totalOtherIncomeExpensesNet": -387000000,
    "incomeBeforeTax": -372000000,
    "incomeBeforeTaxRatio": -0.3002421308,
    "incomeTaxExpense": 43000000,
    "netIncome": -415000000,
    "netIncomeRatio": -0.3349475383,
    "eps": -1.53,
    "epsdiluted": -1.53,
    "weightedAverageShsOut": 271732729,
    "weightedAverageShsOutDil": 271732729,
    "link": "https://www.sec.gov/Archives/edgar/data/1091667/000095013704006399/0000950137-04-006399-index.htm",
    "finalLink": "https://www.sec.gov/Archives/edgar/data/1091667/000095013704006399/c87432e10vq.htm"
  },
  {
    "date": "2004-03-31",
    "symbol": "CHTR",
    "reportedCurrency": "USD",
    "cik": "0001091667",
    "fillingDate": "2004-05-10",
    "acceptedDate": "2004-05-10 09:19:23",
    "calendarYear": "2004",
    "period": "Q1",
    "revenue": 1214000000,
    "costOfRevenue": 512000000,
    "grossProfit": 702000000,
    "grossProfitRatio": 0.5782537068,
    "researchAndDevelopmentExpenses": 0,
    "generalAndAdministrativeExpenses": 0,
    "sellingAndMarketingExpenses": 0,
    "sellingGeneralAndAdministrativeExpenses": 239000000,
    "otherExpenses": 288000000,
    "operatingExpenses": 527000000,
    "costAndExpenses": 1039000000,
    "interestIncome": 0,
    "interestExpense": 0,
    "depreciationAndAmortization": 370000000,
    "ebitda": 545000000,
    "ebitdaratio": 0.4489291598,
    "operatingIncome": 175000000,
    "operatingIncomeRatio": 0.1441515651,
    "totalOtherIncomeExpensesNet": -414000000,
    "incomeBeforeTax": -239000000,
    "incomeBeforeTaxRatio": -0.1968698517,
    "incomeTaxExpense": 54000000,
    "netIncome": -293000000,
    "netIncomeRatio": -0.2413509061,
    "eps": -1.1,
    "epsdiluted": -1.1,
    "weightedAverageShsOut": 266834914,
    "weightedAverageShsOutDil": 266834914,
    "link": "https://www.sec.gov/Archives/edgar/data/1091667/000095013704003796/0000950137-04-003796-index.htm",
    "finalLink": "https://www.sec.gov/Archives/edgar/data/1091667/000095013704003796/c85376e10vq.htm"
  },
  {
    "date": "2003-12-31",
    "symbol": "CHTR",
    "reportedCurrency": "USD",
    "cik": "0001091667",
    "fillingDate": "2004-03-15",
    "acceptedDate": "2004-03-15 16:55:06",
    "calendarYear": "2003",
    "period": "Q4",
    "revenue": 1217000000,
    "costOfRevenue": 495000000,
    "grossProfit": 722000000,
    "grossProfitRatio": 0.59326212,
    "researchAndDevelopmentExpenses": 0,
    "generalAndAdministrativeExpenses": 0,
    "sellingAndMarketingExpenses": 0,
    "sellingGeneralAndAdministrativeExpenses": 237000000,
    "otherExpenses": 275000000,
    "operatingExpenses": 512000000,
    "costAndExpenses": 1007000000,
    "interestIncome": 0,
    "interestExpense": 0,
    "depreciationAndAmortization": 361000000,
    "ebitda": 571000000,
    "ebitdaratio": 0.4691865242,
    "operatingIncome": 210000000,
    "operatingIncomeRatio": 0.1725554643,
    "totalOtherIncomeExpensesNet": -291000000,
    "incomeBeforeTax": -81000000,
    "incomeBeforeTaxRatio": -0.0665571076,
    "incomeTaxExpense": -24000000,
    "netIncome": -57000000,
    "netIncomeRatio": -0.0468364832,
    "eps": -0.21,
    "epsdiluted": -0.21,
    "weightedAverageShsOut": 266810028,
    "weightedAverageShsOutDil": 266834914,
    "link": "https://www.sec.gov/Archives/edgar/data/1091667/000095013704001876/0000950137-04-001876-index.htm",
    "finalLink": "https://www.sec.gov/Archives/edgar/data/1091667/000095013704001876/c83767e10vk.htm"
  },
  {
    "date": "2003-09-30",
    "symbol": "CHTR",
    "reportedCurrency": "USD",
    "cik": "0001091667",
    "fillingDate": "2003-11-03",
    "acceptedDate": "2003-11-03 06:18:57",
    "calendarYear": "2003",
    "period": "Q3",
    "revenue": 1207000000,
    "costOfRevenue": 484000000,
    "grossProfit": 723000000,
    "grossProfitRatio": 0.5990057995,
    "researchAndDevelopmentExpenses": 0,
    "generalAndAdministrativeExpenses": 0,
    "sellingAndMarketingExpenses": 0,
    "sellingGeneralAndAdministrativeExpenses": 236000000,
    "otherExpenses": 370000000,
    "operatingExpenses": 606000000,
    "costAndExpenses": 1090000000,
    "interestIncome": 0,
    "interestExpense": 0,
    "depreciationAndAmortization": 362000000,
    "ebitda": 479000000,
    "ebitdaratio": 0.3968516984,
    "operatingIncome": 117000000,
    "operatingIncomeRatio": 0.0969345485,
    "totalOtherIncomeExpensesNet": -108000000,
    "incomeBeforeTax": 9000000,
    "incomeBeforeTaxRatio": 0.0074565037,
    "incomeTaxExpense": -28000000,
    "netIncome": 37000000,
    "netIncomeRatio": 0.0306545153,
    "eps": 0.13,
    "epsdiluted": 0.0774,
    "weightedAverageShsOut": 266347371,
    "weightedAverageShsOutDil": 266347371,
    "link": "https://www.sec.gov/Archives/edgar/data/1091667/000095013403014296/0000950134-03-014296-index.htm",
    "finalLink": "https://www.sec.gov/Archives/edgar/data/1091667/000095013403014296/c80530e10vq.htm"
  },
  {
    "date": "2003-06-30",
    "symbol": "CHTR",
    "reportedCurrency": "USD",
    "cik": "0001091667",
    "fillingDate": "2003-08-05",
    "acceptedDate": "2003-08-04 17:42:48",
    "calendarYear": "2003",
    "period": "Q2",
    "revenue": 1217000000,
    "costOfRevenue": 488000000,
    "grossProfit": 729000000,
    "grossProfitRatio": 0.5990139688,
    "researchAndDevelopmentExpenses": 0,
    "generalAndAdministrativeExpenses": 0,
    "sellingAndMarketingExpenses": 0,
    "sellingGeneralAndAdministrativeExpenses": 232000000,
    "otherExpenses": 385000000,
    "operatingExpenses": 617000000,
    "costAndExpenses": 1105000000,
    "interestIncome": 0,
    "interestExpense": 0,
    "depreciationAndAmortization": 386000000,
    "ebitda": 498000000,
    "ebitdaratio": 0.4092029581,
    "operatingIncome": 112000000,
    "operatingIncomeRatio": 0.0920295809,
    "totalOtherIncomeExpensesNet": -247000000,
    "incomeBeforeTax": -135000000,
    "incomeBeforeTaxRatio": -0.1109285127,
    "incomeTaxExpense": -98000000,
    "netIncome": -37000000,
    "netIncomeRatio": -0.0304026294,
    "eps": -0.14,
    "epsdiluted": -0.14,
    "weightedAverageShsOut": 266263929,
    "weightedAverageShsOutDil": 266263929,
    "link": "https://www.sec.gov/Archives/edgar/data/1091667/000095012303008915/0000950123-03-008915-index.htm",
    "finalLink": "https://www.sec.gov/Archives/edgar/data/1091667/000095012303008915/y88762e10vq.htm"
  },
  {
    "date": "2003-03-31",
    "symbol": "CHTR",
    "reportedCurrency": "USD",
    "cik": "0001091667",
    "fillingDate": "2003-05-14",
    "acceptedDate": "2003-05-14 17:17:41",
    "calendarYear": "2003",
    "period": "Q1",
    "revenue": 1178000000,
    "costOfRevenue": 485000000,
    "grossProfit": 693000000,
    "grossProfitRatio": 0.5882852292,
    "researchAndDevelopmentExpenses": 0,
    "generalAndAdministrativeExpenses": 0,
    "sellingAndMarketingExpenses": 0,
    "sellingGeneralAndAdministrativeExpenses": 235000000,
    "otherExpenses": 372000000,
    "operatingExpenses": 607000000,
    "costAndExpenses": 1092000000,
    "interestIncome": 0,
    "interestExpense": 0,
    "depreciationAndAmortization": 370000000,
    "ebitda": 456000000,
    "ebitdaratio": 0.3870967742,
    "operatingIncome": 86000000,
    "operatingIncomeRatio": 0.0730050934,
    "totalOtherIncomeExpensesNet": -227000000,
    "incomeBeforeTax": -141000000,
    "incomeBeforeTaxRatio": -0.1196943973,
    "incomeTaxExpense": 40000000,
    "netIncome": -181000000,
    "netIncomeRatio": -0.1536502547,
    "eps": -0.68,
    "epsdiluted": -0.68,
    "weightedAverageShsOut": 266256281,
    "weightedAverageShsOutDil": 266256281,
    "link": "https://www.sec.gov/Archives/edgar/data/1091667/000095012303005952/0000950123-03-005952-index.htm",
    "finalLink": "https://www.sec.gov/Archives/edgar/data/1091667/000095012303005952/y86584e10vq.txt"
  },
  {
    "date": "2002-12-31",
    "symbol": "CHTR",
    "reportedCurrency": "USD",
    "cik": "0001091667",
    "fillingDate": "2003-04-15",
    "acceptedDate": "2003-04-15 14:02:15",
    "calendarYear": "2002",
    "period": "Q4",
    "revenue": 1150742000,
    "costOfRevenue": 491503000,
    "grossProfit": 659239000,
    "grossProfitRatio": 0.5728816711,
    "researchAndDevelopmentExpenses": 0,
    "generalAndAdministrativeExpenses": 302315000,
    "sellingAndMarketingExpenses": 10994000,
    "sellingGeneralAndAdministrativeExpenses": 313309000,
    "otherExpenses": 4582203000,
    "operatingExpenses": 4895512000,
    "costAndExpenses": 5387015000,
    "interestIncome": 0,
    "interestExpense": 0,
    "depreciationAndAmortization": -55797000,
    "ebitda": -4292070000,
    "ebitdaratio": -3.7298282326,
    "operatingIncome": -4236273000,
    "operatingIncomeRatio": -3.6813403873,
    "totalOtherIncomeExpensesNet": 2068291000,
    "incomeBeforeTax": -2167982000,
    "incomeBeforeTaxRatio": -1.8839861585,
    "incomeTaxExpense": -535000000,
    "netIncome": -1860490000,
    "netIncomeRatio": -1.6167742205,
    "eps": -6.99,
    "epsdiluted": -6.99,
    "weightedAverageShsOut": 266256281,
    "weightedAverageShsOutDil": 266256281,
    "link": "https://www.sec.gov/Archives/edgar/data/1091667/000095012303004266/0000950123-03-004266-index.htm",
    "finalLink": "https://www.sec.gov/Archives/edgar/data/1091667/000095012303004266/y85418e10vk.htm"
  },
  {
    "date": "2002-09-30",
    "symbol": "CHTR",
    "reportedCurrency": "USD",
    "cik": "0001091667",
    "fillingDate": "2003-06-03",
    "acceptedDate": "2003-06-02 17:37:48",
    "calendarYear": "2002",
    "period": "Q3",
    "revenue": 1178511000,
    "costOfRevenue": 453448000,
    "grossProfit": 725063000,
    "grossProfitRatio": 0.6152365146,
    "researchAndDevelopmentExpenses": 0,
    "generalAndAdministrativeExpenses": 206552000,
    "sellingAndMarketingExpenses": 22378000,
    "sellingGeneralAndAdministrativeExpenses": 228930000,
    "otherExpenses": 513660000,
    "operatingExpenses": 742590000,
    "costAndExpenses": 1196038000,
    "interestIncome": 0,
    "interestExpense": 0,
    "depreciationAndAmortization": 513660000,
    "ebitda": 680000000,
    "ebitdaratio": 0.5769992813,
    "operatingIncome": -17527000,
    "operatingIncomeRatio": -0.0148721565,
    "totalOtherIncomeExpensesNet": -478000000,
    "incomeBeforeTax": -223852000,
    "incomeBeforeTaxRatio": -0.1899447693,
    "incomeTaxExpense": -6000000,
    "netIncome": -238852000,
    "netIncomeRatio": -0.2026726946,
    "eps": -0.9,
    "epsdiluted": -0.9,
    "weightedAverageShsOut": 266245902,
    "weightedAverageShsOutDil": 266245902,
    "link": "https://www.sec.gov/Archives/edgar/data/1091667/000109166703000015/0001091667-03-000015-index.htm",
    "finalLink": "https://www.sec.gov/Archives/edgar/data/1091667/000109166703000015/body10q.htm"
  },
  {
    "date": "2002-06-30",
    "symbol": "CHTR",
    "reportedCurrency": "USD",
    "cik": "0001091667",
    "fillingDate": "2002-08-06",
    "acceptedDate": "2002-08-06 09:30:22",
    "calendarYear": "2002",
    "period": "Q2",
    "revenue": 1158413000,
    "costOfRevenue": 345787000,
    "grossProfit": 812626000,
    "grossProfitRatio": 0.7014993789,
    "researchAndDevelopmentExpenses": 0,
    "generalAndAdministrativeExpenses": 290815000,
    "sellingAndMarketingExpenses": 21435000,
    "sellingGeneralAndAdministrativeExpenses": 312250000,
    "otherExpenses": 492168000,
    "operatingExpenses": 804418000,
    "costAndExpenses": 1150205000,
    "interestIncome": 0,
    "interestExpense": 0,
    "depreciationAndAmortization": 492168000,
    "ebitda": 661345000,
    "ebitdaratio": 0.5709060585,
    "operatingIncome": 8208000,
    "operatingIncomeRatio": 0.0070855558,
    "totalOtherIncomeExpensesNet": -66241000,
    "incomeBeforeTax": -58033000,
    "incomeBeforeTaxRatio": -0.0500969861,
    "incomeTaxExpense": 0,
    "netIncome": -201999000,
    "netIncomeRatio": -0.1743756329,
    "eps": -0.76,
    "epsdiluted": -0.76,
    "weightedAverageShsOut": 266244813,
    "weightedAverageShsOutDil": 266244813,
    "link": "https://www.sec.gov/Archives/edgar/data/1091667/000109166702000005/0001091667-02-000005-index.htm",
    "finalLink": "https://www.sec.gov/Archives/edgar/data/1091667/000109166702000005/body10q.htm"
  },
  {
    "date": "2002-03-31",
    "symbol": "CHTR",
    "reportedCurrency": "USD",
    "cik": "0001091667",
    "fillingDate": "2002-05-14",
    "acceptedDate": "2002-05-14 17:16:35",
    "calendarYear": "2002",
    "period": "Q1",
    "revenue": 1078334000,
    "costOfRevenue": 329462000,
    "grossProfit": 748872000,
    "grossProfitRatio": 0.6944712863,
    "researchAndDevelopmentExpenses": 0,
    "generalAndAdministrativeExpenses": 281118000,
    "sellingAndMarketingExpenses": 19193000,
    "sellingGeneralAndAdministrativeExpenses": 300311000,
    "otherExpenses": 486969000,
    "operatingExpenses": 787280000,
    "costAndExpenses": 1116742000,
    "interestIncome": 0,
    "interestExpense": 0,
    "depreciationAndAmortization": 486969000,
    "ebitda": 423000000,
    "ebitdaratio": 0.3922717822,
    "operatingIncome": -38408000,
    "operatingIncomeRatio": -0.0356179069,
    "totalOtherIncomeExpensesNet": -71592000,
    "incomeBeforeTax": -8398000,
    "incomeBeforeTaxRatio": -0.0077879395,
    "incomeTaxExpense": 0,
    "netIncome": -174167000,
    "netIncomeRatio": -0.1615148924,
    "eps": -0.65,
    "epsdiluted": -0.65,
    "weightedAverageShsOut": 266191903,
    "weightedAverageShsOutDil": 266191918,
    "link": "https://www.sec.gov/Archives/edgar/data/1091667/000095012302005149/0000950123-02-005149-index.htm",
    "finalLink": "https://www.sec.gov/Archives/edgar/data/1091667/000095012302005149/y60724e10-q.txt"
  },
  {
    "date": "2001-12-31",
    "symbol": "CHTR",
    "reportedCurrency": "USD",
    "cik": "0001091667",
    "fillingDate": "2002-03-29",
    "acceptedDate": "2002-03-29 00:00:00",
    "calendarYear": "2001",
    "period": "Q4",
    "revenue": 1107016000,
    "costOfRevenue": 590180000,
    "grossProfit": 516836000,
    "grossProfitRatio": 0.4668731075,
    "researchAndDevelopmentExpenses": 0,
    "generalAndAdministrativeExpenses": 14714000,
    "sellingAndMarketingExpenses": 0,
    "sellingGeneralAndAdministrativeExpenses": 14714000,
    "otherExpenses": 835412000,
    "operatingExpenses": 850126000,
    "costAndExpenses": 1440306000,
    "interestIncome": 0,
    "interestExpense": 0,
    "depreciationAndAmortization": 817783000,
    "ebitda": 484493000,
    "ebitdaratio": 0.4376567276,
    "operatingIncome": -333290000,
    "operatingIncomeRatio": -0.3010706259,
    "totalOtherIncomeExpensesNet": -581866000,
    "incomeBeforeTax": 280699000,
    "incomeBeforeTaxRatio": 0.2535636341,
    "incomeTaxExpense": 0,
    "netIncome": -305686000,
    "netIncomeRatio": -0.2761351236,
    "eps": -1.15,
    "epsdiluted": -1.15,
    "weightedAverageShsOut": 266191918,
    "weightedAverageShsOutDil": 266191918,
    "link": "https://www.sec.gov/Archives/edgar/data/1091667/000095012302003204/0000950123-02-003204-index.htm",
    "finalLink": "https://www.sec.gov/Archives/edgar/data/1091667/000095012302003204/y58890e10-k405.htm"
  },
  {
    "date": "2001-09-30",
    "symbol": "CHTR",
    "reportedCurrency": "USD",
    "cik": "0001091667",
    "fillingDate": "2001-11-14",
    "acceptedDate": "2001-11-14 00:00:00",
    "calendarYear": "2001",
    "period": "Q3",
    "revenue": 1043844000,
    "costOfRevenue": 561288000,
    "grossProfit": 482556000,
    "grossProfitRatio": 0.4622874682,
    "researchAndDevelopmentExpenses": 0,
    "generalAndAdministrativeExpenses": -42069000,
    "sellingAndMarketingExpenses": 0,
    "sellingGeneralAndAdministrativeExpenses": -42069000,
    "otherExpenses": 775438000,
    "operatingExpenses": 733369000,
    "costAndExpenses": 1294657000,
    "interestIncome": 0,
    "interestExpense": 0,
    "depreciationAndAmortization": 775438000,
    "ebitda": 524625000,
    "ebitdaratio": 0.5025894674,
    "operatingIncome": -250813000,
    "operatingIncomeRatio": -0.2402782408,
    "totalOtherIncomeExpensesNet": -88917000,
    "incomeBeforeTax": -339730000,
    "incomeBeforeTaxRatio": -0.3254605094,
    "incomeTaxExpense": 0,
    "netIncome": -317427000,
    "netIncomeRatio": -0.30409429,
    "eps": -1.19,
    "epsdiluted": -1.19,
    "weightedAverageShsOut": 266061346,
    "weightedAverageShsOutDil": 266061346,
    "link": "https://www.sec.gov/Archives/edgar/data/1091667/000095012301508474/0000950123-01-508474-index.htm",
    "finalLink": "https://www.sec.gov/Archives/edgar/data/1091667/000095012301508474/y54841e10-q.htm"
  },
  {
    "date": "2001-06-30",
    "symbol": "CHTR",
    "reportedCurrency": "USD",
    "cik": "0001091667",
    "fillingDate": "2001-08-14",
    "acceptedDate": "2001-08-14 00:00:00",
    "calendarYear": "2001",
    "period": "Q2",
    "revenue": 928475000,
    "costOfRevenue": 486428000,
    "grossProfit": 442047000,
    "grossProfitRatio": 0.4761000565,
    "researchAndDevelopmentExpenses": 0,
    "generalAndAdministrativeExpenses": 18843000,
    "sellingAndMarketingExpenses": 0,
    "sellingGeneralAndAdministrativeExpenses": 18843000,
    "otherExpenses": 720952000,
    "operatingExpenses": 739795000,
    "costAndExpenses": 1226223000,
    "interestIncome": 0,
    "interestExpense": 0,
    "depreciationAndAmortization": 720952000,
    "ebitda": 423204000,
    "ebitdaratio": 0.4558054875,
    "operatingIncome": -297748000,
    "operatingIncomeRatio": -0.3206849942,
    "totalOtherIncomeExpensesNet": -23991000,
    "incomeBeforeTax": -321739000,
    "incomeBeforeTaxRatio": -0.346524139,
    "incomeTaxExpense": 0,
    "netIncome": -273865000,
    "netIncomeRatio": -0.2949621691,
    "eps": -1.19,
    "epsdiluted": -1.19,
    "weightedAverageShsOut": 230595904,
    "weightedAverageShsOutDil": 230595904,
    "link": "https://www.sec.gov/Archives/edgar/data/1091667/000095013401505238/0000950134-01-505238-index.htm",
    "finalLink": "https://www.sec.gov/Archives/edgar/data/1091667/000095013401505238/c64451e10-q.txt"
  },
  {
    "date": "2001-03-31",
    "symbol": "CHTR",
    "reportedCurrency": "USD",
    "cik": "0001091667",
    "fillingDate": "2001-05-15",
    "acceptedDate": "2001-05-15 00:00:00",
    "calendarYear": "2001",
    "period": "Q1",
    "revenue": 873797000,
    "costOfRevenue": 472147000,
    "grossProfit": 401650000,
    "grossProfitRatio": 0.459660539,
    "researchAndDevelopmentExpenses": 0,
    "generalAndAdministrativeExpenses": 19759000,
    "sellingAndMarketingExpenses": 0,
    "sellingGeneralAndAdministrativeExpenses": 19759000,
    "otherExpenses": 695895000,
    "operatingExpenses": 715654000,
    "costAndExpenses": 1187801000,
    "interestIncome": 0,
    "interestExpense": 0,
    "depreciationAndAmortization": 695895000,
    "ebitda": 381891000,
    "ebitdaratio": 0.4370477353,
    "operatingIncome": -314004000,
    "operatingIncomeRatio": -0.3593557771,
    "totalOtherIncomeExpensesNet": 33305000,
    "incomeBeforeTax": -280699000,
    "incomeBeforeTaxRatio": -0.321240517,
    "incomeTaxExpense": 0,
    "netIncome": -280699000,
    "netIncomeRatio": -0.321240517,
    "eps": -1.33,
    "epsdiluted": -1.33,
    "weightedAverageShsOut": 211381773,
    "weightedAverageShsOutDil": 211381773,
    "link": "https://www.sec.gov/Archives/edgar/data/1091667/000095012301502477/0000950123-01-502477-index.htm",
    "finalLink": "https://www.sec.gov/Archives/edgar/data/1091667/000095012301502477/y49330e10-q.txt"
  },
  {
    "date": "2000-12-31",
    "symbol": "CHTR",
    "reportedCurrency": "USD",
    "cik": "0001091667",
    "fillingDate": "2001-03-06",
    "acceptedDate": "2001-03-06 00:00:00",
    "calendarYear": "2000",
    "period": "Q4",
    "revenue": 893877000,
    "costOfRevenue": 0,
    "grossProfit": 893877000,
    "grossProfitRatio": 1,
    "researchAndDevelopmentExpenses": 0,
    "generalAndAdministrativeExpenses": -285562000,
    "sellingAndMarketingExpenses": 0,
    "sellingGeneralAndAdministrativeExpenses": -285562000,
    "otherExpenses": 695189000,
    "operatingExpenses": 409627000,
    "costAndExpenses": 1204224000,
    "interestIncome": 0,
    "interestExpense": 0,
    "depreciationAndAmortization": 695189000,
    "ebitda": 425633000,
    "ebitdaratio": 0.4761650652,
    "operatingIncome": -310347000,
    "operatingIncomeRatio": -0.3471920633,
    "totalOtherIncomeExpensesNet": 310347000,
    "incomeBeforeTax": -294551000,
    "incomeBeforeTaxRatio": -0.3295207282,
    "incomeTaxExpense": 0,
    "netIncome": -241097000,
    "netIncomeRatio": -0.2697205544,
    "eps": -1.14,
    "epsdiluted": -1.14,
    "weightedAverageShsOut": 211381773,
    "weightedAverageShsOutDil": 211381773,
    "link": "https://www.sec.gov/Archives/edgar/data/1091667/000095012301002038/0000950123-01-002038-index.htm",
    "finalLink": "https://www.sec.gov/Archives/edgar/data/1091667/000095012301002038/y44579tke10-k.txt"
  },
  {
    "date": "2000-09-30",
    "symbol": "CHTR",
    "reportedCurrency": "USD",
    "cik": "0001091667",
    "fillingDate": "2000-11-14",
    "acceptedDate": "2000-11-14 00:00:00",
    "calendarYear": "2000",
    "period": "Q3",
    "revenue": 838961000,
    "costOfRevenue": 0,
    "grossProfit": 838961000,
    "grossProfitRatio": 1,
    "researchAndDevelopmentExpenses": 0,
    "generalAndAdministrativeExpenses": 434137000,
    "sellingAndMarketingExpenses": 0,
    "sellingGeneralAndAdministrativeExpenses": 434137000,
    "otherExpenses": 628106000,
    "operatingExpenses": 1062243000,
    "costAndExpenses": 1062243000,
    "interestIncome": 624000,
    "interestExpense": 283300000,
    "depreciationAndAmortization": 628106000,
    "ebitda": 387942000,
    "ebitdaratio": 0.4624076685,
    "operatingIncome": -223282000,
    "operatingIncomeRatio": -0.266141096,
    "totalOtherIncomeExpensesNet": -300182000,
    "incomeBeforeTax": -523464000,
    "incomeBeforeTaxRatio": -0.6239431869,
    "incomeTaxExpense": 0,
    "netIncome": -210018000,
    "netIncomeRatio": -0.2503310643,
    "eps": -1.03,
    "epsdiluted": -1.03,
    "weightedAverageShsOut": 203413614,
    "weightedAverageShsOutDil": 203413614,
    "link": "https://www.sec.gov/Archives/edgar/data/1091667/000095012400006897/0000950124-00-006897-index.htm",
    "finalLink": "https://www.sec.gov/Archives/edgar/data/1091667/000095012400006897/c58299e10-q.txt"
  },
  {
    "date": "2000-06-30",
    "symbol": "CHTR",
    "reportedCurrency": "USD",
    "cik": "0001091667",
    "fillingDate": "2000-08-14",
    "acceptedDate": "2000-08-14 00:00:00",
    "calendarYear": "2000",
    "period": "Q2",
    "revenue": 794780000,
    "costOfRevenue": 0,
    "grossProfit": 794780000,
    "grossProfitRatio": 1,
    "researchAndDevelopmentExpenses": 0,
    "generalAndAdministrativeExpenses": 417133000,
    "sellingAndMarketingExpenses": 0,
    "sellingGeneralAndAdministrativeExpenses": 417133000,
    "otherExpenses": 603687000,
    "operatingExpenses": 1020820000,
    "costAndExpenses": 1020820000,
    "interestIncome": 675000,
    "interestExpense": 251128000,
    "depreciationAndAmortization": 603687000,
    "ebitda": 360679000,
    "ebitdaratio": 0.4538098593,
    "operatingIncome": -226040000,
    "operatingIncomeRatio": -0.2844057475,
    "totalOtherIncomeExpensesNet": -268096000,
    "incomeBeforeTax": -494136000,
    "incomeBeforeTaxRatio": -0.6217267672,
    "incomeTaxExpense": 0,
    "netIncome": -196821000,
    "netIncomeRatio": -0.2476421148,
    "eps": -0.98,
    "epsdiluted": -0.98,
    "weightedAverageShsOut": 200813548,
    "weightedAverageShsOutDil": 200813548,
    "link": "https://www.sec.gov/Archives/edgar/data/1091667/000095012400005063/0000950124-00-005063-index.htm",
    "finalLink": "https://www.sec.gov/Archives/edgar/data/1091667/000095012400005063/e10-q.txt"
  },
  {
    "date": "2000-03-31",
    "symbol": "CHTR",
    "reportedCurrency": "USD",
    "cik": "0001091667",
    "fillingDate": "2000-05-15",
    "acceptedDate": "2000-05-15 00:00:00",
    "calendarYear": "2000",
    "period": "Q1",
    "revenue": 721604000,
    "costOfRevenue": 0,
    "grossProfit": 721604000,
    "grossProfitRatio": 1,
    "researchAndDevelopmentExpenses": 0,
    "generalAndAdministrativeExpenses": 387269000,
    "sellingAndMarketingExpenses": 0,
    "sellingGeneralAndAdministrativeExpenses": 387269000,
    "otherExpenses": 546100000,
    "operatingExpenses": 933369000,
    "costAndExpenses": 933369000,
    "interestIncome": 5435000,
    "interestExpense": 230914000,
    "depreciationAndAmortization": 546100000,
    "ebitda": 327394000,
    "ebitdaratio": 0.4537031391,
    "operatingIncome": -211765000,
    "operatingIncomeRatio": -0.2934642823,
    "totalOtherIncomeExpensesNet": -237855000,
    "incomeBeforeTax": -449620000,
    "incomeBeforeTaxRatio": -0.6230841292,
    "incomeTaxExpense": 0,
    "netIncome": -180714000,
    "netIncomeRatio": -0.2504337559,
    "eps": -0.9,
    "epsdiluted": -0.9,
    "weightedAverageShsOut": 200657426,
    "weightedAverageShsOutDil": 200657426,
    "link": "https://www.sec.gov/Archives/edgar/data/1091667/000095012400003246/0000950124-00-003246-index.html",
    "finalLink": "https://www.sec.gov/Archives/edgar/data/1091667/000095012400003246/"
  },
  {
    "date": "1999-12-31",
    "symbol": "CHTR",
    "reportedCurrency": "USD",
    "cik": "0001091667",
    "fillingDate": "2000-03-30",
    "acceptedDate": "2000-03-30 00:00:00",
    "calendarYear": "1999",
    "period": "Q4",
    "revenue": 583062000,
    "costOfRevenue": 0,
    "grossProfit": 583062000,
    "grossProfitRatio": 1,
    "researchAndDevelopmentExpenses": 0,
    "generalAndAdministrativeExpenses": 322591000,
    "sellingAndMarketingExpenses": 0,
    "sellingGeneralAndAdministrativeExpenses": 322591000,
    "otherExpenses": 303924000,
    "operatingExpenses": 626515000,
    "costAndExpenses": 626515000,
    "interestIncome": 16141000,
    "interestExpense": 189049000,
    "depreciationAndAmortization": 303924000,
    "ebitda": 243425000,
    "ebitdaratio": 0.4174941944,
    "operatingIncome": -43453000,
    "operatingIncomeRatio": -0.0745255222,
    "totalOtherIncomeExpensesNet": -206095000,
    "incomeBeforeTax": -249548000,
    "incomeBeforeTaxRatio": -0.4279956505,
    "incomeTaxExpense": 0,
    "netIncome": -66132000,
    "netIncomeRatio": -0.1134219002,
    "eps": -0.33,
    "epsdiluted": -0.33,
    "weightedAverageShsOut": 200506350,
    "weightedAverageShsOutDil": 200657426,
    "link": "https://www.sec.gov/Archives/edgar/data/1091667/000095012400001846/0000950124-00-001846-index.html",
    "finalLink": "https://www.sec.gov/Archives/edgar/data/1091667/000095012400001846/"
  },
  {
    "date": "1999-09-30",
    "symbol": "CHTR",
    "reportedCurrency": "USD",
    "cik": "0001091667",
    "fillingDate": "1999-12-22",
    "acceptedDate": "1999-12-22 00:00:00",
    "calendarYear": "1999",
    "period": "Q3",
    "revenue": 376189000,
    "costOfRevenue": 0,
    "grossProfit": 376189000,
    "grossProfitRatio": 1,
    "researchAndDevelopmentExpenses": 0,
    "generalAndAdministrativeExpenses": 215810000,
    "sellingAndMarketingExpenses": 0,
    "sellingGeneralAndAdministrativeExpenses": 215810000,
    "otherExpenses": 191439000,
    "operatingExpenses": 407249000,
    "costAndExpenses": 407249000,
    "interestIncome": 8241000,
    "interestExpense": 131081000,
    "depreciationAndAmortization": 191439000,
    "ebitda": 158367000,
    "ebitdaratio": 0.4209772216,
    "operatingIncome": -31060000,
    "operatingIncomeRatio": -0.082564881,
    "totalOtherIncomeExpensesNet": -133093000,
    "incomeBeforeTax": -164153000,
    "incomeBeforeTaxRatio": -0.4363577882,
    "incomeTaxExpense": 0,
    "netIncome": -35000,
    "netIncomeRatio": -0.0000930383,
    "eps": -0.0002,
    "epsdiluted": -0.0002,
    "weightedAverageShsOut": 200506350,
    "weightedAverageShsOutDil": 200506350,
    "link": "https://www.sec.gov/Archives/edgar/data/1091667/000095012499006587/0000950124-99-006587-index.html",
    "finalLink": "https://www.sec.gov/Archives/edgar/data/1091667/000095012499006587/"
  },
  {
    "date": "1999-06-30",
    "symbol": "CHTR",
    "reportedCurrency": "USD",
    "cik": "0001091667",
    "fillingDate": "1999-06-30",
    "acceptedDate": "1999-06-29 20:00:00",
    "calendarYear": "1999",
    "period": "Q2",
    "revenue": 308037000,
    "costOfRevenue": 0,
    "grossProfit": 308037000,
    "grossProfitRatio": 1,
    "researchAndDevelopmentExpenses": 0,
    "generalAndAdministrativeExpenses": 179793000,
    "sellingAndMarketingExpenses": 0,
    "sellingGeneralAndAdministrativeExpenses": 179793000,
    "otherExpenses": 159874000,
    "operatingExpenses": 339667000,
    "costAndExpenses": 339667000,
    "interestIncome": 8421000,
    "interestExpense": 112243000,
    "depreciationAndAmortization": 159874000,
    "ebitda": 131187000,
    "ebitdaratio": 0.4258806572,
    "operatingIncome": -31630000,
    "operatingIncomeRatio": -0.10268247,
    "totalOtherIncomeExpensesNet": -109300000,
    "incomeBeforeTax": -140930000,
    "incomeBeforeTaxRatio": -0.4575099745,
    "incomeTaxExpense": 0,
    "netIncome": -57000,
    "netIncomeRatio": -0.0001850427,
    "eps": -0.0003,
    "epsdiluted": -0.0003,
    "weightedAverageShsOut": 200506350,
    "weightedAverageShsOutDil": 200506350,
    "link": "",
    "finalLink": ""
  },
  {
    "date": "1999-03-31",
    "symbol": "CHTR",
    "reportedCurrency": "USD",
    "cik": "0001091667",
    "fillingDate": "1999-03-31",
    "acceptedDate": "1999-03-30 19:00:00",
    "calendarYear": "1999",
    "period": "Q1",
    "revenue": 160956000,
    "costOfRevenue": 0,
    "grossProfit": 160956000,
    "grossProfitRatio": 1,
    "researchAndDevelopmentExpenses": 0,
    "generalAndAdministrativeExpenses": 99742000,
    "sellingAndMarketingExpenses": 0,
    "sellingGeneralAndAdministrativeExpenses": 99742000,
    "otherExpenses": 90078000,
    "operatingExpenses": 189820000,
    "costAndExpenses": 189820000,
    "interestIncome": 1664000,
    "interestExpense": 45426000,
    "depreciationAndAmortization": 90078000,
    "ebitda": 52329000,
    "ebitdaratio": 0.3251136957,
    "operatingIncome": -28864000,
    "operatingIncomeRatio": -0.1793285121,
    "totalOtherIncomeExpensesNet": -54311000,
    "incomeBeforeTax": -83175000,
    "incomeBeforeTaxRatio": -0.5167561321,
    "incomeTaxExpense": 0,
    "netIncome": -33000,
    "netIncomeRatio": -0.000205025,
    "eps": -0.0002,
    "epsdiluted": -0.0002,
    "weightedAverageShsOut": 200506350,
    "weightedAverageShsOutDil": 200506350,
    "link": "",
    "finalLink": ""
  }
]