[
  {
    "date": "2024-12-31",
    "symbol": "CHTR",
    "reportedCurrency": "USD",
    "cik": "0001091667",
    "fillingDate": "2025-01-31",
    "acceptedDate": "2025-01-31 07:02:28",
    "calendarYear": "2024",
    "period": "FY",
    "revenue": 55085000000,
    "costOfRevenue": 29760000000,
    "grossProfit": 25325000000,
    "grossProfitRatio": 0.459744032,
    "researchAndDevelopmentExpenses": 0,
    "generalAndAdministrativeExpenses": 0,
    "sellingAndMarketingExpenses": 0,
    "sellingGeneralAndAdministrativeExpenses": 12080000000,
    "otherExpenses": 0,
    "operatingExpenses": 12080000000,
    "costAndExpenses": 41840000000,
    "interestIncome": 0,
    "interestExpense": 5229000000,
    "depreciationAndAmortization": 8673000000,
    "ebitda": 21404000000,
    "ebitdaratio": 0.3885631297,
    "operatingIncome": 13245000000,
    "operatingIncomeRatio": 0.2404465826,
    "totalOtherIncomeExpensesNet": -5743000000,
    "incomeBeforeTax": 7502000000,
    "incomeBeforeTaxRatio": 0.1361895253,
    "incomeTaxExpense": 1649000000,
    "netIncome": 5083000000,
    "netIncomeRatio": 0.0922755741,
    "eps": 35.53,
    "epsdiluted": 34.97,
    "weightedAverageShsOut": 143061000,
    "weightedAverageShsOutDil": 145364000,
    "link": "https://www.sec.gov/Archives/edgar/data/1091667/000109166725000034/0001091667-25-000034-index.htm",
    "finalLink": "https://www.sec.gov/Archives/edgar/data/1091667/000109166725000034/chtr-20241231.htm"
  },
  {
    "date": "2023-12-31",
    "symbol": "CHTR",
    "reportedCurrency": "USD",
    "cik": "0001091667",
    "fillingDate": "2024-02-02",
    "acceptedDate": "2024-02-02 07:03:03",
    "calendarYear": "2023",
    "period": "FY",
    "revenue": 54607000000,
    "costOfRevenue": 33336000000,
    "grossProfit": 21271000000,
    "grossProfitRatio": 0.389528815,
    "researchAndDevelopmentExpenses": 0,
    "generalAndAdministrativeExpenses": 0,
    "sellingAndMarketingExpenses": 0,
    "sellingGeneralAndAdministrativeExpenses": 8765000000,
    "otherExpenses": 0,
    "operatingExpenses": 8765000000,
    "costAndExpenses": 42101000000,
    "interestIncome": 0,
    "interestExpense": 5188000000,
    "depreciationAndAmortization": 8696000000,
    "ebitda": 20738000000,
    "ebitdaratio": 0.3797681616,
    "operatingIncome": 12506000000,
    "operatingIncomeRatio": 0.2290182577,
    "totalOtherIncomeExpensesNet": -5652000000,
    "incomeBeforeTax": 6854000000,
    "incomeBeforeTaxRatio": 0.1255150439,
    "incomeTaxExpense": 1593000000,
    "netIncome": 4557000000,
    "netIncomeRatio": 0.0834508396,
    "eps": 30.54,
    "epsdiluted": 29.99,
    "weightedAverageShsOut": 149208000,
    "weightedAverageShsOutDil": 151966000,
    "link": "https://www.sec.gov/Archives/edgar/data/1091667/000109166724000028/0001091667-24-000028-index.htm",
    "finalLink": "https://www.sec.gov/Archives/edgar/data/1091667/000109166724000028/chtr-20231231.htm"
  },
  {
    "date": "2022-12-31",
    "symbol": "CHTR",
    "reportedCurrency": "USD",
    "cik": "0001091667",
    "fillingDate": "2023-01-27",
    "acceptedDate": "2023-01-27 07:04:46",
    "calendarYear": "2022",
    "period": "FY",
    "revenue": 54022000000,
    "costOfRevenue": 30598000000,
    "grossProfit": 23424000000,
    "grossProfitRatio": 0.4336011255,
    "researchAndDevelopmentExpenses": 0,
    "generalAndAdministrativeExpenses": 0,
    "sellingAndMarketingExpenses": 0,
    "sellingGeneralAndAdministrativeExpenses": 11181000000,
    "otherExpenses": 0,
    "operatingExpenses": 11181000000,
    "costAndExpenses": 41779000000,
    "interestIncome": 0,
    "interestExpense": 4556000000,
    "depreciationAndAmortization": 8903000000,
    "ebitda": 20921000000,
    "ebitdaratio": 0.38726815,
    "operatingIncome": 12243000000,
    "operatingIncomeRatio": 0.2266298915,
    "totalOtherIncomeExpensesNet": -4781000000,
    "incomeBeforeTax": 7462000000,
    "incomeBeforeTaxRatio": 0.1381289104,
    "incomeTaxExpense": 1613000000,
    "netIncome": 5055000000,
    "netIncomeRatio": 0.0935729888,
    "eps": 31.3,
    "epsdiluted": 30.74,
    "weightedAverageShsOut": 161501000,
    "weightedAverageShsOutDil": 164434000,
    "link": "https://www.sec.gov/Archives/edgar/data/1091667/000109166723000024/0001091667-23-000024-index.htm",
    "finalLink": "https://www.sec.gov/Archives/edgar/data/1091667/000109166723000024/chtr-20221231.htm"
  },
  {
    "date": "2021-12-31",
    "symbol": "CHTR",
    "reportedCurrency": "USD",
    "cik": "0001091667",
    "fillingDate": "2022-01-28",
    "acceptedDate": "2022-01-28 07:05:57",
    "calendarYear": "2021",
    "period": "FY",
    "revenue": 51682000000,
    "costOfRevenue": 31076000000,
    "grossProfit": 20606000000,
    "grossProfitRatio": 0.3987074804,
    "researchAndDevelopmentExpenses": 0,
    "generalAndAdministrativeExpenses": 0,
    "sellingAndMarketingExpenses": 0,
    "sellingGeneralAndAdministrativeExpenses": 9751000000,
    "otherExpenses": 0,
    "operatingExpenses": 9751000000,
    "costAndExpenses": 40827000000,
    "interestIncome": 0,
    "interestExpense": 4037000000,
    "depreciationAndAmortization": 9345000000,
    "ebitda": 19770000000,
    "ebitdaratio": 0.3825316358,
    "operatingIncome": 10855000000,
    "operatingIncomeRatio": 0.2100344414,
    "totalOtherIncomeExpensesNet": -4467000000,
    "incomeBeforeTax": 6388000000,
    "incomeBeforeTaxRatio": 0.1236020278,
    "incomeTaxExpense": 1068000000,
    "netIncome": 4654000000,
    "netIncomeRatio": 0.0900506946,
    "eps": 25.34,
    "epsdiluted": 24.47,
    "weightedAverageShsOut": 183669000,
    "weightedAverageShsOutDil": 193043000,
    "link": "https://www.sec.gov/Archives/edgar/data/1091667/000109166722000024/0001091667-22-000024-index.htm",
    "finalLink": "https://www.sec.gov/Archives/edgar/data/1091667/000109166722000024/chtr-20211231.htm"
  },
  {
    "date": "2020-12-31",
    "symbol": "CHTR",
    "reportedCurrency": "USD",
    "cik": "0001091667",
    "fillingDate": "2021-01-29",
    "acceptedDate": "2021-01-29 07:06:30",
    "calendarYear": "2020",
    "period": "FY",
    "revenue": 48097000000,
    "costOfRevenue": 30760000000,
    "grossProfit": 17337000000,
    "grossProfitRatio": 0.3604590723,
    "researchAndDevelopmentExpenses": 0,
    "generalAndAdministrativeExpenses": 0,
    "sellingAndMarketingExpenses": 0,
    "sellingGeneralAndAdministrativeExpenses": 8874000000,
    "otherExpenses": 0,
    "operatingExpenses": 8874000000,
    "costAndExpenses": 39634000000,
    "interestIncome": 0,
    "interestExpense": 3848000000,
    "depreciationAndAmortization": 9704000000,
    "ebitda": 17854000000,
    "ebitdaratio": 0.3712081835,
    "operatingIncome": 8463000000,
    "operatingIncomeRatio": 0.1759569204,
    "totalOtherIncomeExpensesNet": -4161000000,
    "incomeBeforeTax": 4302000000,
    "incomeBeforeTaxRatio": 0.0894442481,
    "incomeTaxExpense": 626000000,
    "netIncome": 3222000000,
    "netIncomeRatio": 0.0669896251,
    "eps": 15.85,
    "epsdiluted": 15.4,
    "weightedAverageShsOut": 203316000,
    "weightedAverageShsOutDil": 209273000,
    "link": "https://www.sec.gov/Archives/edgar/data/1091667/000109166721000022/0001091667-21-000022-index.htm",
    "finalLink": "https://www.sec.gov/Archives/edgar/data/1091667/000109166721000022/chtr-20201231.htm"
  },
  {
    "date": "2019-12-31",
    "symbol": "CHTR",
    "reportedCurrency": "USD",
    "cik": "0001091667",
    "fillingDate": "2020-01-31",
    "acceptedDate": "2020-01-31 07:08:17",
    "calendarYear": "2019",
    "period": "FY",
    "revenue": 45764000000,
    "costOfRevenue": 30859000000,
    "grossProfit": 14905000000,
    "grossProfitRatio": 0.3256926842,
    "researchAndDevelopmentExpenses": 0,
    "generalAndAdministrativeExpenses": 0,
    "sellingAndMarketingExpenses": 0,
    "sellingGeneralAndAdministrativeExpenses": 8291000000,
    "otherExpenses": 0,
    "operatingExpenses": 8291000000,
    "costAndExpenses": 39150000000,
    "interestIncome": 0,
    "interestExpense": 3797000000,
    "depreciationAndAmortization": 9926000000,
    "ebitda": 16154000000,
    "ebitdaratio": 0.3529848789,
    "operatingIncome": 6614000000,
    "operatingIncomeRatio": 0.1445240801,
    "totalOtherIncomeExpensesNet": -4183000000,
    "incomeBeforeTax": 2431000000,
    "incomeBeforeTaxRatio": 0.0531203566,
    "incomeTaxExpense": 439000000,
    "netIncome": 1668000000,
    "netIncomeRatio": 0.0364478629,
    "eps": 7.6,
    "epsdiluted": 7.45,
    "weightedAverageShsOut": 219507000,
    "weightedAverageShsOutDil": 223786000,
    "link": "https://www.sec.gov/Archives/edgar/data/1091667/000109166720000024/0001091667-20-000024-index.htm",
    "finalLink": "https://www.sec.gov/Archives/edgar/data/1091667/000109166720000024/chtr12312019-10k.htm"
  },
  {
    "date": "2018-12-31",
    "symbol": "CHTR",
    "reportedCurrency": "USD",
    "cik": "0001091667",
    "fillingDate": "2019-01-31",
    "acceptedDate": "2019-01-31 07:13:55",
    "calendarYear": "2018",
    "period": "FY",
    "revenue": 43634000000,
    "costOfRevenue": 30979000000,
    "grossProfit": 12655000000,
    "grossProfitRatio": 0.2900261264,
    "researchAndDevelopmentExpenses": 0,
    "generalAndAdministrativeExpenses": 0,
    "sellingAndMarketingExpenses": 0,
    "sellingGeneralAndAdministrativeExpenses": 7199000000,
    "otherExpenses": 0,
    "operatingExpenses": 7199000000,
    "costAndExpenses": 38178000000,
    "interestIncome": 0,
    "interestExpense": 3540000000,
    "depreciationAndAmortization": 10318000000,
    "ebitda": 15544000000,
    "ebitdaratio": 0.3562359628,
    "operatingIncome": 5456000000,
    "operatingIncomeRatio": 0.1250401063,
    "totalOtherIncomeExpensesNet": -3770000000,
    "incomeBeforeTax": 1686000000,
    "incomeBeforeTaxRatio": 0.038639593,
    "incomeTaxExpense": 180000000,
    "netIncome": 1230000000,
    "netIncomeRatio": 0.0281890269,
    "eps": 5.29,
    "epsdiluted": 5.22,
    "weightedAverageShsOut": 232356665,
    "weightedAverageShsOutDil": 235525226,
    "link": "https://www.sec.gov/Archives/edgar/data/1091667/000109166719000029/0001091667-19-000029-index.htm",
    "finalLink": "https://www.sec.gov/Archives/edgar/data/1091667/000109166719000029/chtr12312018-10k.htm"
  },
  {
    "date": "2017-12-31",
    "symbol": "CHTR",
    "reportedCurrency": "USD",
    "cik": "0001091667",
    "fillingDate": "2018-02-02",
    "acceptedDate": "2018-02-02 08:07:24",
    "calendarYear": "2017",
    "period": "FY",
    "revenue": 41581000000,
    "costOfRevenue": 31028000000,
    "grossProfit": 10553000000,
    "grossProfitRatio": 0.2537938001,
    "researchAndDevelopmentExpenses": 0,
    "generalAndAdministrativeExpenses": 0,
    "sellingAndMarketingExpenses": 0,
    "sellingGeneralAndAdministrativeExpenses": 6101000000,
    "otherExpenses": 0,
    "operatingExpenses": 6101000000,
    "costAndExpenses": 37129000000,
    "interestIncome": 0,
    "interestExpense": 3090000000,
    "depreciationAndAmortization": 10588000000,
    "ebitda": 14706000000,
    "ebitdaratio": 0.3536711479,
    "operatingIncome": 4452000000,
    "operatingIncomeRatio": 0.1070681321,
    "totalOtherIncomeExpensesNet": -3424000000,
    "incomeBeforeTax": 1028000000,
    "incomeBeforeTaxRatio": 0.0247228301,
    "incomeTaxExpense": -9087000000,
    "netIncome": 9895000000,
    "netIncomeRatio": 0.2379692648,
    "eps": 38.55,
    "epsdiluted": 34.09,
    "weightedAverageShsOut": 256720715,
    "weightedAverageShsOutDil": 296703956,
    "link": "https://www.sec.gov/Archives/edgar/data/1091667/000109166718000025/0001091667-18-000025-index.htm",
    "finalLink": "https://www.sec.gov/Archives/edgar/data/1091667/000109166718000025/chtr12312017-10k.htm"
  },
  {
    "date": "2016-12-31",
    "symbol": "CHTR",
    "reportedCurrency": "USD",
    "cik": "0001091667",
    "fillingDate": "2017-02-16",
    "acceptedDate": "2017-02-16 07:10:06",
    "calendarYear": "2016",
    "period": "FY",
    "revenue": 29003000000,
    "costOfRevenue": 20581000000,
    "grossProfit": 8422000000,
    "grossProfitRatio": 0.2903837534,
    "researchAndDevelopmentExpenses": 0,
    "generalAndAdministrativeExpenses": 0,
    "sellingAndMarketingExpenses": 0,
    "sellingGeneralAndAdministrativeExpenses": 4981000000,
    "otherExpenses": 0,
    "operatingExpenses": 4981000000,
    "costAndExpenses": 25562000000,
    "interestIncome": 0,
    "interestExpense": 2499000000,
    "depreciationAndAmortization": 6907000000,
    "ebitda": 10226000000,
    "ebitdaratio": 0.3525842154,
    "operatingIncome": 3441000000,
    "operatingIncomeRatio": 0.118642899,
    "totalOtherIncomeExpensesNet": -2621000000,
    "incomeBeforeTax": 820000000,
    "incomeBeforeTaxRatio": 0.0282729373,
    "incomeTaxExpense": -2925000000,
    "netIncome": 3522000000,
    "netIncomeRatio": 0.1214357135,
    "eps": 17.05,
    "epsdiluted": 15.94,
    "weightedAverageShsOut": 206539100,
    "weightedAverageShsOutDil": 234791439,
    "link": "https://www.sec.gov/Archives/edgar/data/1091667/000109166717000030/0001091667-17-000030-index.htm",
    "finalLink": "https://www.sec.gov/Archives/edgar/data/1091667/000109166717000030/chtr123116-10k.htm"
  },
  {
    "date": "2015-12-31",
    "symbol": "CHTR",
    "reportedCurrency": "USD",
    "cik": "0001091667",
    "fillingDate": "2016-02-10",
    "acceptedDate": "2016-02-09 19:19:39",
    "calendarYear": "2015",
    "period": "FY",
    "revenue": 9754000000,
    "costOfRevenue": 6943000000,
    "grossProfit": 2811000000,
    "grossProfitRatio": 0.2881894607,
    "researchAndDevelopmentExpenses": 0,
    "generalAndAdministrativeExpenses": 0,
    "sellingAndMarketingExpenses": 0,
    "sellingGeneralAndAdministrativeExpenses": 1536000000,
    "otherExpenses": 0,
    "operatingExpenses": 1536000000,
    "costAndExpenses": 8479000000,
    "interestIncome": 0,
    "interestExpense": 1306000000,
    "depreciationAndAmortization": 2125000000,
    "ebitda": 3100000000,
    "ebitdaratio": 0.3178183309,
    "operatingIncome": 1275000000,
    "operatingIncomeRatio": 0.1307156039,
    "totalOtherIncomeExpensesNet": -1606000000,
    "incomeBeforeTax": -331000000,
    "incomeBeforeTaxRatio": -0.033934796,
    "incomeTaxExpense": -60000000,
    "netIncome": -271000000,
    "netIncomeRatio": -0.0277834734,
    "eps": -2.68,
    "epsdiluted": -2.68,
    "weightedAverageShsOut": 101119402,
    "weightedAverageShsOutDil": 101152646,
    "link": "https://www.sec.gov/Archives/edgar/data/1091667/000109166716000396/0001091667-16-000396-index.htm",
    "finalLink": "https://www.sec.gov/Archives/edgar/data/1091667/000109166716000396/chtr123115-10k.htm"
  },
  {
    "date": "2014-12-31",
    "symbol": "CHTR",
    "reportedCurrency": "USD",
    "cik": "0001091667",
    "fillingDate": "2015-02-24",
    "acceptedDate": "2015-02-23 19:13:45",
    "calendarYear": "2014",
    "period": "FY",
    "revenue": 9108000000,
    "costOfRevenue": 6664000000,
    "grossProfit": 2444000000,
    "grossProfitRatio": 0.2683355292,
    "researchAndDevelopmentExpenses": 0,
    "generalAndAdministrativeExpenses": 0,
    "sellingAndMarketingExpenses": 0,
    "sellingGeneralAndAdministrativeExpenses": 1411000000,
    "otherExpenses": 0,
    "operatingExpenses": 1411000000,
    "costAndExpenses": 8075000000,
    "interestIncome": 0,
    "interestExpense": 911000000,
    "depreciationAndAmortization": 2102000000,
    "ebitda": 3066000000,
    "ebitdaratio": 0.336627141,
    "operatingIncome": 1033000000,
    "operatingIncomeRatio": 0.1134167765,
    "totalOtherIncomeExpensesNet": -980000000,
    "incomeBeforeTax": 53000000,
    "incomeBeforeTaxRatio": 0.0058190602,
    "incomeTaxExpense": 236000000,
    "netIncome": -183000000,
    "netIncomeRatio": -0.0200922266,
    "eps": -1.88,
    "epsdiluted": -1.87,
    "weightedAverageShsOut": 97340477,
    "weightedAverageShsOutDil": 97991915,
    "link": "https://www.sec.gov/Archives/edgar/data/1091667/000109166715000049/0001091667-15-000049-index.htm",
    "finalLink": "https://www.sec.gov/Archives/edgar/data/1091667/000109166715000049/chtr123114-10k.htm"
  },
  {
    "date": "2013-12-31",
    "symbol": "CHTR",
    "reportedCurrency": "USD",
    "cik": "0001091667",
    "fillingDate": "2014-02-21",
    "acceptedDate": "2014-02-21 08:04:50",
    "calendarYear": "2013",
    "period": "FY",
    "revenue": 8155000000,
    "costOfRevenue": 5913000000,
    "grossProfit": 2242000000,
    "grossProfitRatio": 0.2749233599,
    "researchAndDevelopmentExpenses": 0,
    "generalAndAdministrativeExpenses": 0,
    "sellingAndMarketingExpenses": 0,
    "sellingGeneralAndAdministrativeExpenses": 1286000000,
    "otherExpenses": 0,
    "operatingExpenses": 1286000000,
    "costAndExpenses": 7199000000,
    "interestIncome": 0,
    "interestExpense": 846000000,
    "depreciationAndAmortization": 1854000000,
    "ebitda": 2641000000,
    "ebitdaratio": 0.3238503985,
    "operatingIncome": 956000000,
    "operatingIncomeRatio": 0.1172286941,
    "totalOtherIncomeExpensesNet": -1005000000,
    "incomeBeforeTax": -49000000,
    "incomeBeforeTaxRatio": -0.0060085837,
    "incomeTaxExpense": 120000000,
    "netIncome": -169000000,
    "netIncomeRatio": -0.0207234825,
    "eps": -1.83,
    "epsdiluted": -1.83,
    "weightedAverageShsOut": 92169292,
    "weightedAverageShsOutDil": 92169292,
    "link": "https://www.sec.gov/Archives/edgar/data/1091667/000109166714000080/0001091667-14-000080-index.htm",
    "finalLink": "https://www.sec.gov/Archives/edgar/data/1091667/000109166714000080/chtr123113-10k.htm"
  },
  {
    "date": "2012-12-31",
    "symbol": "CHTR",
    "reportedCurrency": "USD",
    "cik": "0001091667",
    "fillingDate": "2013-02-22",
    "acceptedDate": "2013-02-22 08:08:15",
    "calendarYear": "2012",
    "period": "FY",
    "revenue": 7504000000,
    "costOfRevenue": 5424000000,
    "grossProfit": 2080000000,
    "grossProfitRatio": 0.2771855011,
    "researchAndDevelopmentExpenses": 0,
    "generalAndAdministrativeExpenses": 0,
    "sellingAndMarketingExpenses": 0,
    "sellingGeneralAndAdministrativeExpenses": 1149000000,
    "otherExpenses": 0,
    "operatingExpenses": 1149000000,
    "costAndExpenses": 6573000000,
    "interestIncome": 0,
    "interestExpense": 907000000,
    "depreciationAndAmortization": 1713000000,
    "ebitda": 2537000000,
    "ebitdaratio": 0.3380863539,
    "operatingIncome": 931000000,
    "operatingIncomeRatio": 0.1240671642,
    "totalOtherIncomeExpensesNet": -978000000,
    "incomeBeforeTax": -47000000,
    "incomeBeforeTaxRatio": -0.0062633262,
    "incomeTaxExpense": 257000000,
    "netIncome": -304000000,
    "netIncomeRatio": -0.0405117271,
    "eps": -3.37,
    "epsdiluted": -3.37,
    "weightedAverageShsOut": 90110753,
    "weightedAverageShsOutDil": 90110753,
    "link": "https://www.sec.gov/Archives/edgar/data/1091667/000109166713000020/0001091667-13-000020-index.htm",
    "finalLink": "https://www.sec.gov/Archives/edgar/data/1091667/000109166713000020/chtr123112-10k.htm"
  },
  {
    "date": "2011-12-31",
    "symbol": "CHTR",
    "reportedCurrency": "USD",
    "cik": "0001091667",
    "fillingDate": "2012-02-27",
    "acceptedDate": "2012-02-27 08:14:46",
    "calendarYear": "2011",
    "period": "FY",
    "revenue": 7204000000,
    "costOfRevenue": 4730000000,
    "grossProfit": 2474000000,
    "grossProfitRatio": 0.343420322,
    "researchAndDevelopmentExpenses": 0,
    "generalAndAdministrativeExpenses": 0,
    "sellingAndMarketingExpenses": 0,
    "sellingGeneralAndAdministrativeExpenses": 1426000000,
    "otherExpenses": 0,
    "operatingExpenses": 1426000000,
    "costAndExpenses": 6156000000,
    "interestIncome": 0,
    "interestExpense": 963000000,
    "depreciationAndAmortization": 1592000000,
    "ebitda": 2446000000,
    "ebitdaratio": 0.3395335924,
    "operatingIncome": 1048000000,
    "operatingIncomeRatio": 0.1454747363,
    "totalOtherIncomeExpensesNet": -1118000000,
    "incomeBeforeTax": -70000000,
    "incomeBeforeTaxRatio": -0.009716824,
    "incomeTaxExpense": 299000000,
    "netIncome": -369000000,
    "netIncomeRatio": -0.0512215436,
    "eps": -3.75,
    "epsdiluted": -3.75,
    "weightedAverageShsOut": 98511282,
    "weightedAverageShsOutDil": 98511282,
    "link": "https://www.sec.gov/Archives/edgar/data/1091667/000109166712000026/0001091667-12-000026-index.htm",
    "finalLink": "https://www.sec.gov/Archives/edgar/data/1091667/000109166712000026/chtr12312011-10k.htm"
  },
  {
    "date": "2010-12-31",
    "symbol": "CHTR",
    "reportedCurrency": "USD",
    "cik": "0001091667",
    "fillingDate": "2011-03-01",
    "acceptedDate": "2011-03-01 08:30:41",
    "calendarYear": "2010",
    "period": "FY",
    "revenue": 7059000000,
    "costOfRevenue": 4588000000,
    "grossProfit": 2471000000,
    "grossProfitRatio": 0.3500495821,
    "researchAndDevelopmentExpenses": 0,
    "generalAndAdministrativeExpenses": 0,
    "sellingAndMarketingExpenses": 0,
    "sellingGeneralAndAdministrativeExpenses": 1422000000,
    "otherExpenses": 0,
    "operatingExpenses": 1422000000,
    "costAndExpenses": 6010000000,
    "interestIncome": 0,
    "interestExpense": 877000000,
    "depreciationAndAmortization": 1524000000,
    "ebitda": 2459000000,
    "ebitdaratio": 0.3483496246,
    "operatingIncome": 1049000000,
    "operatingIncomeRatio": 0.1486046182,
    "totalOtherIncomeExpensesNet": -991000000,
    "incomeBeforeTax": 58000000,
    "incomeBeforeTaxRatio": 0.0082164613,
    "incomeTaxExpense": 295000000,
    "netIncome": -237000000,
    "netIncomeRatio": -0.0335741606,
    "eps": -2.32,
    "epsdiluted": -2.32,
    "weightedAverageShsOut": 102299796,
    "weightedAverageShsOutDil": 102299796,
    "link": "https://www.sec.gov/Archives/edgar/data/1091667/000109166711000029/0001091667-11-000029-index.htm",
    "finalLink": "https://www.sec.gov/Archives/edgar/data/1091667/000109166711000029/body.htm"
  },
  {
    "date": "2009-12-31",
    "symbol": "CHTR",
    "reportedCurrency": "USD",
    "cik": "0001091667",
    "fillingDate": "2010-02-26",
    "acceptedDate": "2010-02-26 16:43:18",
    "calendarYear": "2009",
    "period": "FY",
    "revenue": 6755000000,
    "costOfRevenue": 4211000000,
    "grossProfit": 2544000000,
    "grossProfitRatio": 0.3766099186,
    "researchAndDevelopmentExpenses": 0,
    "generalAndAdministrativeExpenses": 0,
    "sellingAndMarketingExpenses": 0,
    "sellingGeneralAndAdministrativeExpenses": 1394000000,
    "otherExpenses": 0,
    "operatingExpenses": 1394000000,
    "costAndExpenses": 5605000000,
    "interestIncome": 0,
    "interestExpense": -68000000,
    "depreciationAndAmortization": 1316000000,
    "ebitda": 12162000000,
    "ebitdaratio": 1.8004441155,
    "operatingIncome": 1150000000,
    "operatingIncomeRatio": 0.1702442635,
    "totalOtherIncomeExpensesNet": 8608000000,
    "incomeBeforeTax": 9758000000,
    "incomeBeforeTaxRatio": 1.4445595855,
    "incomeTaxExpense": -8000000,
    "netIncome": 11366000000,
    "netIncomeRatio": 1.6826054774,
    "eps": 110.35,
    "epsdiluted": 110.35,
    "weightedAverageShsOut": 103000000,
    "weightedAverageShsOutDil": 103000000,
    "link": "https://www.sec.gov/Archives/edgar/data/1091667/000109166710000019/0001091667-10-000019-index.htm",
    "finalLink": "https://www.sec.gov/Archives/edgar/data/1091667/000109166710000019/body.htm"
  },
  {
    "date": "2008-12-31",
    "symbol": "CHTR",
    "reportedCurrency": "USD",
    "cik": "0001091667",
    "fillingDate": "2009-03-16",
    "acceptedDate": "2009-03-16 14:54:25",
    "calendarYear": "2008",
    "period": "FY",
    "revenue": 6479000000,
    "costOfRevenue": 4102000000,
    "grossProfit": 2377000000,
    "grossProfitRatio": 0.3668776046,
    "researchAndDevelopmentExpenses": 0,
    "generalAndAdministrativeExpenses": 0,
    "sellingAndMarketingExpenses": 0,
    "sellingGeneralAndAdministrativeExpenses": 1401000000,
    "otherExpenses": 0,
    "operatingExpenses": 1401000000,
    "costAndExpenses": 5503000000,
    "interestIncome": 0,
    "interestExpense": 1903000000,
    "depreciationAndAmortization": 1310000000,
    "ebitda": 663000000,
    "ebitdaratio": 0.1023306066,
    "operatingIncome": 976000000,
    "operatingIncomeRatio": 0.1506405309,
    "totalOtherIncomeExpensesNet": -3526000000,
    "incomeBeforeTax": -2554000000,
    "incomeBeforeTaxRatio": -0.3941966353,
    "incomeTaxExpense": -103000000,
    "netIncome": -2451000000,
    "netIncomeRatio": -0.3782991202,
    "eps": -7.26,
    "epsdiluted": -7.26,
    "weightedAverageShsOut": 337686980,
    "weightedAverageShsOutDil": 337686980,
    "link": "https://www.sec.gov/Archives/edgar/data/1091667/000109166709000038/0001091667-09-000038-index.htm",
    "finalLink": "https://www.sec.gov/Archives/edgar/data/1091667/000109166709000038/body.htm"
  },
  {
    "date": "2007-12-31",
    "symbol": "CHTR",
    "reportedCurrency": "USD",
    "cik": "0001091667",
    "fillingDate": "2008-02-27",
    "acceptedDate": "2008-02-27 08:31:25",
    "calendarYear": "2007",
    "period": "FY",
    "revenue": 6002000000,
    "costOfRevenue": 3948000000,
    "grossProfit": 2054000000,
    "grossProfitRatio": 0.3422192602,
    "researchAndDevelopmentExpenses": 0,
    "generalAndAdministrativeExpenses": 0,
    "sellingAndMarketingExpenses": 0,
    "sellingGeneralAndAdministrativeExpenses": 1289000000,
    "otherExpenses": 0,
    "operatingExpenses": 1289000000,
    "costAndExpenses": 5237000000,
    "interestIncome": -10000000,
    "interestExpense": 1851000000,
    "depreciationAndAmortization": 1328000000,
    "ebitda": 1779000000,
    "ebitdaratio": 0.2964011996,
    "operatingIncome": 765000000,
    "operatingIncomeRatio": 0.1274575142,
    "totalOtherIncomeExpensesNet": -2165000000,
    "incomeBeforeTax": -1407000000,
    "incomeBeforeTaxRatio": -0.2344218594,
    "incomeTaxExpense": 209000000,
    "netIncome": -1616000000,
    "netIncomeRatio": -0.2692435855,
    "eps": -4.85,
    "epsdiluted": -4.85,
    "weightedAverageShsOut": 332963157,
    "weightedAverageShsOutDil": 332963157,
    "link": "https://www.sec.gov/Archives/edgar/data/1091667/000109166708000004/0001091667-08-000004-index.htm",
    "finalLink": "https://www.sec.gov/Archives/edgar/data/1091667/000109166708000004/body.htm"
  },
  {
    "date": "2006-12-31",
    "symbol": "CHTR",
    "reportedCurrency": "USD",
    "cik": "0001091667",
    "fillingDate": "2007-02-28",
    "acceptedDate": "2007-02-28 08:15:57",
    "calendarYear": "2006",
    "period": "FY",
    "revenue": 5504000000,
    "costOfRevenue": 3792000000,
    "grossProfit": 1712000000,
    "grossProfitRatio": 0.3110465116,
    "researchAndDevelopmentExpenses": 0,
    "generalAndAdministrativeExpenses": 0,
    "sellingAndMarketingExpenses": 0,
    "sellingGeneralAndAdministrativeExpenses": 1165000000,
    "otherExpenses": 0,
    "operatingExpenses": 1165000000,
    "costAndExpenses": 4957000000,
    "interestIncome": 0,
    "interestExpense": 0,
    "depreciationAndAmortization": 1362000000,
    "ebitda": 1854000000,
    "ebitdaratio": 0.3368459302,
    "operatingIncome": 547000000,
    "operatingIncomeRatio": 0.0993822674,
    "totalOtherIncomeExpensesNet": -1942000000,
    "incomeBeforeTax": -1399000000,
    "incomeBeforeTaxRatio": -0.2541787791,
    "incomeTaxExpense": 187000000,
    "netIncome": -1370000000,
    "netIncomeRatio": -0.2489098837,
    "eps": -4.56,
    "epsdiluted": -4.56,
    "weightedAverageShsOut": 300141764,
    "weightedAverageShsOutDil": 300141764,
    "link": "https://www.sec.gov/Archives/edgar/data/1091667/000109166707000015/0001091667-07-000015-index.htm",
    "finalLink": "https://www.sec.gov/Archives/edgar/data/1091667/000109166707000015/body.htm"
  },
  {
    "date": "2005-12-31",
    "symbol": "CHTR",
    "reportedCurrency": "USD",
    "cik": "0001091667",
    "fillingDate": "2006-02-28",
    "acceptedDate": "2006-02-28 08:13:50",
    "calendarYear": "2005",
    "period": "FY",
    "revenue": 5254000000,
    "costOfRevenue": 3646000000,
    "grossProfit": 1387000000,
    "grossProfitRatio": 0.2639893415,
    "researchAndDevelopmentExpenses": 0,
    "generalAndAdministrativeExpenses": 0,
    "sellingAndMarketingExpenses": 0,
    "sellingGeneralAndAdministrativeExpenses": 1012000000,
    "otherExpenses": 0,
    "operatingExpenses": 1012000000,
    "costAndExpenses": 4658000000,
    "interestIncome": 0,
    "interestExpense": 0,
    "depreciationAndAmortization": 1499000000,
    "ebitda": 2396000000,
    "ebitdaratio": 0.4560334983,
    "operatingIncome": 375000000,
    "operatingIncomeRatio": 0.0713741911,
    "totalOtherIncomeExpensesNet": -1267000000,
    "incomeBeforeTax": -852000000,
    "incomeBeforeTaxRatio": -0.1621621622,
    "incomeTaxExpense": 112000000,
    "netIncome": -967000000,
    "netIncomeRatio": -0.1840502474,
    "eps": -3.45,
    "epsdiluted": -3.45,
    "weightedAverageShsOut": 280445810,
    "weightedAverageShsOutDil": 280445810,
    "link": "https://www.sec.gov/Archives/edgar/data/1091667/000109166706000093/0001091667-06-000093-index.htm",
    "finalLink": "https://www.sec.gov/Archives/edgar/data/1091667/000109166706000093/body.htm"
  },
  {
    "date": "2004-12-31",
    "symbol": "CHTR",
    "reportedCurrency": "USD",
    "cik": "0001091667",
    "fillingDate": "2005-03-03",
    "acceptedDate": "2005-03-02 21:06:46",
    "calendarYear": "2004",
    "period": "FY",
    "revenue": 4977000000,
    "costOfRevenue": 3575000000,
    "grossProfit": 1402000000,
    "grossProfitRatio": 0.2816958007,
    "researchAndDevelopmentExpenses": 0,
    "generalAndAdministrativeExpenses": 0,
    "sellingAndMarketingExpenses": 0,
    "sellingGeneralAndAdministrativeExpenses": 971000000,
    "otherExpenses": -31000000,
    "operatingExpenses": 1002000000,
    "costAndExpenses": 4577000000,
    "interestIncome": 0,
    "interestExpense": 0,
    "depreciationAndAmortization": 1495000000,
    "ebitda": -533000000,
    "ebitdaratio": -0.1070926261,
    "operatingIncome": 400000000,
    "operatingIncomeRatio": 0.0803697006,
    "totalOtherIncomeExpensesNet": -4098000000,
    "incomeBeforeTax": -3679000000,
    "incomeBeforeTaxRatio": -0.7392003215,
    "incomeTaxExpense": -134000000,
    "netIncome": -4341000000,
    "netIncomeRatio": -0.872212176,
    "eps": -15.99,
    "epsdiluted": -15.99,
    "weightedAverageShsOut": 271523915,
    "weightedAverageShsOutDil": 271523915,
    "link": "https://www.sec.gov/Archives/edgar/data/1091667/000095013705002540/0000950137-05-002540-index.htm",
    "finalLink": "https://www.sec.gov/Archives/edgar/data/1091667/000095013705002540/c92627e10vk.htm"
  },
  {
    "date": "2003-12-31",
    "symbol": "CHTR",
    "reportedCurrency": "USD",
    "cik": "0001091667",
    "fillingDate": "2004-03-15",
    "acceptedDate": "2004-03-15 16:55:06",
    "calendarYear": "2003",
    "period": "FY",
    "revenue": 4819000000,
    "costOfRevenue": 1952000000,
    "grossProfit": 2867000000,
    "grossProfitRatio": 0.5949367089,
    "researchAndDevelopmentExpenses": 0,
    "generalAndAdministrativeExpenses": 0,
    "sellingAndMarketingExpenses": 0,
    "sellingGeneralAndAdministrativeExpenses": 940000000,
    "otherExpenses": 1411000000,
    "operatingExpenses": 2351000000,
    "costAndExpenses": 4303000000,
    "interestIncome": 0,
    "interestExpense": 0,
    "depreciationAndAmortization": 1479000000,
    "ebitda": 1969000000,
    "ebitdaratio": 0.408590994,
    "operatingIncome": 516000000,
    "operatingIncomeRatio": 0.1070761569,
    "totalOtherIncomeExpensesNet": -864000000,
    "incomeBeforeTax": -348000000,
    "incomeBeforeTaxRatio": -0.0722141523,
    "incomeTaxExpense": -110000000,
    "netIncome": -238000000,
    "netIncomeRatio": -0.0493878398,
    "eps": -0.89,
    "epsdiluted": -0.89,
    "weightedAverageShsOut": 266375076,
    "weightedAverageShsOutDil": 266375076,
    "link": "https://www.sec.gov/Archives/edgar/data/1091667/000095013704001876/0000950137-04-001876-index.htm",
    "finalLink": "https://www.sec.gov/Archives/edgar/data/1091667/000095013704001876/c83767e10vk.htm"
  },
  {
    "date": "2002-12-31",
    "symbol": "CHTR",
    "reportedCurrency": "USD",
    "cik": "0001091667",
    "fillingDate": "2003-04-15",
    "acceptedDate": "2003-04-15 14:02:15",
    "calendarYear": "2002",
    "period": "FY",
    "revenue": 4566000000,
    "costOfRevenue": 1804000000,
    "grossProfit": 2762000000,
    "grossProfitRatio": 0.6049058257,
    "researchAndDevelopmentExpenses": 0,
    "generalAndAdministrativeExpenses": 897000000,
    "sellingAndMarketingExpenses": 74000000,
    "sellingGeneralAndAdministrativeExpenses": 971000000,
    "otherExpenses": 6075000000,
    "operatingExpenses": 7046000000,
    "costAndExpenses": 8850000000,
    "interestIncome": 0,
    "interestExpense": 0,
    "depreciationAndAmortization": 1437000000,
    "ebitda": -2886000000,
    "ebitdaratio": -0.6320630749,
    "operatingIncome": -4284000000,
    "operatingIncomeRatio": -0.938239159,
    "totalOtherIncomeExpensesNet": 1554000000,
    "incomeBeforeTax": -2768000000,
    "incomeBeforeTaxRatio": -0.6062198861,
    "incomeTaxExpense": -460000000,
    "netIncome": -2514000000,
    "netIncomeRatio": -0.5505913272,
    "eps": -9.44,
    "epsdiluted": -9.44,
    "weightedAverageShsOut": 266232883,
    "weightedAverageShsOutDil": 266232883,
    "link": "https://www.sec.gov/Archives/edgar/data/1091667/000095012303004266/0000950123-03-004266-index.htm",
    "finalLink": "https://www.sec.gov/Archives/edgar/data/1091667/000095012303004266/y85418e10vk.htm"
  },
  {
    "date": "2001-12-31",
    "symbol": "CHTR",
    "reportedCurrency": "USD",
    "cik": "0001091667",
    "fillingDate": "2002-03-29",
    "acceptedDate": "2002-03-29 00:00:00",
    "calendarYear": "2001",
    "period": "FY",
    "revenue": 3953132000,
    "costOfRevenue": 2110043000,
    "grossProfit": 1843089000,
    "grossProfitRatio": 0.466235127,
    "researchAndDevelopmentExpenses": 0,
    "generalAndAdministrativeExpenses": 11247000,
    "sellingAndMarketingExpenses": 0,
    "sellingGeneralAndAdministrativeExpenses": 11247000,
    "otherExpenses": 3027697000,
    "operatingExpenses": 3038944000,
    "costAndExpenses": 5148987000,
    "interestIncome": 0,
    "interestExpense": 0,
    "depreciationAndAmortization": 3010068000,
    "ebitda": 1500000000,
    "ebitdaratio": 0.3794459684,
    "operatingIncome": -1195855000,
    "operatingIncomeRatio": -0.302508239,
    "totalOtherIncomeExpensesNet": 13000000,
    "incomeBeforeTax": -1361757000,
    "incomeBeforeTaxRatio": -0.3444754691,
    "incomeTaxExpense": -12000000,
    "netIncome": -1177677000,
    "netIncomeRatio": -0.2979098598,
    "eps": -4.83,
    "epsdiluted": -4.83,
    "weightedAverageShsOut": 243767243,
    "weightedAverageShsOutDil": 243767243,
    "link": "https://www.sec.gov/Archives/edgar/data/1091667/000095012302003204/0000950123-02-003204-index.htm",
    "finalLink": "https://www.sec.gov/Archives/edgar/data/1091667/000095012302003204/y58890e10-k405.htm"
  },
  {
    "date": "2000-12-31",
    "symbol": "CHTR",
    "reportedCurrency": "USD",
    "cik": "0001091667",
    "fillingDate": "2001-03-06",
    "acceptedDate": "2001-03-06 00:00:00",
    "calendarYear": "2000",
    "period": "FY",
    "revenue": 3249222000,
    "costOfRevenue": 794597000,
    "grossProfit": 2454625000,
    "grossProfitRatio": 0.7554500739,
    "researchAndDevelopmentExpenses": 0,
    "generalAndAdministrativeExpenses": 952977000,
    "sellingAndMarketingExpenses": 0,
    "sellingGeneralAndAdministrativeExpenses": 952977000,
    "otherExpenses": 2473082000,
    "operatingExpenses": 3426059000,
    "costAndExpenses": 4220656000,
    "interestIncome": 0,
    "interestExpense": 0,
    "depreciationAndAmortization": 2473082000,
    "ebitda": 1310000000,
    "ebitdaratio": 0.4031734366,
    "operatingIncome": -971434000,
    "operatingIncomeRatio": -0.2989743391,
    "totalOtherIncomeExpensesNet": 220000000,
    "incomeBeforeTax": -1003163000,
    "incomeBeforeTaxRatio": -0.3087394459,
    "incomeTaxExpense": -10000000,
    "netIncome": -828650000,
    "netIncomeRatio": -0.2550302811,
    "eps": -4.06,
    "epsdiluted": -4.06,
    "weightedAverageShsOut": 204075928,
    "weightedAverageShsOutDil": 204075928,
    "link": "https://www.sec.gov/Archives/edgar/data/1091667/000095012301002038/0000950123-01-002038-index.htm",
    "finalLink": "https://www.sec.gov/Archives/edgar/data/1091667/000095012301002038/y44579tke10-k.txt"
  },
  {
    "date": "1999-12-31",
    "symbol": "CHTR",
    "reportedCurrency": "USD",
    "cik": "0001091667",
    "fillingDate": "2000-03-30",
    "acceptedDate": "2000-03-30 00:00:00",
    "calendarYear": "1999",
    "period": "FY",
    "revenue": 1428244000,
    "costOfRevenue": 0,
    "grossProfit": 1428244000,
    "grossProfitRatio": 1,
    "researchAndDevelopmentExpenses": 0,
    "generalAndAdministrativeExpenses": 817936000,
    "sellingAndMarketingExpenses": 0,
    "sellingGeneralAndAdministrativeExpenses": 817936000,
    "otherExpenses": 745315000,
    "operatingExpenses": 1563251000,
    "costAndExpenses": 1563251000,
    "interestIncome": 34467000,
    "interestExpense": 477799000,
    "depreciationAndAmortization": 745315000,
    "ebitda": 558800000,
    "ebitdaratio": 0.3912496744,
    "operatingIncome": -135007000,
    "operatingIncomeRatio": -0.0945265655,
    "totalOtherIncomeExpensesNet": 121300000,
    "incomeBeforeTax": -637806000,
    "incomeBeforeTaxRatio": -0.4465665531,
    "incomeTaxExpense": 1000000,
    "netIncome": -66229000,
    "netIncomeRatio": -0.0463709282,
    "eps": -0.33,
    "epsdiluted": -0.33,
    "weightedAverageShsOut": 200506350,
    "weightedAverageShsOutDil": 200506350,
    "link": "https://www.sec.gov/Archives/edgar/data/1091667/000095012400001846/0000950124-00-001846-index.html",
    "finalLink": "https://www.sec.gov/Archives/edgar/data/1091667/000095012400001846/"
  },
  {
    "date": "1998-12-31",
    "symbol": "CHTR",
    "reportedCurrency": "USD",
    "cik": "0001091667",
    "fillingDate": "1998-12-31",
    "acceptedDate": "1998-12-30 19:00:00",
    "calendarYear": "1998",
    "period": "FY",
    "revenue": 13713000,
    "costOfRevenue": 0,
    "grossProfit": 13713000,
    "grossProfitRatio": 1,
    "researchAndDevelopmentExpenses": 0,
    "generalAndAdministrativeExpenses": 7979000,
    "sellingAndMarketingExpenses": 0,
    "sellingGeneralAndAdministrativeExpenses": 7979000,
    "otherExpenses": 8318000,
    "operatingExpenses": 16297000,
    "costAndExpenses": 16297000,
    "interestIncome": 133000,
    "interestExpense": 2353000,
    "depreciationAndAmortization": 8318000,
    "ebitda": 5394000,
    "ebitdaratio": 0.3933493765,
    "operatingIncome": -2584000,
    "operatingIncomeRatio": -0.1884343324,
    "totalOtherIncomeExpensesNet": -2693000,
    "incomeBeforeTax": -5277000,
    "incomeBeforeTaxRatio": -0.3848173266,
    "incomeTaxExpense": 0,
    "netIncome": -2000,
    "netIncomeRatio": -0.000145847,
    "eps": -0.0000099747,
    "epsdiluted": -0.0000099747,
    "weightedAverageShsOut": 200506350,
    "weightedAverageShsOutDil": 200506350,
    "link": "",
    "finalLink": ""
  }
]