[
  {
    "date": "2025-06-30",
    "symbol": "CI",
    "reportedCurrency": "USD",
    "cik": "0001739940",
    "fillingDate": "2025-07-31",
    "acceptedDate": "2025-07-31 13:36:34",
    "calendarYear": "2025",
    "period": "Q2",
    "revenue": 67230000000,
    "costOfRevenue": 59344000000,
    "grossProfit": 7886000000,
    "grossProfitRatio": 0.1172988249,
    "researchAndDevelopmentExpenses": 0,
    "generalAndAdministrativeExpenses": 0,
    "sellingAndMarketingExpenses": 0,
    "sellingGeneralAndAdministrativeExpenses": 3433000000,
    "otherExpenses": 2021000000,
    "operatingExpenses": 5454000000,
    "costAndExpenses": 64798000000,
    "interestIncome": 0,
    "interestExpense": 337000000,
    "depreciationAndAmortization": 682000000,
    "ebitda": 3040000000,
    "ebitdaratio": 0.0452179087,
    "operatingIncome": 2432000000,
    "operatingIncomeRatio": 0.0361743269,
    "totalOtherIncomeExpensesNet": -411000000,
    "incomeBeforeTax": 2021000000,
    "incomeBeforeTaxRatio": 0.0300609847,
    "incomeTaxExpense": 389000000,
    "netIncome": 1532000000,
    "netIncomeRatio": 0.0227874461,
    "eps": 5.7555,
    "epsdiluted": 5.7131,
    "weightedAverageShsOut": 266180999,
    "weightedAverageShsOutDil": 268154000,
    "link": "https://www.sec.gov/Archives/edgar/data/1739940/000173994025000028/0001739940-25-000028-index.htm",
    "finalLink": "https://www.sec.gov/Archives/edgar/data/1739940/000173994025000028/ci-20250630.htm"
  },
  {
    "date": "2025-03-31",
    "symbol": "CI",
    "reportedCurrency": "USD",
    "cik": "0001739940",
    "fillingDate": "2025-05-02",
    "acceptedDate": "2025-05-02 11:07:34",
    "calendarYear": "2025",
    "period": "Q1",
    "revenue": 65502000000,
    "costOfRevenue": 58896000000,
    "grossProfit": 6606000000,
    "grossProfitRatio": 0.1008518824,
    "researchAndDevelopmentExpenses": 0,
    "generalAndAdministrativeExpenses": 0,
    "sellingAndMarketingExpenses": 0,
    "sellingGeneralAndAdministrativeExpenses": 3799000000,
    "otherExpenses": 836000000,
    "operatingExpenses": 4635000000,
    "costAndExpenses": 63531000000,
    "interestIncome": 0,
    "interestExpense": 362000000,
    "depreciationAndAmortization": 674000000,
    "ebitda": 3059000000,
    "ebitdaratio": 0.0467008641,
    "operatingIncome": 1971000000,
    "operatingIncomeRatio": 0.0300906843,
    "totalOtherIncomeExpensesNet": -323000000,
    "incomeBeforeTax": 1648000000,
    "incomeBeforeTaxRatio": 0.0251595371,
    "incomeTaxExpense": 239000000,
    "netIncome": 1323000000,
    "netIncomeRatio": 0.0201978566,
    "eps": 4.72,
    "epsdiluted": 4.67,
    "weightedAverageShsOut": 280294000,
    "weightedAverageShsOutDil": 283218000,
    "link": "https://www.sec.gov/Archives/edgar/data/1739940/000173994025000021/0001739940-25-000021-index.htm",
    "finalLink": "https://www.sec.gov/Archives/edgar/data/1739940/000173994025000021/ci-20250331.htm"
  },
  {
    "date": "2024-12-31",
    "symbol": "CI",
    "reportedCurrency": "USD",
    "cik": "0001739940",
    "fillingDate": "2025-02-27",
    "acceptedDate": "2025-02-27 13:38:15",
    "calendarYear": "2024",
    "period": "Q4",
    "revenue": 65649000000,
    "costOfRevenue": 59187000000,
    "grossProfit": 6462000000,
    "grossProfitRatio": 0.0984325732,
    "researchAndDevelopmentExpenses": 0,
    "generalAndAdministrativeExpenses": 0,
    "sellingAndMarketingExpenses": 0,
    "sellingGeneralAndAdministrativeExpenses": 3743000000,
    "otherExpenses": 546000000,
    "operatingExpenses": 4289000000,
    "costAndExpenses": 63476000000,
    "interestIncome": 0,
    "interestExpense": 362000000,
    "depreciationAndAmortization": 646000000,
    "ebitda": 2941000000,
    "ebitdaratio": 0.0447988545,
    "operatingIncome": 2173000000,
    "operatingIncomeRatio": 0.0331002757,
    "totalOtherIncomeExpensesNet": -164000000,
    "incomeBeforeTax": 2009000000,
    "incomeBeforeTaxRatio": 0.0306021417,
    "incomeTaxExpense": 473000000,
    "netIncome": 1424000000,
    "netIncomeRatio": 0.0216911149,
    "eps": 5.13,
    "epsdiluted": 5.13,
    "weightedAverageShsOut": 277784000,
    "weightedAverageShsOutDil": 277784000,
    "link": "https://www.sec.gov/Archives/edgar/data/1739940/000173994025000009/0001739940-25-000009-index.htm",
    "finalLink": "https://www.sec.gov/Archives/edgar/data/1739940/000173994025000009/ci-20241231.htm"
  },
  {
    "date": "2024-09-30",
    "symbol": "CI",
    "reportedCurrency": "USD",
    "cik": "0001739940",
    "fillingDate": "2024-10-31",
    "acceptedDate": "2024-10-31 13:36:40",
    "calendarYear": "2024",
    "period": "Q3",
    "revenue": 63694000000,
    "costOfRevenue": 57092000000,
    "grossProfit": 6602000000,
    "grossProfitRatio": 0.1036518353,
    "researchAndDevelopmentExpenses": 0,
    "generalAndAdministrativeExpenses": 0,
    "sellingAndMarketingExpenses": 0,
    "sellingGeneralAndAdministrativeExpenses": 3522000000,
    "otherExpenses": 504000000,
    "operatingExpenses": 4026000000,
    "costAndExpenses": 61118000000,
    "interestIncome": 0,
    "interestExpense": 376000000,
    "depreciationAndAmortization": 650000000,
    "ebitda": 3294000000,
    "ebitdaratio": 0.0517160172,
    "operatingIncome": 2576000000,
    "operatingIncomeRatio": 0.0404433699,
    "totalOtherIncomeExpensesNet": -1384000000,
    "incomeBeforeTax": 1192000000,
    "incomeBeforeTaxRatio": 0.0187144786,
    "incomeTaxExpense": 367000000,
    "netIncome": 739000000,
    "netIncomeRatio": 0.0116023487,
    "eps": 2.65,
    "epsdiluted": 2.63,
    "weightedAverageShsOut": 278457000,
    "weightedAverageShsOutDil": 281396000,
    "link": "https://www.sec.gov/Archives/edgar/data/1739940/000173994024000033/0001739940-24-000033-index.htm",
    "finalLink": "https://www.sec.gov/Archives/edgar/data/1739940/000173994024000033/ci-20240930.htm"
  },
  {
    "date": "2024-06-30",
    "symbol": "CI",
    "reportedCurrency": "USD",
    "cik": "0001739940",
    "fillingDate": "2024-08-01",
    "acceptedDate": "2024-08-01 10:34:41",
    "calendarYear": "2024",
    "period": "Q2",
    "revenue": 60523000000,
    "costOfRevenue": 54007000000,
    "grossProfit": 6516000000,
    "grossProfitRatio": 0.1076615502,
    "researchAndDevelopmentExpenses": 0,
    "generalAndAdministrativeExpenses": 0,
    "sellingAndMarketingExpenses": 0,
    "sellingGeneralAndAdministrativeExpenses": 3628000000,
    "otherExpenses": 476000000,
    "operatingExpenses": 4104000000,
    "costAndExpenses": 58111000000,
    "interestIncome": 0,
    "interestExpense": 375000000,
    "depreciationAndAmortization": 738000000,
    "ebitda": 3206000000,
    "ebitdaratio": 0.0529715976,
    "operatingIncome": 2412000000,
    "operatingIncomeRatio": 0.039852618,
    "totalOtherIncomeExpensesNet": -423000000,
    "incomeBeforeTax": 1989000000,
    "incomeBeforeTaxRatio": 0.0328635395,
    "incomeTaxExpense": 360000000,
    "netIncome": 1548000000,
    "netIncomeRatio": 0.0255770534,
    "eps": 5.51,
    "epsdiluted": 5.45,
    "weightedAverageShsOut": 281133000,
    "weightedAverageShsOutDil": 284052000,
    "link": "https://www.sec.gov/Archives/edgar/data/1739940/000173994024000028/0001739940-24-000028-index.htm",
    "finalLink": "https://www.sec.gov/Archives/edgar/data/1739940/000173994024000028/ci-20240630.htm"
  },
  {
    "date": "2024-03-31",
    "symbol": "CI",
    "reportedCurrency": "USD",
    "cik": "0001739940",
    "fillingDate": "2024-05-02",
    "acceptedDate": "2024-05-02 11:10:29",
    "calendarYear": "2024",
    "period": "Q1",
    "revenue": 57255000000,
    "costOfRevenue": 50871000000,
    "grossProfit": 6384000000,
    "grossProfitRatio": 0.1115011789,
    "researchAndDevelopmentExpenses": 0,
    "generalAndAdministrativeExpenses": 0,
    "sellingAndMarketingExpenses": 0,
    "sellingGeneralAndAdministrativeExpenses": 3668000000,
    "otherExpenses": 460000000,
    "operatingExpenses": 4128000000,
    "costAndExpenses": 54999000000,
    "interestIncome": 0,
    "interestExpense": 322000000,
    "depreciationAndAmortization": 741000000,
    "ebitda": 3034000000,
    "ebitdaratio": 0.0529910052,
    "operatingIncome": 2256000000,
    "operatingIncomeRatio": 0.0394026723,
    "totalOtherIncomeExpensesNet": -2177000000,
    "incomeBeforeTax": 79000000,
    "incomeBeforeTaxRatio": 0.0013797922,
    "incomeTaxExpense": 291000000,
    "netIncome": -277000000,
    "netIncomeRatio": -0.0048380054,
    "eps": -0.97,
    "epsdiluted": -0.97,
    "weightedAverageShsOut": 286465000,
    "weightedAverageShsOutDil": 286465000,
    "link": "https://www.sec.gov/Archives/edgar/data/1739940/000173994024000015/0001739940-24-000015-index.htm",
    "finalLink": "https://www.sec.gov/Archives/edgar/data/1739940/000173994024000015/ci-20240331.htm"
  },
  {
    "date": "2023-12-31",
    "symbol": "CI",
    "reportedCurrency": "USD",
    "cik": "0001739940",
    "fillingDate": "2024-02-29",
    "acceptedDate": "2024-02-29 14:48:05",
    "calendarYear": "2023",
    "period": "Q4",
    "revenue": 51114000000,
    "costOfRevenue": 44541000000,
    "grossProfit": 6573000000,
    "grossProfitRatio": 0.1285949055,
    "researchAndDevelopmentExpenses": 0,
    "generalAndAdministrativeExpenses": 0,
    "sellingAndMarketingExpenses": 0,
    "sellingGeneralAndAdministrativeExpenses": 3750000000,
    "otherExpenses": 763000000,
    "operatingExpenses": 4513000000,
    "costAndExpenses": 49054000000,
    "interestIncome": 0,
    "interestExpense": 360000000,
    "depreciationAndAmortization": 765000000,
    "ebitda": 3137000000,
    "ebitdaratio": 0.0613726181,
    "operatingIncome": 2060000000,
    "operatingIncomeRatio": 0.0403020699,
    "totalOtherIncomeExpensesNet": -1872000000,
    "incomeBeforeTax": 188000000,
    "incomeBeforeTaxRatio": 0.003678053,
    "incomeTaxExpense": -919000000,
    "netIncome": 1029000000,
    "netIncomeRatio": 0.0201314708,
    "eps": 3.49,
    "epsdiluted": 3.49,
    "weightedAverageShsOut": 294565000,
    "weightedAverageShsOutDil": 294565000,
    "link": "https://www.sec.gov/Archives/edgar/data/1739940/000173994024000005/0001739940-24-000005-index.htm",
    "finalLink": "https://www.sec.gov/Archives/edgar/data/1739940/000173994024000005/ci-20231231.htm"
  },
  {
    "date": "2023-09-30",
    "symbol": "CI",
    "reportedCurrency": "USD",
    "cik": "0001739940",
    "fillingDate": "2023-11-02",
    "acceptedDate": "2023-11-02 11:18:39",
    "calendarYear": "2023",
    "period": "Q3",
    "revenue": 49048000000,
    "costOfRevenue": 42566000000,
    "grossProfit": 6482000000,
    "grossProfitRatio": 0.1321562551,
    "researchAndDevelopmentExpenses": 0,
    "generalAndAdministrativeExpenses": 0,
    "sellingAndMarketingExpenses": 0,
    "sellingGeneralAndAdministrativeExpenses": 3585000000,
    "otherExpenses": 657000000,
    "operatingExpenses": 4242000000,
    "costAndExpenses": 46808000000,
    "interestIncome": 0,
    "interestExpense": 365000000,
    "depreciationAndAmortization": 766000000,
    "ebitda": 3209000000,
    "ebitdaratio": 0.0654257054,
    "operatingIncome": 2240000000,
    "operatingIncomeRatio": 0.0456695482,
    "totalOtherIncomeExpensesNet": -400000000,
    "incomeBeforeTax": 1840000000,
    "incomeBeforeTaxRatio": 0.0375142717,
    "incomeTaxExpense": 391000000,
    "netIncome": 1408000000,
    "netIncomeRatio": 0.0287065732,
    "eps": 4.79,
    "epsdiluted": 4.74,
    "weightedAverageShsOut": 294058000,
    "weightedAverageShsOutDil": 297131000,
    "link": "https://www.sec.gov/Archives/edgar/data/1739940/000173994023000025/0001739940-23-000025-index.htm",
    "finalLink": "https://www.sec.gov/Archives/edgar/data/1739940/000173994023000025/ci-20230930.htm"
  },
  {
    "date": "2023-06-30",
    "symbol": "CI",
    "reportedCurrency": "USD",
    "cik": "0001739940",
    "fillingDate": "2023-08-03",
    "acceptedDate": "2023-08-03 10:36:35",
    "calendarYear": "2023",
    "period": "Q2",
    "revenue": 48586000000,
    "costOfRevenue": 42476000000,
    "grossProfit": 6110000000,
    "grossProfitRatio": 0.1257563907,
    "researchAndDevelopmentExpenses": 0,
    "generalAndAdministrativeExpenses": 0,
    "sellingAndMarketingExpenses": 0,
    "sellingGeneralAndAdministrativeExpenses": 3439000000,
    "otherExpenses": 450000000,
    "operatingExpenses": 3889000000,
    "costAndExpenses": 46365000000,
    "interestIncome": 0,
    "interestExpense": 363000000,
    "depreciationAndAmortization": 755000000,
    "ebitda": 2971000000,
    "ebitdaratio": 0.0611493023,
    "operatingIncome": 2221000000,
    "operatingIncomeRatio": 0.0457127568,
    "totalOtherIncomeExpensesNet": -337000000,
    "incomeBeforeTax": 1884000000,
    "incomeBeforeTaxRatio": 0.0387766023,
    "incomeTaxExpense": 374000000,
    "netIncome": 1460000000,
    "netIncomeRatio": 0.0300498086,
    "eps": 4.96,
    "epsdiluted": 4.92,
    "weightedAverageShsOut": 294512000,
    "weightedAverageShsOutDil": 296879000,
    "link": "https://www.sec.gov/Archives/edgar/data/1739940/000173994023000020/0001739940-23-000020-index.htm",
    "finalLink": "https://www.sec.gov/Archives/edgar/data/1739940/000173994023000020/ci-20230630.htm"
  },
  {
    "date": "2023-03-31",
    "symbol": "CI",
    "reportedCurrency": "USD",
    "cik": "0001739940",
    "fillingDate": "2023-05-05",
    "acceptedDate": "2023-05-05 10:50:25",
    "calendarYear": "2023",
    "period": "Q1",
    "revenue": 46517000000,
    "costOfRevenue": 40505000000,
    "grossProfit": 6012000000,
    "grossProfitRatio": 0.1292430724,
    "researchAndDevelopmentExpenses": 0,
    "generalAndAdministrativeExpenses": 0,
    "sellingAndMarketingExpenses": 0,
    "sellingGeneralAndAdministrativeExpenses": 3550000000,
    "otherExpenses": 447000000,
    "operatingExpenses": 3997000000,
    "costAndExpenses": 44502000000,
    "interestIncome": 0,
    "interestExpense": 358000000,
    "depreciationAndAmortization": 749000000,
    "ebitda": 2752000000,
    "ebitdaratio": 0.0591611669,
    "operatingIncome": 2015000000,
    "operatingIncomeRatio": 0.0433174968,
    "totalOtherIncomeExpensesNet": -414000000,
    "incomeBeforeTax": 1601000000,
    "incomeBeforeTaxRatio": 0.0344175248,
    "incomeTaxExpense": 295000000,
    "netIncome": 1267000000,
    "netIncomeRatio": 0.0272373541,
    "eps": 4.28,
    "epsdiluted": 4.24,
    "weightedAverageShsOut": 295706000,
    "weightedAverageShsOutDil": 298999000,
    "link": "https://www.sec.gov/Archives/edgar/data/1739940/000173994023000016/0001739940-23-000016-index.htm",
    "finalLink": "https://www.sec.gov/Archives/edgar/data/1739940/000173994023000016/ci-20230331.htm"
  },
  {
    "date": "2022-12-31",
    "symbol": "CI",
    "reportedCurrency": "USD",
    "cik": "0001739940",
    "fillingDate": "2023-02-23",
    "acceptedDate": "2023-02-23 13:11:26",
    "calendarYear": "2022",
    "period": "Q4",
    "revenue": 45753000000,
    "costOfRevenue": 40063000000,
    "grossProfit": 5690000000,
    "grossProfitRatio": 0.1243634297,
    "researchAndDevelopmentExpenses": 0,
    "generalAndAdministrativeExpenses": 0,
    "sellingAndMarketingExpenses": 0,
    "sellingGeneralAndAdministrativeExpenses": 3476000000,
    "otherExpenses": 465000000,
    "operatingExpenses": 3941000000,
    "costAndExpenses": 44004000000,
    "interestIncome": 0,
    "interestExpense": 324000000,
    "depreciationAndAmortization": 735000000,
    "ebitda": 2492000000,
    "ebitdaratio": 0.0544663738,
    "operatingIncome": 1749000000,
    "operatingIncomeRatio": 0.0382270015,
    "totalOtherIncomeExpensesNet": -391000000,
    "incomeBeforeTax": 1358000000,
    "incomeBeforeTaxRatio": 0.0296811138,
    "incomeTaxExpense": 136000000,
    "netIncome": 1193000000,
    "netIncomeRatio": 0.0260747929,
    "eps": 3.83,
    "epsdiluted": 3.83,
    "weightedAverageShsOut": 305413000,
    "weightedAverageShsOutDil": 305413000,
    "link": "https://www.sec.gov/Archives/edgar/data/1739940/000173994023000008/0001739940-23-000008-index.htm",
    "finalLink": "https://www.sec.gov/Archives/edgar/data/1739940/000173994023000008/ci-20221231.htm"
  },
  {
    "date": "2022-09-30",
    "symbol": "CI",
    "reportedCurrency": "USD",
    "cik": "0001739940",
    "fillingDate": "2022-11-03",
    "acceptedDate": "2022-11-03 10:36:39",
    "calendarYear": "2022",
    "period": "Q3",
    "revenue": 45281000000,
    "costOfRevenue": 39528000000,
    "grossProfit": 5753000000,
    "grossProfitRatio": 0.127051081,
    "researchAndDevelopmentExpenses": 0,
    "generalAndAdministrativeExpenses": 0,
    "sellingAndMarketingExpenses": 0,
    "sellingGeneralAndAdministrativeExpenses": 3144000000,
    "otherExpenses": 467000000,
    "operatingExpenses": 3611000000,
    "costAndExpenses": 43139000000,
    "interestIncome": 0,
    "interestExpense": 304000000,
    "depreciationAndAmortization": 726000000,
    "ebitda": 2875000000,
    "ebitdaratio": 0.063492414,
    "operatingIncome": 2142000000,
    "operatingIncomeRatio": 0.047304609,
    "totalOtherIncomeExpensesNet": 1349000000,
    "incomeBeforeTax": 3491000000,
    "incomeBeforeTaxRatio": 0.0770963539,
    "incomeTaxExpense": 713000000,
    "netIncome": 2757000000,
    "netIncomeRatio": 0.0608864645,
    "eps": 9.07,
    "epsdiluted": 8.97,
    "weightedAverageShsOut": 303854000,
    "weightedAverageShsOutDil": 307517000,
    "link": "https://www.sec.gov/Archives/edgar/data/1739940/000173994022000025/0001739940-22-000025-index.htm",
    "finalLink": "https://www.sec.gov/Archives/edgar/data/1739940/000173994022000025/ci-20220930.htm"
  },
  {
    "date": "2022-06-30",
    "symbol": "CI",
    "reportedCurrency": "USD",
    "cik": "0001739940",
    "fillingDate": "2022-08-04",
    "acceptedDate": "2022-08-04 13:10:10",
    "calendarYear": "2022",
    "period": "Q2",
    "revenue": 45478000000,
    "costOfRevenue": 39342000000,
    "grossProfit": 6136000000,
    "grossProfitRatio": 0.1349223801,
    "researchAndDevelopmentExpenses": 0,
    "generalAndAdministrativeExpenses": 0,
    "sellingAndMarketingExpenses": 0,
    "sellingGeneralAndAdministrativeExpenses": 3251000000,
    "otherExpenses": 514000000,
    "operatingExpenses": 3765000000,
    "costAndExpenses": 43107000000,
    "interestIncome": 0,
    "interestExpense": 301000000,
    "depreciationAndAmortization": 759000000,
    "ebitda": 3143000000,
    "ebitdaratio": 0.0691103391,
    "operatingIncome": 2371000000,
    "operatingIncomeRatio": 0.0521350983,
    "totalOtherIncomeExpensesNet": -390000000,
    "incomeBeforeTax": 1981000000,
    "incomeBeforeTaxRatio": 0.0435595233,
    "incomeTaxExpense": 411000000,
    "netIncome": 1557000000,
    "netIncomeRatio": 0.0342363341,
    "eps": 4.94,
    "epsdiluted": 4.89,
    "weightedAverageShsOut": 315122000,
    "weightedAverageShsOutDil": 315122000,
    "link": "https://www.sec.gov/Archives/edgar/data/1739940/000173994022000019/0001739940-22-000019-index.htm",
    "finalLink": "https://www.sec.gov/Archives/edgar/data/1739940/000173994022000019/ci-20220630.htm"
  },
  {
    "date": "2022-03-31",
    "symbol": "CI",
    "reportedCurrency": "USD",
    "cik": "0001739940",
    "fillingDate": "2022-05-06",
    "acceptedDate": "2022-05-06 10:38:37",
    "calendarYear": "2022",
    "period": "Q1",
    "revenue": 44006000000,
    "costOfRevenue": 38085000000,
    "grossProfit": 5921000000,
    "grossProfitRatio": 0.1345498341,
    "researchAndDevelopmentExpenses": 0,
    "generalAndAdministrativeExpenses": 0,
    "sellingAndMarketingExpenses": 0,
    "sellingGeneralAndAdministrativeExpenses": 3239000000,
    "otherExpenses": 494000000,
    "operatingExpenses": 3733000000,
    "costAndExpenses": 41818000000,
    "interestIncome": 0,
    "interestExpense": 299000000,
    "depreciationAndAmortization": 717000000,
    "ebitda": 2941000000,
    "ebitdaratio": 0.0668317957,
    "operatingIncome": 2188000000,
    "operatingIncomeRatio": 0.0497204927,
    "totalOtherIncomeExpensesNet": -621000000,
    "incomeBeforeTax": 1567000000,
    "incomeBeforeTaxRatio": 0.0356087806,
    "incomeTaxExpense": 355000000,
    "netIncome": 1197000000,
    "netIncomeRatio": 0.0272008362,
    "eps": 3.76,
    "epsdiluted": 3.73,
    "weightedAverageShsOut": 318487000,
    "weightedAverageShsOutDil": 321282000,
    "link": "https://www.sec.gov/Archives/edgar/data/1739940/000173994022000012/0001739940-22-000012-index.htm",
    "finalLink": "https://www.sec.gov/Archives/edgar/data/1739940/000173994022000012/ci-20220331.htm"
  },
  {
    "date": "2021-12-31",
    "symbol": "CI",
    "reportedCurrency": "USD",
    "cik": "0001739940",
    "fillingDate": "2022-02-24",
    "acceptedDate": "2022-02-24 12:08:50",
    "calendarYear": "2021",
    "period": "Q4",
    "revenue": 45688000000,
    "costOfRevenue": 39990000000,
    "grossProfit": 5698000000,
    "grossProfitRatio": 0.1247154614,
    "researchAndDevelopmentExpenses": 0,
    "generalAndAdministrativeExpenses": 0,
    "sellingAndMarketingExpenses": 0,
    "sellingGeneralAndAdministrativeExpenses": 3408000000,
    "otherExpenses": 753000000,
    "operatingExpenses": 4161000000,
    "costAndExpenses": 44151000000,
    "interestIncome": 0,
    "interestExpense": 293000000,
    "depreciationAndAmortization": 743000000,
    "ebitda": 2534000000,
    "ebitdaratio": 0.0554631413,
    "operatingIncome": 1537000000,
    "operatingIncomeRatio": 0.0336412187,
    "totalOtherIncomeExpensesNet": -225000000,
    "incomeBeforeTax": 1312000000,
    "incomeBeforeTaxRatio": 0.028716512,
    "incomeTaxExpense": 179000000,
    "netIncome": 1116000000,
    "netIncomeRatio": 0.0244265453,
    "eps": 3.39,
    "epsdiluted": 3.38,
    "weightedAverageShsOut": 329641000,
    "weightedAverageShsOutDil": 329641000,
    "link": "https://www.sec.gov/Archives/edgar/data/1739940/000173994022000007/0001739940-22-000007-index.htm",
    "finalLink": "https://www.sec.gov/Archives/edgar/data/1739940/000173994022000007/ci-20211231.htm"
  },
  {
    "date": "2021-09-30",
    "symbol": "CI",
    "reportedCurrency": "USD",
    "cik": "0001739940",
    "fillingDate": "2021-11-04",
    "acceptedDate": "2021-11-04 12:09:10",
    "calendarYear": "2021",
    "period": "Q3",
    "revenue": 44288000000,
    "costOfRevenue": 38400000000,
    "grossProfit": 5888000000,
    "grossProfitRatio": 0.1329479769,
    "researchAndDevelopmentExpenses": 0,
    "generalAndAdministrativeExpenses": 0,
    "sellingAndMarketingExpenses": 0,
    "sellingGeneralAndAdministrativeExpenses": 3101000000,
    "otherExpenses": 493000000,
    "operatingExpenses": 3594000000,
    "costAndExpenses": 41994000000,
    "interestIncome": 0,
    "interestExpense": 303000000,
    "depreciationAndAmortization": 734000000,
    "ebitda": 3020000000,
    "ebitdaratio": 0.0681900289,
    "operatingIncome": 2294000000,
    "operatingIncomeRatio": 0.0517973266,
    "totalOtherIncomeExpensesNet": -235000000,
    "incomeBeforeTax": 2059000000,
    "incomeBeforeTaxRatio": 0.0464911488,
    "incomeTaxExpense": 424000000,
    "netIncome": 1621000000,
    "netIncomeRatio": 0.0366013367,
    "eps": 4.84,
    "epsdiluted": 4.8,
    "weightedAverageShsOut": 335166000,
    "weightedAverageShsOutDil": 337579000,
    "link": "https://www.sec.gov/Archives/edgar/data/1739940/000173994021000024/0001739940-21-000024-index.htm",
    "finalLink": "https://www.sec.gov/Archives/edgar/data/1739940/000173994021000024/ci-20210930.htm"
  },
  {
    "date": "2021-06-30",
    "symbol": "CI",
    "reportedCurrency": "USD",
    "cik": "0001739940",
    "fillingDate": "2021-08-05",
    "acceptedDate": "2021-08-05 12:19:00",
    "calendarYear": "2021",
    "period": "Q2",
    "revenue": 43131000000,
    "costOfRevenue": 37485000000,
    "grossProfit": 5646000000,
    "grossProfitRatio": 0.1309035265,
    "researchAndDevelopmentExpenses": 0,
    "generalAndAdministrativeExpenses": 0,
    "sellingAndMarketingExpenses": 0,
    "sellingGeneralAndAdministrativeExpenses": 3000000000,
    "otherExpenses": 499000000,
    "operatingExpenses": 3499000000,
    "costAndExpenses": 40984000000,
    "interestIncome": 0,
    "interestExpense": 298000000,
    "depreciationAndAmortization": 731000000,
    "ebitda": 2874000000,
    "ebitdaratio": 0.0666342074,
    "operatingIncome": 2147000000,
    "operatingIncomeRatio": 0.0497785815,
    "totalOtherIncomeExpensesNet": -249000000,
    "incomeBeforeTax": 1898000000,
    "incomeBeforeTaxRatio": 0.0440054717,
    "incomeTaxExpense": 422000000,
    "netIncome": 1467000000,
    "netIncomeRatio": 0.0340126591,
    "eps": 4.3,
    "epsdiluted": 4.25,
    "weightedAverageShsOut": 341479000,
    "weightedAverageShsOutDil": 344929000,
    "link": "https://www.sec.gov/Archives/edgar/data/1739940/000173994021000017/0001739940-21-000017-index.htm",
    "finalLink": "https://www.sec.gov/Archives/edgar/data/1739940/000173994021000017/ci-20210630.htm"
  },
  {
    "date": "2021-03-31",
    "symbol": "CI",
    "reportedCurrency": "USD",
    "cik": "0001739940",
    "fillingDate": "2021-05-07",
    "acceptedDate": "2021-05-07 10:10:40",
    "calendarYear": "2021",
    "period": "Q1",
    "revenue": 40971000000,
    "costOfRevenue": 35240000000,
    "grossProfit": 5731000000,
    "grossProfitRatio": 0.1398794269,
    "researchAndDevelopmentExpenses": 0,
    "generalAndAdministrativeExpenses": 0,
    "sellingAndMarketingExpenses": 0,
    "sellingGeneralAndAdministrativeExpenses": 3300000000,
    "otherExpenses": 474000000,
    "operatingExpenses": 3774000000,
    "costAndExpenses": 39014000000,
    "interestIncome": 0,
    "interestExpense": 314000000,
    "depreciationAndAmortization": 715000000,
    "ebitda": 2651000000,
    "ebitdaratio": 0.064704303,
    "operatingIncome": 1957000000,
    "operatingIncomeRatio": 0.0477654927,
    "totalOtherIncomeExpensesNet": -444000000,
    "incomeBeforeTax": 1513000000,
    "incomeBeforeTaxRatio": 0.0369285592,
    "incomeTaxExpense": 342000000,
    "netIncome": 1161000000,
    "netIncomeRatio": 0.0283371165,
    "eps": 3.33,
    "epsdiluted": 3.3,
    "weightedAverageShsOut": 348248000,
    "weightedAverageShsOutDil": 351976000,
    "link": "https://www.sec.gov/Archives/edgar/data/1739940/000173994021000011/0001739940-21-000011-index.htm",
    "finalLink": "https://www.sec.gov/Archives/edgar/data/1739940/000173994021000011/ci-20210331.htm"
  },
  {
    "date": "2020-12-31",
    "symbol": "CI",
    "reportedCurrency": "USD",
    "cik": "0001739940",
    "fillingDate": "2021-02-25",
    "acceptedDate": "2021-02-25 12:24:42",
    "calendarYear": "2020",
    "period": "Q4",
    "revenue": 41712000000,
    "costOfRevenue": 35906000000,
    "grossProfit": 5806000000,
    "grossProfitRatio": 0.1391925585,
    "researchAndDevelopmentExpenses": 0,
    "generalAndAdministrativeExpenses": 0,
    "sellingAndMarketingExpenses": 0,
    "sellingGeneralAndAdministrativeExpenses": 3794000000,
    "otherExpenses": 667000000,
    "operatingExpenses": 4461000000,
    "costAndExpenses": 40367000000,
    "interestIncome": 0,
    "interestExpense": 337000000,
    "depreciationAndAmortization": 713000000,
    "ebitda": 2230000000,
    "ebitdaratio": 0.0534618335,
    "operatingIncome": 1345000000,
    "operatingIncomeRatio": 0.0322449175,
    "totalOtherIncomeExpensesNet": 4033000000,
    "incomeBeforeTax": 5378000000,
    "incomeBeforeTaxRatio": 0.1289317223,
    "incomeTaxExpense": 1236000000,
    "netIncome": 4135000000,
    "netIncomeRatio": 0.0991321442,
    "eps": 11.45,
    "epsdiluted": 11.45,
    "weightedAverageShsOut": 361115000,
    "weightedAverageShsOutDil": 361115000,
    "link": "https://www.sec.gov/Archives/edgar/data/1739940/000173994021000007/0001739940-21-000007-index.htm",
    "finalLink": "https://www.sec.gov/Archives/edgar/data/1739940/000173994021000007/ci-20201231.htm"
  },
  {
    "date": "2020-09-30",
    "symbol": "CI",
    "reportedCurrency": "USD",
    "cik": "0001739940",
    "fillingDate": "2020-11-05",
    "acceptedDate": "2020-11-05 12:22:15",
    "calendarYear": "2020",
    "period": "Q3",
    "revenue": 40955000000,
    "costOfRevenue": 35053000000,
    "grossProfit": 5902000000,
    "grossProfitRatio": 0.1441093884,
    "researchAndDevelopmentExpenses": 0,
    "generalAndAdministrativeExpenses": 0,
    "sellingAndMarketingExpenses": 0,
    "sellingGeneralAndAdministrativeExpenses": 3308000000,
    "otherExpenses": 486000000,
    "operatingExpenses": 3794000000,
    "costAndExpenses": 38847000000,
    "interestIncome": 0,
    "interestExpense": 336000000,
    "depreciationAndAmortization": 702000000,
    "ebitda": 2803000000,
    "ebitdaratio": 0.0684409718,
    "operatingIncome": 2108000000,
    "operatingIncomeRatio": 0.0514711268,
    "totalOtherIncomeExpensesNet": -304000000,
    "incomeBeforeTax": 1804000000,
    "incomeBeforeTaxRatio": 0.0440483457,
    "incomeTaxExpense": 406000000,
    "netIncome": 1388000000,
    "netIncomeRatio": 0.0338908558,
    "eps": 3.81,
    "epsdiluted": 3.78,
    "weightedAverageShsOut": 364427000,
    "weightedAverageShsOutDil": 367190000,
    "link": "https://www.sec.gov/Archives/edgar/data/1739940/000173994020000021/0001739940-20-000021-index.htm",
    "finalLink": "https://www.sec.gov/Archives/edgar/data/1739940/000173994020000021/ci-20200930.htm"
  },
  {
    "date": "2020-06-30",
    "symbol": "CI",
    "reportedCurrency": "USD",
    "cik": "0001739940",
    "fillingDate": "2020-08-06",
    "acceptedDate": "2020-08-06 07:43:10",
    "calendarYear": "2020",
    "period": "Q2",
    "revenue": 39265000000,
    "costOfRevenue": 32723000000,
    "grossProfit": 6542000000,
    "grossProfitRatio": 0.1666114861,
    "researchAndDevelopmentExpenses": 0,
    "generalAndAdministrativeExpenses": 0,
    "sellingAndMarketingExpenses": 0,
    "sellingGeneralAndAdministrativeExpenses": 3295000000,
    "otherExpenses": 608000000,
    "operatingExpenses": 3903000000,
    "costAndExpenses": 36626000000,
    "interestIncome": 0,
    "interestExpense": 374000000,
    "depreciationAndAmortization": 694000000,
    "ebitda": 3445000000,
    "ebitdaratio": 0.0877371705,
    "operatingIncome": 2639000000,
    "operatingIncomeRatio": 0.0672099834,
    "totalOtherIncomeExpensesNet": -350000000,
    "incomeBeforeTax": 2289000000,
    "incomeBeforeTaxRatio": 0.0582961925,
    "incomeTaxExpense": 529000000,
    "netIncome": 1754000000,
    "netIncomeRatio": 0.0446708264,
    "eps": 4.77,
    "epsdiluted": 4.73,
    "weightedAverageShsOut": 367396000,
    "weightedAverageShsOutDil": 367396000,
    "link": "https://www.sec.gov/Archives/edgar/data/1739940/000173994020000017/0001739940-20-000017-index.htm",
    "finalLink": "https://www.sec.gov/Archives/edgar/data/1739940/000173994020000017/ci-20200630.htm"
  },
  {
    "date": "2020-03-31",
    "symbol": "CI",
    "reportedCurrency": "USD",
    "cik": "0001739940",
    "fillingDate": "2020-05-07",
    "acceptedDate": "2020-05-07 07:19:15",
    "calendarYear": "2020",
    "period": "Q1",
    "revenue": 38469000000,
    "costOfRevenue": 32512000000,
    "grossProfit": 5957000000,
    "grossProfitRatio": 0.1548519587,
    "researchAndDevelopmentExpenses": 0,
    "generalAndAdministrativeExpenses": 0,
    "sellingAndMarketingExpenses": 0,
    "sellingGeneralAndAdministrativeExpenses": 3263000000,
    "otherExpenses": 633000000,
    "operatingExpenses": 3896000000,
    "costAndExpenses": 36408000000,
    "interestIncome": 0,
    "interestExpense": 391000000,
    "depreciationAndAmortization": 693000000,
    "ebitda": 2889000000,
    "ebitdaratio": 0.0750994307,
    "operatingIncome": 2061000000,
    "operatingIncomeRatio": 0.0535756063,
    "totalOtherIncomeExpensesNet": -664000000,
    "incomeBeforeTax": 1397000000,
    "incomeBeforeTaxRatio": 0.0363149549,
    "incomeTaxExpense": 208000000,
    "netIncome": 1181000000,
    "netIncomeRatio": 0.0307000442,
    "eps": 3.19,
    "epsdiluted": 3.15,
    "weightedAverageShsOut": 370440000,
    "weightedAverageShsOutDil": 374639000,
    "link": "https://www.sec.gov/Archives/edgar/data/1739940/000173994020000012/0001739940-20-000012-index.htm",
    "finalLink": "https://www.sec.gov/Archives/edgar/data/1739940/000173994020000012/ci-20200331.htm"
  },
  {
    "date": "2019-12-31",
    "symbol": "CI",
    "reportedCurrency": "USD",
    "cik": "0001739940",
    "fillingDate": "2020-02-27",
    "acceptedDate": "2020-02-27 15:25:39",
    "calendarYear": "2019",
    "period": "Q4",
    "revenue": 38245000000,
    "costOfRevenue": 31992000000,
    "grossProfit": 6253000000,
    "grossProfitRatio": 0.1634984965,
    "researchAndDevelopmentExpenses": 0,
    "generalAndAdministrativeExpenses": 0,
    "sellingAndMarketingExpenses": 0,
    "sellingGeneralAndAdministrativeExpenses": 3618000000,
    "otherExpenses": 1074000000,
    "operatingExpenses": 4692000000,
    "costAndExpenses": 36684000000,
    "interestIncome": 0,
    "interestExpense": 391000000,
    "depreciationAndAmortization": 43000000,
    "ebitda": 1943000000,
    "ebitdaratio": 0.0508040267,
    "operatingIncome": 1561000000,
    "operatingIncomeRatio": 0.0408157929,
    "totalOtherIncomeExpensesNet": -300000000,
    "incomeBeforeTax": 1261000000,
    "incomeBeforeTaxRatio": 0.0329716303,
    "incomeTaxExpense": 277000000,
    "netIncome": 977000000,
    "netIncomeRatio": 0.025545823,
    "eps": 2.62,
    "epsdiluted": 2.64,
    "weightedAverageShsOut": 370440000,
    "weightedAverageShsOutDil": 370440000,
    "link": "https://www.sec.gov/Archives/edgar/data/1739940/000173994020000006/0001739940-20-000006-index.htm",
    "finalLink": "https://www.sec.gov/Archives/edgar/data/1739940/000173994020000006/ci-20191231.htm"
  },
  {
    "date": "2019-09-30",
    "symbol": "CI",
    "reportedCurrency": "USD",
    "cik": "0001739940",
    "fillingDate": "2019-10-31",
    "acceptedDate": "2019-10-31 12:54:25",
    "calendarYear": "2019",
    "period": "Q3",
    "revenue": 38556000000,
    "costOfRevenue": 32286000000,
    "grossProfit": 6270000000,
    "grossProfitRatio": 0.1626206038,
    "researchAndDevelopmentExpenses": 0,
    "generalAndAdministrativeExpenses": 0,
    "sellingAndMarketingExpenses": 0,
    "sellingGeneralAndAdministrativeExpenses": 3345000000,
    "otherExpenses": 802000000,
    "operatingExpenses": 4147000000,
    "costAndExpenses": 36433000000,
    "interestIncome": 0,
    "interestExpense": 411000000,
    "depreciationAndAmortization": 913000000,
    "ebitda": 3104000000,
    "ebitdaratio": 0.0805062766,
    "operatingIncome": 2123000000,
    "operatingIncomeRatio": 0.0550627658,
    "totalOtherIncomeExpensesNet": -360000000,
    "incomeBeforeTax": 1763000000,
    "incomeBeforeTaxRatio": 0.0457256977,
    "incomeTaxExpense": 409000000,
    "netIncome": 1351000000,
    "netIncomeRatio": 0.0350399419,
    "eps": 3.6,
    "epsdiluted": 3.57,
    "weightedAverageShsOut": 374842000,
    "weightedAverageShsOutDil": 374842000,
    "link": "https://www.sec.gov/Archives/edgar/data/1739940/000173994019000012/0001739940-19-000012-index.htm",
    "finalLink": "https://www.sec.gov/Archives/edgar/data/1739940/000173994019000012/ci-20190930.htm"
  },
  {
    "date": "2019-06-30",
    "symbol": "CI",
    "reportedCurrency": "USD",
    "cik": "0001739940",
    "fillingDate": "2019-08-01",
    "acceptedDate": "2019-08-01 13:26:58",
    "calendarYear": "2019",
    "period": "Q2",
    "revenue": 38819000000,
    "costOfRevenue": 32539000000,
    "grossProfit": 6280000000,
    "grossProfitRatio": 0.1617764497,
    "researchAndDevelopmentExpenses": 0,
    "generalAndAdministrativeExpenses": 0,
    "sellingAndMarketingExpenses": 0,
    "sellingGeneralAndAdministrativeExpenses": 3160000000,
    "otherExpenses": 957000000,
    "operatingExpenses": 4117000000,
    "costAndExpenses": 36656000000,
    "interestIncome": 0,
    "interestExpense": 428000000,
    "depreciationAndAmortization": 914000000,
    "ebitda": 3297000000,
    "ebitdaratio": 0.0849326361,
    "operatingIncome": 2163000000,
    "operatingIncomeRatio": 0.055720137,
    "totalOtherIncomeExpensesNet": -405000000,
    "incomeBeforeTax": 1758000000,
    "incomeBeforeTaxRatio": 0.0452871017,
    "incomeTaxExpense": 348000000,
    "netIncome": 1408000000,
    "netIncomeRatio": 0.0362708983,
    "eps": 3.73,
    "epsdiluted": 3.7,
    "weightedAverageShsOut": 377962000,
    "weightedAverageShsOutDil": 377962000,
    "link": "https://www.sec.gov/Archives/edgar/data/1739940/000173994019000007/0001739940-19-000007-index.htm",
    "finalLink": "https://www.sec.gov/Archives/edgar/data/1739940/000173994019000007/ci-20190630.htm"
  },
  {
    "date": "2019-03-31",
    "symbol": "CI",
    "reportedCurrency": "USD",
    "cik": "0001739940",
    "fillingDate": "2019-05-02",
    "acceptedDate": "2019-05-02 14:39:36",
    "calendarYear": "2019",
    "period": "Q1",
    "revenue": 37946000000,
    "costOfRevenue": 31670000000,
    "grossProfit": 6276000000,
    "grossProfitRatio": 0.1653929268,
    "researchAndDevelopmentExpenses": 0,
    "generalAndAdministrativeExpenses": 0,
    "sellingAndMarketingExpenses": 0,
    "sellingGeneralAndAdministrativeExpenses": 3192000000,
    "otherExpenses": 854000000,
    "operatingExpenses": 4046000000,
    "costAndExpenses": 35716000000,
    "interestIncome": 0,
    "interestExpense": 452000000,
    "depreciationAndAmortization": 897000000,
    "ebitda": 3238000000,
    "ebitdaratio": 0.0853317873,
    "operatingIncome": 2230000000,
    "operatingIncomeRatio": 0.0587677226,
    "totalOtherIncomeExpensesNet": -442000000,
    "incomeBeforeTax": 1788000000,
    "incomeBeforeTaxRatio": 0.047119591,
    "incomeTaxExpense": 416000000,
    "netIncome": 1368000000,
    "netIncomeRatio": 0.0360512307,
    "eps": 3.61,
    "epsdiluted": 3.56,
    "weightedAverageShsOut": 379387000,
    "weightedAverageShsOutDil": 384024000,
    "link": "https://www.sec.gov/Archives/edgar/data/1739940/000110465919026396/0001104659-19-026396-index.htm",
    "finalLink": "https://www.sec.gov/Archives/edgar/data/1739940/000110465919026396/a19-9011_110q.htm"
  },
  {
    "date": "2018-12-31",
    "symbol": "CI",
    "reportedCurrency": "USD",
    "cik": "0001739940",
    "fillingDate": "2019-02-28",
    "acceptedDate": "2019-02-28 16:54:00",
    "calendarYear": "2018",
    "period": "Q4",
    "revenue": 14300000000,
    "costOfRevenue": 10125000000,
    "grossProfit": 4175000000,
    "grossProfitRatio": 0.291958042,
    "researchAndDevelopmentExpenses": 0,
    "generalAndAdministrativeExpenses": 0,
    "sellingAndMarketingExpenses": 0,
    "sellingGeneralAndAdministrativeExpenses": 2782000000,
    "otherExpenses": 834000000,
    "operatingExpenses": 3616000000,
    "costAndExpenses": 13741000000,
    "interestIncome": 0,
    "interestExpense": 0,
    "depreciationAndAmortization": 248000000,
    "ebitda": 1505000000,
    "ebitdaratio": 0.1052447552,
    "operatingIncome": 559000000,
    "operatingIncomeRatio": 0.0390909091,
    "totalOtherIncomeExpensesNet": -331000000,
    "incomeBeforeTax": 228000000,
    "incomeBeforeTaxRatio": 0.0159440559,
    "incomeTaxExpense": 81000000,
    "netIncome": 144000000,
    "netIncomeRatio": 0.0100699301,
    "eps": 0.46,
    "epsdiluted": 0.59,
    "weightedAverageShsOut": 313020000,
    "weightedAverageShsOutDil": 242577000,
    "link": "https://www.sec.gov/Archives/edgar/data/1739940/000104746919000792/0001047469-19-000792-index.htm",
    "finalLink": "https://www.sec.gov/Archives/edgar/data/1739940/000104746919000792/a2237767z10-k.htm"
  },
  {
    "date": "2018-09-30",
    "symbol": "CI",
    "reportedCurrency": "USD",
    "cik": "0001739940",
    "fillingDate": "2018-09-30",
    "acceptedDate": "2018-09-29 20:00:00",
    "calendarYear": "2018",
    "period": "Q3",
    "revenue": 11457000000,
    "costOfRevenue": 7405000000,
    "grossProfit": 4052000000,
    "grossProfitRatio": 0.3536702453,
    "researchAndDevelopmentExpenses": 0,
    "generalAndAdministrativeExpenses": 0,
    "sellingAndMarketingExpenses": 0,
    "sellingGeneralAndAdministrativeExpenses": 2871000000,
    "otherExpenses": 49000000,
    "operatingExpenses": 2920000000,
    "costAndExpenses": 10325000000,
    "interestIncome": 0,
    "interestExpense": 99000000,
    "depreciationAndAmortization": 162000000,
    "ebitda": 1295000000,
    "ebitdaratio": 0.1130313346,
    "operatingIncome": 1132000000,
    "operatingIncomeRatio": 0.0988042245,
    "totalOtherIncomeExpensesNet": -99000000,
    "incomeBeforeTax": 1033000000,
    "incomeBeforeTaxRatio": 0.090163219,
    "incomeTaxExpense": 259000000,
    "netIncome": 772000000,
    "netIncomeRatio": 0.0673823863,
    "eps": 3.18,
    "epsdiluted": 3.14,
    "weightedAverageShsOut": 242577000,
    "weightedAverageShsOutDil": 242577000,
    "link": "",
    "finalLink": ""
  },
  {
    "date": "2018-06-30",
    "symbol": "CI",
    "reportedCurrency": "USD",
    "cik": "0001739940",
    "fillingDate": "2018-06-30",
    "acceptedDate": "2018-06-29 20:00:00",
    "calendarYear": "2018",
    "period": "Q2",
    "revenue": 11480000000,
    "costOfRevenue": 7458000000,
    "grossProfit": 4022000000,
    "grossProfitRatio": 0.3503484321,
    "researchAndDevelopmentExpenses": 0,
    "generalAndAdministrativeExpenses": 0,
    "sellingAndMarketingExpenses": 0,
    "sellingGeneralAndAdministrativeExpenses": 2704000000,
    "otherExpenses": 157000000,
    "operatingExpenses": 2861000000,
    "costAndExpenses": 10319000000,
    "interestIncome": 0,
    "interestExpense": 56000000,
    "depreciationAndAmortization": 136000000,
    "ebitda": 1430000000,
    "ebitdaratio": 0.1245644599,
    "operatingIncome": 1161000000,
    "operatingIncomeRatio": 0.1011324042,
    "totalOtherIncomeExpensesNet": -59000000,
    "incomeBeforeTax": 1102000000,
    "incomeBeforeTaxRatio": 0.0959930314,
    "incomeTaxExpense": 294000000,
    "netIncome": 806000000,
    "netIncomeRatio": 0.0702090592,
    "eps": 3.32,
    "epsdiluted": 3.29,
    "weightedAverageShsOut": 242453000,
    "weightedAverageShsOutDil": 244985000,
    "link": "",
    "finalLink": ""
  },
  {
    "date": "2018-03-31",
    "symbol": "CI",
    "reportedCurrency": "USD",
    "cik": "0001739940",
    "fillingDate": "2018-03-31",
    "acceptedDate": "2018-03-30 20:00:00",
    "calendarYear": "2018",
    "period": "Q1",
    "revenue": 11413000000,
    "costOfRevenue": 7333000000,
    "grossProfit": 4080000000,
    "grossProfitRatio": 0.3574870761,
    "researchAndDevelopmentExpenses": 0,
    "generalAndAdministrativeExpenses": 0,
    "sellingAndMarketingExpenses": 0,
    "sellingGeneralAndAdministrativeExpenses": 2683000000,
    "otherExpenses": 89000000,
    "operatingExpenses": 2772000000,
    "costAndExpenses": 10105000000,
    "interestIncome": 0,
    "interestExpense": 57000000,
    "depreciationAndAmortization": 140000000,
    "ebitda": 1510000000,
    "ebitdaratio": 0.1323052659,
    "operatingIncome": 1308000000,
    "operatingIncomeRatio": 0.1146061509,
    "totalOtherIncomeExpensesNet": -90000000,
    "incomeBeforeTax": 1218000000,
    "incomeBeforeTaxRatio": 0.1067204066,
    "incomeTaxExpense": 301000000,
    "netIncome": 915000000,
    "netIncomeRatio": 0.080171734,
    "eps": 3.78,
    "epsdiluted": 3.72,
    "weightedAverageShsOut": 242179000,
    "weightedAverageShsOutDil": 245788000,
    "link": "",
    "finalLink": ""
  },
  {
    "date": "2017-12-31",
    "symbol": "CI",
    "reportedCurrency": "USD",
    "cik": "0001739940",
    "fillingDate": "2017-12-31",
    "acceptedDate": "2017-12-30 19:00:00",
    "calendarYear": "2017",
    "period": "Q4",
    "revenue": 10418000000,
    "costOfRevenue": 7172000000,
    "grossProfit": 3246000000,
    "grossProfitRatio": 0.3115761183,
    "researchAndDevelopmentExpenses": 0,
    "generalAndAdministrativeExpenses": 0,
    "sellingAndMarketingExpenses": 0,
    "sellingGeneralAndAdministrativeExpenses": 9957000000,
    "otherExpenses": -10653000000,
    "operatingExpenses": -696000000,
    "costAndExpenses": 6476000000,
    "interestIncome": 0,
    "interestExpense": 0,
    "depreciationAndAmortization": 141000000,
    "ebitda": 1264000000,
    "ebitdaratio": 0.12132847,
    "operatingIncome": 3942000000,
    "operatingIncomeRatio": 0.3783835669,
    "totalOtherIncomeExpensesNet": -3184000000,
    "incomeBeforeTax": 758000000,
    "incomeBeforeTaxRatio": 0.0727586869,
    "incomeTaxExpense": 491000000,
    "netIncome": 266000000,
    "netIncomeRatio": 0.0255327318,
    "eps": 1.08,
    "epsdiluted": 1.07,
    "weightedAverageShsOut": 246605000,
    "weightedAverageShsOutDil": 249242000,
    "link": "",
    "finalLink": ""
  },
  {
    "date": "2017-09-30",
    "symbol": "CI",
    "reportedCurrency": "USD",
    "cik": "0001739940",
    "fillingDate": "2017-09-30",
    "acceptedDate": "2017-09-29 20:00:00",
    "calendarYear": "2017",
    "period": "Q3",
    "revenue": 10489000000,
    "costOfRevenue": 6799000000,
    "grossProfit": 3690000000,
    "grossProfitRatio": 0.3517971208,
    "researchAndDevelopmentExpenses": 0,
    "generalAndAdministrativeExpenses": 612000000,
    "sellingAndMarketingExpenses": -612000000,
    "sellingGeneralAndAdministrativeExpenses": 0,
    "otherExpenses": 0,
    "operatingExpenses": 0,
    "costAndExpenses": 6799000000,
    "interestIncome": 0,
    "interestExpense": 0,
    "depreciationAndAmortization": 139000000,
    "ebitda": 932000000,
    "ebitdaratio": 0.0888549909,
    "operatingIncome": 3690000000,
    "operatingIncomeRatio": 0.3517971208,
    "totalOtherIncomeExpensesNet": -2866000000,
    "incomeBeforeTax": 824000000,
    "incomeBeforeTaxRatio": 0.0785584898,
    "incomeTaxExpense": 262000000,
    "netIncome": 560000000,
    "netIncomeRatio": 0.0533892649,
    "eps": 2.25,
    "epsdiluted": 2.21,
    "weightedAverageShsOut": 249242000,
    "weightedAverageShsOutDil": 253410000,
    "link": "",
    "finalLink": ""
  },
  {
    "date": "2017-06-30",
    "symbol": "CI",
    "reportedCurrency": "USD",
    "cik": "0001739940",
    "fillingDate": "2017-06-30",
    "acceptedDate": "2017-06-29 20:00:00",
    "calendarYear": "2017",
    "period": "Q2",
    "revenue": 10425000000,
    "costOfRevenue": 6851000000,
    "grossProfit": 3574000000,
    "grossProfitRatio": 0.3428297362,
    "researchAndDevelopmentExpenses": 0,
    "generalAndAdministrativeExpenses": 0,
    "sellingAndMarketingExpenses": 0,
    "sellingGeneralAndAdministrativeExpenses": 0,
    "otherExpenses": 0,
    "operatingExpenses": 0,
    "costAndExpenses": 6851000000,
    "interestIncome": 0,
    "interestExpense": 0,
    "depreciationAndAmortization": 140000000,
    "ebitda": 1274000000,
    "ebitdaratio": 0.122206235,
    "operatingIncome": 3574000000,
    "operatingIncomeRatio": 0.3428297362,
    "totalOtherIncomeExpensesNet": -2440000000,
    "incomeBeforeTax": 1134000000,
    "incomeBeforeTaxRatio": 0.1087769784,
    "incomeTaxExpense": 324000000,
    "netIncome": 813000000,
    "netIncomeRatio": 0.0779856115,
    "eps": 3.2,
    "epsdiluted": 3.15,
    "weightedAverageShsOut": 254087000,
    "weightedAverageShsOutDil": 258061000,
    "link": "",
    "finalLink": ""
  },
  {
    "date": "2017-03-31",
    "symbol": "CI",
    "reportedCurrency": "USD",
    "cik": "0001739940",
    "fillingDate": "2017-03-31",
    "acceptedDate": "2017-03-30 20:00:00",
    "calendarYear": "2017",
    "period": "Q1",
    "revenue": 10474000000,
    "costOfRevenue": 6897000000,
    "grossProfit": 3577000000,
    "grossProfitRatio": 0.3415123162,
    "researchAndDevelopmentExpenses": 0,
    "generalAndAdministrativeExpenses": 0,
    "sellingAndMarketingExpenses": 0,
    "sellingGeneralAndAdministrativeExpenses": 0,
    "otherExpenses": 0,
    "operatingExpenses": 0,
    "costAndExpenses": 6897000000,
    "interestIncome": 0,
    "interestExpense": 0,
    "depreciationAndAmortization": 146000000,
    "ebitda": 1046000000,
    "ebitdaratio": 0.0998663357,
    "operatingIncome": 3577000000,
    "operatingIncomeRatio": 0.3415123162,
    "totalOtherIncomeExpensesNet": -2687000000,
    "incomeBeforeTax": 890000000,
    "incomeBeforeTaxRatio": 0.0849723124,
    "incomeTaxExpense": 297000000,
    "netIncome": 598000000,
    "netIncomeRatio": 0.057093756,
    "eps": 2.34,
    "epsdiluted": 2.3,
    "weightedAverageShsOut": 245788000,
    "weightedAverageShsOutDil": 259774000,
    "link": "",
    "finalLink": ""
  },
  {
    "date": "2016-12-31",
    "symbol": "CI",
    "reportedCurrency": "USD",
    "cik": "0001739940",
    "fillingDate": "2016-12-31",
    "acceptedDate": "2016-12-30 19:00:00",
    "calendarYear": "2016",
    "period": "Q4",
    "revenue": 9944000000,
    "costOfRevenue": 6757000000,
    "grossProfit": 3187000000,
    "grossProfitRatio": 0.3204947707,
    "researchAndDevelopmentExpenses": 0,
    "generalAndAdministrativeExpenses": 0,
    "sellingAndMarketingExpenses": 0,
    "sellingGeneralAndAdministrativeExpenses": 82000000,
    "otherExpenses": 0,
    "operatingExpenses": 82000000,
    "costAndExpenses": 6839000000,
    "interestIncome": 0,
    "interestExpense": 0,
    "depreciationAndAmortization": 150000000,
    "ebitda": 1156000000,
    "ebitdaratio": 0.1162510056,
    "operatingIncome": 3105000000,
    "operatingIncomeRatio": 0.3122485921,
    "totalOtherIncomeExpensesNet": -2500000000,
    "incomeBeforeTax": 605000000,
    "incomeBeforeTaxRatio": 0.060840708,
    "incomeTaxExpense": 231000000,
    "netIncome": 382000000,
    "netIncomeRatio": 0.0384151247,
    "eps": 1.5,
    "epsdiluted": 1.49,
    "weightedAverageShsOut": 255440000,
    "weightedAverageShsOutDil": 255519000,
    "link": "",
    "finalLink": ""
  },
  {
    "date": "2016-09-30",
    "symbol": "CI",
    "reportedCurrency": "USD",
    "cik": "0001739940",
    "fillingDate": "2016-09-30",
    "acceptedDate": "2016-09-29 20:00:00",
    "calendarYear": "2016",
    "period": "Q3",
    "revenue": 9880000000,
    "costOfRevenue": 6673000000,
    "grossProfit": 3207000000,
    "grossProfitRatio": 0.3245951417,
    "researchAndDevelopmentExpenses": 0,
    "generalAndAdministrativeExpenses": 0,
    "sellingAndMarketingExpenses": 0,
    "sellingGeneralAndAdministrativeExpenses": 0,
    "otherExpenses": 0,
    "operatingExpenses": 0,
    "costAndExpenses": 6673000000,
    "interestIncome": 0,
    "interestExpense": 0,
    "depreciationAndAmortization": 150000000,
    "ebitda": 914000000,
    "ebitdaratio": 0.0925101215,
    "operatingIncome": 3207000000,
    "operatingIncomeRatio": 0.3245951417,
    "totalOtherIncomeExpensesNet": -2465000000,
    "incomeBeforeTax": 742000000,
    "incomeBeforeTaxRatio": 0.0751012146,
    "incomeTaxExpense": 290000000,
    "netIncome": 456000000,
    "netIncomeRatio": 0.0461538462,
    "eps": 1.78,
    "epsdiluted": 1.76,
    "weightedAverageShsOut": 255519000,
    "weightedAverageShsOutDil": 259754000,
    "link": "",
    "finalLink": ""
  },
  {
    "date": "2016-06-30",
    "symbol": "CI",
    "reportedCurrency": "USD",
    "cik": "0001739940",
    "fillingDate": "2016-06-30",
    "acceptedDate": "2016-06-29 20:00:00",
    "calendarYear": "2016",
    "period": "Q2",
    "revenue": 9960000000,
    "costOfRevenue": 6821000000,
    "grossProfit": 3139000000,
    "grossProfitRatio": 0.3151606426,
    "researchAndDevelopmentExpenses": 0,
    "generalAndAdministrativeExpenses": 0,
    "sellingAndMarketingExpenses": 0,
    "sellingGeneralAndAdministrativeExpenses": 0,
    "otherExpenses": 0,
    "operatingExpenses": 0,
    "costAndExpenses": 6821000000,
    "interestIncome": 0,
    "interestExpense": 0,
    "depreciationAndAmortization": 152000000,
    "ebitda": 1043000000,
    "ebitdaratio": 0.1047188755,
    "operatingIncome": 3139000000,
    "operatingIncomeRatio": 0.3151606426,
    "totalOtherIncomeExpensesNet": -2326000000,
    "incomeBeforeTax": 813000000,
    "incomeBeforeTaxRatio": 0.081626506,
    "incomeTaxExpense": 310000000,
    "netIncome": 510000000,
    "netIncomeRatio": 0.0512048193,
    "eps": 2,
    "epsdiluted": 1.97,
    "weightedAverageShsOut": 255381000,
    "weightedAverageShsOutDil": 259500000,
    "link": "",
    "finalLink": ""
  },
  {
    "date": "2016-03-31",
    "symbol": "CI",
    "reportedCurrency": "USD",
    "cik": "0001739940",
    "fillingDate": "2016-03-31",
    "acceptedDate": "2016-03-30 20:00:00",
    "calendarYear": "2016",
    "period": "Q1",
    "revenue": 9884000000,
    "costOfRevenue": 6703000000,
    "grossProfit": 3181000000,
    "grossProfitRatio": 0.3218332659,
    "researchAndDevelopmentExpenses": 0,
    "generalAndAdministrativeExpenses": 0,
    "sellingAndMarketingExpenses": 0,
    "sellingGeneralAndAdministrativeExpenses": 0,
    "otherExpenses": 0,
    "operatingExpenses": 0,
    "costAndExpenses": 6703000000,
    "interestIncome": 0,
    "interestExpense": 0,
    "depreciationAndAmortization": 158000000,
    "ebitda": 977000000,
    "ebitdaratio": 0.0988466208,
    "operatingIncome": 3181000000,
    "operatingIncomeRatio": 0.3218332659,
    "totalOtherIncomeExpensesNet": -2362000000,
    "incomeBeforeTax": 819000000,
    "incomeBeforeTaxRatio": 0.0828611898,
    "incomeTaxExpense": 305000000,
    "netIncome": 519000000,
    "netIncomeRatio": 0.0525091056,
    "eps": 2.04,
    "epsdiluted": 2,
    "weightedAverageShsOut": 254822000,
    "weightedAverageShsOutDil": 259447000,
    "link": "",
    "finalLink": ""
  },
  {
    "date": "2015-12-31",
    "symbol": "CI",
    "reportedCurrency": "USD",
    "cik": "0001739940",
    "fillingDate": "2015-12-31",
    "acceptedDate": "2015-12-30 19:00:00",
    "calendarYear": "2015",
    "period": "Q4",
    "revenue": 9528000000,
    "costOfRevenue": 6453000000,
    "grossProfit": 3075000000,
    "grossProfitRatio": 0.3227329975,
    "researchAndDevelopmentExpenses": 0,
    "generalAndAdministrativeExpenses": 0,
    "sellingAndMarketingExpenses": 0,
    "sellingGeneralAndAdministrativeExpenses": 92000000,
    "otherExpenses": 0,
    "operatingExpenses": 92000000,
    "costAndExpenses": 6545000000,
    "interestIncome": 0,
    "interestExpense": 0,
    "depreciationAndAmortization": 134000000,
    "ebitda": 973000000,
    "ebitdaratio": 0.1021200672,
    "operatingIncome": 2983000000,
    "operatingIncomeRatio": 0.313077246,
    "totalOtherIncomeExpensesNet": -2324000000,
    "incomeBeforeTax": 659000000,
    "incomeBeforeTaxRatio": 0.0691645676,
    "incomeTaxExpense": 241000000,
    "netIncome": 426000000,
    "netIncomeRatio": 0.0447103275,
    "eps": 1.66,
    "epsdiluted": 1.66,
    "weightedAverageShsOut": 256070000,
    "weightedAverageShsOutDil": 256070000,
    "link": "",
    "finalLink": ""
  },
  {
    "date": "2015-09-30",
    "symbol": "CI",
    "reportedCurrency": "USD",
    "cik": "0001739940",
    "fillingDate": "2015-09-30",
    "acceptedDate": "2015-09-29 20:00:00",
    "calendarYear": "2015",
    "period": "Q3",
    "revenue": 9389000000,
    "costOfRevenue": 6301000000,
    "grossProfit": 3088000000,
    "grossProfitRatio": 0.328895516,
    "researchAndDevelopmentExpenses": 0,
    "generalAndAdministrativeExpenses": 0,
    "sellingAndMarketingExpenses": 0,
    "sellingGeneralAndAdministrativeExpenses": 0,
    "otherExpenses": 0,
    "operatingExpenses": 0,
    "costAndExpenses": 6301000000,
    "interestIncome": 0,
    "interestExpense": 0,
    "depreciationAndAmortization": 149000000,
    "ebitda": 923000000,
    "ebitdaratio": 0.0983065289,
    "operatingIncome": 3088000000,
    "operatingIncomeRatio": 0.328895516,
    "totalOtherIncomeExpensesNet": -2210000000,
    "incomeBeforeTax": 878000000,
    "incomeBeforeTaxRatio": 0.0935136862,
    "incomeTaxExpense": 334000000,
    "netIncome": 547000000,
    "netIncomeRatio": 0.0582596656,
    "eps": 2.14,
    "epsdiluted": 2.1,
    "weightedAverageShsOut": 256070000,
    "weightedAverageShsOutDil": 260519000,
    "link": "",
    "finalLink": ""
  },
  {
    "date": "2015-06-30",
    "symbol": "CI",
    "reportedCurrency": "USD",
    "cik": "0001739940",
    "fillingDate": "2015-06-30",
    "acceptedDate": "2015-06-29 20:00:00",
    "calendarYear": "2015",
    "period": "Q2",
    "revenue": 9492000000,
    "costOfRevenue": 6305000000,
    "grossProfit": 3187000000,
    "grossProfitRatio": 0.3357564265,
    "researchAndDevelopmentExpenses": 0,
    "generalAndAdministrativeExpenses": 0,
    "sellingAndMarketingExpenses": 0,
    "sellingGeneralAndAdministrativeExpenses": 0,
    "otherExpenses": 0,
    "operatingExpenses": 0,
    "costAndExpenses": 6305000000,
    "interestIncome": 0,
    "interestExpense": 0,
    "depreciationAndAmortization": 151000000,
    "ebitda": 1087000000,
    "ebitdaratio": 0.1145174884,
    "operatingIncome": 3187000000,
    "operatingIncomeRatio": 0.3357564265,
    "totalOtherIncomeExpensesNet": -2251000000,
    "incomeBeforeTax": 936000000,
    "incomeBeforeTaxRatio": 0.0986093552,
    "incomeTaxExpense": 352000000,
    "netIncome": 588000000,
    "netIncomeRatio": 0.0619469027,
    "eps": 2.3,
    "epsdiluted": 2.26,
    "weightedAverageShsOut": 255730000,
    "weightedAverageShsOutDil": 260097000,
    "link": "",
    "finalLink": ""
  },
  {
    "date": "2015-03-31",
    "symbol": "CI",
    "reportedCurrency": "USD",
    "cik": "0001739940",
    "fillingDate": "2015-03-31",
    "acceptedDate": "2015-03-30 20:00:00",
    "calendarYear": "2015",
    "period": "Q1",
    "revenue": 9467000000,
    "costOfRevenue": 6365000000,
    "grossProfit": 3102000000,
    "grossProfitRatio": 0.3276645189,
    "researchAndDevelopmentExpenses": 0,
    "generalAndAdministrativeExpenses": 0,
    "sellingAndMarketingExpenses": 0,
    "sellingGeneralAndAdministrativeExpenses": 0,
    "otherExpenses": 0,
    "operatingExpenses": 0,
    "costAndExpenses": 6365000000,
    "interestIncome": 0,
    "interestExpense": 0,
    "depreciationAndAmortization": 151000000,
    "ebitda": 1005000000,
    "ebitdaratio": 0.1061582339,
    "operatingIncome": 3102000000,
    "operatingIncomeRatio": 0.3276645189,
    "totalOtherIncomeExpensesNet": -2248000000,
    "incomeBeforeTax": 854000000,
    "incomeBeforeTaxRatio": 0.0902080913,
    "incomeTaxExpense": 323000000,
    "netIncome": 533000000,
    "netIncomeRatio": 0.0563008345,
    "eps": 2.08,
    "epsdiluted": 2.04,
    "weightedAverageShsOut": 256707000,
    "weightedAverageShsOutDil": 261246000,
    "link": "",
    "finalLink": ""
  },
  {
    "date": "2014-12-31",
    "symbol": "CI",
    "reportedCurrency": "USD",
    "cik": "0001739940",
    "fillingDate": "2014-12-31",
    "acceptedDate": "2014-12-30 19:00:00",
    "calendarYear": "2014",
    "period": "Q4",
    "revenue": 8928000000,
    "costOfRevenue": 5983000000,
    "grossProfit": 2945000000,
    "grossProfitRatio": 0.3298611111,
    "researchAndDevelopmentExpenses": 0,
    "generalAndAdministrativeExpenses": 0,
    "sellingAndMarketingExpenses": 0,
    "sellingGeneralAndAdministrativeExpenses": 0,
    "otherExpenses": 0,
    "operatingExpenses": 0,
    "costAndExpenses": 5983000000,
    "interestIncome": 0,
    "interestExpense": 0,
    "depreciationAndAmortization": 153000000,
    "ebitda": 885000000,
    "ebitdaratio": 0.0991263441,
    "operatingIncome": 2945000000,
    "operatingIncomeRatio": 0.3298611111,
    "totalOtherIncomeExpensesNet": -2213000000,
    "incomeBeforeTax": 732000000,
    "incomeBeforeTaxRatio": 0.0819892473,
    "incomeTaxExpense": 270000000,
    "netIncome": 467000000,
    "netIncomeRatio": 0.0523073477,
    "eps": 1.79,
    "epsdiluted": 1.79,
    "weightedAverageShsOut": 260298000,
    "weightedAverageShsOutDil": 261402000,
    "link": "",
    "finalLink": ""
  },
  {
    "date": "2014-09-30",
    "symbol": "CI",
    "reportedCurrency": "USD",
    "cik": "0001739940",
    "fillingDate": "2014-09-30",
    "acceptedDate": "2014-09-29 20:00:00",
    "calendarYear": "2014",
    "period": "Q3",
    "revenue": 8757000000,
    "costOfRevenue": 5859000000,
    "grossProfit": 2898000000,
    "grossProfitRatio": 0.3309352518,
    "researchAndDevelopmentExpenses": 0,
    "generalAndAdministrativeExpenses": 0,
    "sellingAndMarketingExpenses": 0,
    "sellingGeneralAndAdministrativeExpenses": 0,
    "otherExpenses": 0,
    "operatingExpenses": 0,
    "costAndExpenses": 5859000000,
    "interestIncome": 0,
    "interestExpense": 0,
    "depreciationAndAmortization": 146000000,
    "ebitda": 964000000,
    "ebitdaratio": 0.1100833619,
    "operatingIncome": 2898000000,
    "operatingIncomeRatio": 0.3309352518,
    "totalOtherIncomeExpensesNet": -2080000000,
    "incomeBeforeTax": 818000000,
    "incomeBeforeTaxRatio": 0.0934109855,
    "incomeTaxExpense": 287000000,
    "netIncome": 534000000,
    "netIncomeRatio": 0.0609797876,
    "eps": 2.04,
    "epsdiluted": 2.01,
    "weightedAverageShsOut": 261402000,
    "weightedAverageShsOutDil": 265891000,
    "link": "",
    "finalLink": ""
  },
  {
    "date": "2014-06-30",
    "symbol": "CI",
    "reportedCurrency": "USD",
    "cik": "0001739940",
    "fillingDate": "2014-06-30",
    "acceptedDate": "2014-06-29 20:00:00",
    "calendarYear": "2014",
    "period": "Q2",
    "revenue": 8733000000,
    "costOfRevenue": 5788000000,
    "grossProfit": 2945000000,
    "grossProfitRatio": 0.3372266117,
    "researchAndDevelopmentExpenses": 0,
    "generalAndAdministrativeExpenses": 0,
    "sellingAndMarketingExpenses": 0,
    "sellingGeneralAndAdministrativeExpenses": 0,
    "otherExpenses": 0,
    "operatingExpenses": 0,
    "costAndExpenses": 5788000000,
    "interestIncome": 0,
    "interestExpense": 0,
    "depreciationAndAmortization": 139000000,
    "ebitda": 987000000,
    "ebitdaratio": 0.1130195809,
    "operatingIncome": 2945000000,
    "operatingIncomeRatio": 0.3372266117,
    "totalOtherIncomeExpensesNet": -2044000000,
    "incomeBeforeTax": 901000000,
    "incomeBeforeTaxRatio": 0.1031718768,
    "incomeTaxExpense": 329000000,
    "netIncome": 573000000,
    "netIncomeRatio": 0.0656131913,
    "eps": 2.16,
    "epsdiluted": 2.12,
    "weightedAverageShsOut": 265377000,
    "weightedAverageShsOutDil": 269921000,
    "link": "",
    "finalLink": ""
  },
  {
    "date": "2014-03-31",
    "symbol": "CI",
    "reportedCurrency": "USD",
    "cik": "0001739940",
    "fillingDate": "2014-03-31",
    "acceptedDate": "2014-03-30 20:00:00",
    "calendarYear": "2014",
    "period": "Q1",
    "revenue": 8496000000,
    "costOfRevenue": 5611000000,
    "grossProfit": 2885000000,
    "grossProfitRatio": 0.3395715631,
    "researchAndDevelopmentExpenses": 0,
    "generalAndAdministrativeExpenses": 0,
    "sellingAndMarketingExpenses": 0,
    "sellingGeneralAndAdministrativeExpenses": 0,
    "otherExpenses": 0,
    "operatingExpenses": 0,
    "costAndExpenses": 5611000000,
    "interestIncome": 0,
    "interestExpense": 0,
    "depreciationAndAmortization": 150000000,
    "ebitda": 1003000000,
    "ebitdaratio": 0.1180555556,
    "operatingIncome": 2885000000,
    "operatingIncomeRatio": 0.3395715631,
    "totalOtherIncomeExpensesNet": -2032000000,
    "incomeBeforeTax": 853000000,
    "incomeBeforeTaxRatio": 0.1004001883,
    "incomeTaxExpense": 324000000,
    "netIncome": 528000000,
    "netIncomeRatio": 0.0621468927,
    "eps": 1.96,
    "epsdiluted": 1.92,
    "weightedAverageShsOut": 269979000,
    "weightedAverageShsOutDil": 274467000,
    "link": "",
    "finalLink": ""
  },
  {
    "date": "2013-12-31",
    "symbol": "CI",
    "reportedCurrency": "USD",
    "cik": "0001739940",
    "fillingDate": "2013-12-31",
    "acceptedDate": "2013-12-30 19:00:00",
    "calendarYear": "2013",
    "period": "Q4",
    "revenue": 8112000000,
    "costOfRevenue": 0,
    "grossProfit": 0,
    "grossProfitRatio": 0,
    "researchAndDevelopmentExpenses": 0,
    "generalAndAdministrativeExpenses": 2030000000,
    "sellingAndMarketingExpenses": -2030000000,
    "sellingGeneralAndAdministrativeExpenses": 0,
    "otherExpenses": 0,
    "operatingExpenses": 0,
    "costAndExpenses": 0,
    "interestIncome": 0,
    "interestExpense": 0,
    "depreciationAndAmortization": 0,
    "ebitda": 0,
    "ebitdaratio": 0,
    "operatingIncome": 8112000000,
    "operatingIncomeRatio": 1,
    "totalOtherIncomeExpensesNet": -7576000000,
    "incomeBeforeTax": 536000000,
    "incomeBeforeTaxRatio": 0.0660749507,
    "incomeTaxExpense": 176000000,
    "netIncome": 361000000,
    "netIncomeRatio": 0.0445019724,
    "eps": 1.31,
    "epsdiluted": 1.3,
    "weightedAverageShsOut": 274638000,
    "weightedAverageShsOutDil": 278054000,
    "link": "",
    "finalLink": ""
  },
  {
    "date": "2013-09-30",
    "symbol": "CI",
    "reportedCurrency": "USD",
    "cik": "0001739940",
    "fillingDate": "2013-09-30",
    "acceptedDate": "2013-09-29 20:00:00",
    "calendarYear": "2013",
    "period": "Q3",
    "revenue": 8066000000,
    "costOfRevenue": 0,
    "grossProfit": 0,
    "grossProfitRatio": 0,
    "researchAndDevelopmentExpenses": 0,
    "generalAndAdministrativeExpenses": 0,
    "sellingAndMarketingExpenses": 0,
    "sellingGeneralAndAdministrativeExpenses": 0,
    "otherExpenses": 0,
    "operatingExpenses": 0,
    "costAndExpenses": 0,
    "interestIncome": 0,
    "interestExpense": 0,
    "depreciationAndAmortization": 0,
    "ebitda": 0,
    "ebitdaratio": 0,
    "operatingIncome": 8066000000,
    "operatingIncomeRatio": 1,
    "totalOtherIncomeExpensesNet": -7267000000,
    "incomeBeforeTax": 799000000,
    "incomeBeforeTaxRatio": 0.0990577734,
    "incomeTaxExpense": 246000000,
    "netIncome": 553000000,
    "netIncomeRatio": 0.0685593851,
    "eps": 1.99,
    "epsdiluted": 1.95,
    "weightedAverageShsOut": 278054000,
    "weightedAverageShsOutDil": 283563000,
    "link": "",
    "finalLink": ""
  },
  {
    "date": "2013-06-30",
    "symbol": "CI",
    "reportedCurrency": "USD",
    "cik": "0001739940",
    "fillingDate": "2013-06-30",
    "acceptedDate": "2013-06-29 20:00:00",
    "calendarYear": "2013",
    "period": "Q2",
    "revenue": 7980000000,
    "costOfRevenue": 0,
    "grossProfit": 0,
    "grossProfitRatio": 0,
    "researchAndDevelopmentExpenses": 0,
    "generalAndAdministrativeExpenses": 0,
    "sellingAndMarketingExpenses": 0,
    "sellingGeneralAndAdministrativeExpenses": 0,
    "otherExpenses": 0,
    "operatingExpenses": 7145000000,
    "costAndExpenses": 7145000000,
    "interestIncome": 68000000,
    "interestExpense": 0,
    "depreciationAndAmortization": -835000000,
    "ebitda": -69000000,
    "ebitdaratio": -0.0086466165,
    "operatingIncome": 835000000,
    "operatingIncomeRatio": 0.1046365915,
    "totalOtherIncomeExpensesNet": -68000000,
    "incomeBeforeTax": 767000000,
    "incomeBeforeTaxRatio": 0.0961152882,
    "incomeTaxExpense": 261000000,
    "netIncome": 505000000,
    "netIncomeRatio": 0.063283208,
    "eps": 1.79,
    "epsdiluted": 1.76,
    "weightedAverageShsOut": 282043000,
    "weightedAverageShsOutDil": 287086000,
    "link": "",
    "finalLink": ""
  },
  {
    "date": "2013-03-31",
    "symbol": "CI",
    "reportedCurrency": "USD",
    "cik": "0001739940",
    "fillingDate": "2013-03-31",
    "acceptedDate": "2013-03-30 20:00:00",
    "calendarYear": "2013",
    "period": "Q1",
    "revenue": 8222000000,
    "costOfRevenue": 0,
    "grossProfit": 0,
    "grossProfitRatio": 0,
    "researchAndDevelopmentExpenses": 0,
    "generalAndAdministrativeExpenses": 0,
    "sellingAndMarketingExpenses": 0,
    "sellingGeneralAndAdministrativeExpenses": 0,
    "otherExpenses": 0,
    "operatingExpenses": 8081000000,
    "costAndExpenses": 8081000000,
    "interestIncome": 67000000,
    "interestExpense": 0,
    "depreciationAndAmortization": -897000000,
    "ebitda": -825000000,
    "ebitdaratio": -0.1003405497,
    "operatingIncome": 897000000,
    "operatingIncomeRatio": 0.1090975432,
    "totalOtherIncomeExpensesNet": -823000000,
    "incomeBeforeTax": 74000000,
    "incomeBeforeTaxRatio": 0.0090002432,
    "incomeTaxExpense": 15000000,
    "netIncome": 57000000,
    "netIncomeRatio": 0.0069326198,
    "eps": 0.2,
    "epsdiluted": 0.2,
    "weightedAverageShsOut": 283804000,
    "weightedAverageShsOutDil": 283804000,
    "link": "",
    "finalLink": ""
  },
  {
    "date": "2012-12-31",
    "symbol": "CI",
    "reportedCurrency": "USD",
    "cik": "0001739940",
    "fillingDate": "2012-12-31",
    "acceptedDate": "2012-12-30 19:00:00",
    "calendarYear": "2012",
    "period": "Q4",
    "revenue": 7620000000,
    "costOfRevenue": 0,
    "grossProfit": 0,
    "grossProfitRatio": 0,
    "researchAndDevelopmentExpenses": 0,
    "generalAndAdministrativeExpenses": 0,
    "sellingAndMarketingExpenses": 0,
    "sellingGeneralAndAdministrativeExpenses": 0,
    "otherExpenses": 0,
    "operatingExpenses": 6934000000,
    "costAndExpenses": 6934000000,
    "interestIncome": 67000000,
    "interestExpense": 0,
    "depreciationAndAmortization": -739000000,
    "ebitda": -121000000,
    "ebitdaratio": -0.0158792651,
    "operatingIncome": 739000000,
    "operatingIncomeRatio": 0.0969816273,
    "totalOtherIncomeExpensesNet": -120000000,
    "incomeBeforeTax": 619000000,
    "incomeBeforeTaxRatio": 0.0812335958,
    "incomeTaxExpense": 212000000,
    "netIncome": 406000000,
    "netIncomeRatio": 0.0532808399,
    "eps": 1.43,
    "epsdiluted": 1.43,
    "weightedAverageShsOut": 284312000,
    "weightedAverageShsOutDil": 284891000,
    "link": "",
    "finalLink": ""
  },
  {
    "date": "2012-09-30",
    "symbol": "CI",
    "reportedCurrency": "USD",
    "cik": "0001739940",
    "fillingDate": "2012-09-30",
    "acceptedDate": "2012-09-29 20:00:00",
    "calendarYear": "2012",
    "period": "Q3",
    "revenue": 7323000000,
    "costOfRevenue": 0,
    "grossProfit": 0,
    "grossProfitRatio": 0,
    "researchAndDevelopmentExpenses": 0,
    "generalAndAdministrativeExpenses": 0,
    "sellingAndMarketingExpenses": 0,
    "sellingGeneralAndAdministrativeExpenses": 0,
    "otherExpenses": 0,
    "operatingExpenses": 6537000000,
    "costAndExpenses": -6537000000,
    "interestIncome": 0,
    "interestExpense": 68000000,
    "depreciationAndAmortization": 0,
    "ebitda": 650000000,
    "ebitdaratio": 0.0887614366,
    "operatingIncome": 0,
    "operatingIncomeRatio": 0,
    "totalOtherIncomeExpensesNet": 718000000,
    "incomeBeforeTax": 718000000,
    "incomeBeforeTaxRatio": 0.0980472484,
    "incomeTaxExpense": 252000000,
    "netIncome": 466000000,
    "netIncomeRatio": 0.0636351222,
    "eps": 1.64,
    "epsdiluted": 1.61,
    "weightedAverageShsOut": 284891000,
    "weightedAverageShsOutDil": 289875000,
    "link": "",
    "finalLink": ""
  },
  {
    "date": "2012-06-30",
    "symbol": "CI",
    "reportedCurrency": "USD",
    "cik": "0001739940",
    "fillingDate": "2012-06-30",
    "acceptedDate": "2012-06-29 20:00:00",
    "calendarYear": "2012",
    "period": "Q2",
    "revenue": 7335000000,
    "costOfRevenue": 0,
    "grossProfit": 7335000000,
    "grossProfitRatio": 1,
    "researchAndDevelopmentExpenses": 0,
    "generalAndAdministrativeExpenses": 0,
    "sellingAndMarketingExpenses": 0,
    "sellingGeneralAndAdministrativeExpenses": 0,
    "otherExpenses": 6747000000,
    "operatingExpenses": 6747000000,
    "costAndExpenses": 6747000000,
    "interestIncome": 0,
    "interestExpense": 67000000,
    "depreciationAndAmortization": 144000000,
    "ebitda": 799000000,
    "ebitdaratio": 0.1089297887,
    "operatingIncome": 588000000,
    "operatingIncomeRatio": 0.0801635992,
    "totalOtherIncomeExpensesNet": 0,
    "incomeBeforeTax": 588000000,
    "incomeBeforeTaxRatio": 0.0801635992,
    "incomeTaxExpense": 208000000,
    "netIncome": 380000000,
    "netIncomeRatio": 0.0518064076,
    "eps": 1.33,
    "epsdiluted": 1.31,
    "weightedAverageShsOut": 285690000,
    "weightedAverageShsOutDil": 290547000,
    "link": "",
    "finalLink": ""
  },
  {
    "date": "2012-03-31",
    "symbol": "CI",
    "reportedCurrency": "USD",
    "cik": "0001739940",
    "fillingDate": "2012-03-31",
    "acceptedDate": "2012-03-30 20:00:00",
    "calendarYear": "2012",
    "period": "Q1",
    "revenue": 6821000000,
    "costOfRevenue": 0,
    "grossProfit": 6821000000,
    "grossProfitRatio": 1,
    "researchAndDevelopmentExpenses": 0,
    "generalAndAdministrativeExpenses": 0,
    "sellingAndMarketingExpenses": 0,
    "sellingGeneralAndAdministrativeExpenses": 0,
    "otherExpenses": 6269000000,
    "operatingExpenses": 6269000000,
    "costAndExpenses": 6269000000,
    "interestIncome": 0,
    "interestExpense": 66000000,
    "depreciationAndAmortization": 126000000,
    "ebitda": 744000000,
    "ebitdaratio": 0.1090749157,
    "operatingIncome": 552000000,
    "operatingIncomeRatio": 0.0809265504,
    "totalOtherIncomeExpensesNet": 0,
    "incomeBeforeTax": 552000000,
    "incomeBeforeTaxRatio": 0.0809265504,
    "incomeTaxExpense": 181000000,
    "netIncome": 371000000,
    "netIncomeRatio": 0.0543908518,
    "eps": 1.3,
    "epsdiluted": 1.28,
    "weightedAverageShsOut": 285159000,
    "weightedAverageShsOutDil": 288999000,
    "link": "",
    "finalLink": ""
  },
  {
    "date": "2011-12-31",
    "symbol": "CI",
    "reportedCurrency": "USD",
    "cik": "0001739940",
    "fillingDate": "2011-12-31",
    "acceptedDate": "2011-12-30 19:00:00",
    "calendarYear": "2011",
    "period": "Q4",
    "revenue": 5463000000,
    "costOfRevenue": 0,
    "grossProfit": 5463000000,
    "grossProfitRatio": 1,
    "researchAndDevelopmentExpenses": 0,
    "generalAndAdministrativeExpenses": 0,
    "sellingAndMarketingExpenses": 0,
    "sellingGeneralAndAdministrativeExpenses": 1588000000,
    "otherExpenses": 3420000000,
    "operatingExpenses": 5008000000,
    "costAndExpenses": 5008000000,
    "interestIncome": 0,
    "interestExpense": 61000000,
    "depreciationAndAmortization": 93000000,
    "ebitda": 609000000,
    "ebitdaratio": 0.1114772103,
    "operatingIncome": 455000000,
    "operatingIncomeRatio": 0.0832875709,
    "totalOtherIncomeExpensesNet": 0,
    "incomeBeforeTax": 455000000,
    "incomeBeforeTaxRatio": 0.0832875709,
    "incomeTaxExpense": 165000000,
    "netIncome": 290000000,
    "netIncomeRatio": 0.0530843859,
    "eps": 1.04,
    "epsdiluted": 1.08,
    "weightedAverageShsOut": 277925000,
    "weightedAverageShsOutDil": 268569000,
    "link": "",
    "finalLink": ""
  },
  {
    "date": "2011-09-30",
    "symbol": "CI",
    "reportedCurrency": "USD",
    "cik": "0001739940",
    "fillingDate": "2011-09-30",
    "acceptedDate": "2011-09-29 20:00:00",
    "calendarYear": "2011",
    "period": "Q3",
    "revenue": 5386000000,
    "costOfRevenue": 0,
    "grossProfit": 5386000000,
    "grossProfitRatio": 1,
    "researchAndDevelopmentExpenses": 0,
    "generalAndAdministrativeExpenses": 0,
    "sellingAndMarketingExpenses": 0,
    "sellingGeneralAndAdministrativeExpenses": 1469000000,
    "otherExpenses": 3644000000,
    "operatingExpenses": 5113000000,
    "costAndExpenses": 5113000000,
    "interestIncome": 0,
    "interestExpense": 49000000,
    "depreciationAndAmortization": 86000000,
    "ebitda": 408000000,
    "ebitdaratio": 0.0757519495,
    "operatingIncome": 273000000,
    "operatingIncomeRatio": 0.0506869662,
    "totalOtherIncomeExpensesNet": 0,
    "incomeBeforeTax": 273000000,
    "incomeBeforeTaxRatio": 0.0506869662,
    "incomeTaxExpense": 90000000,
    "netIncome": 183000000,
    "netIncomeRatio": 0.0339769773,
    "eps": 0.68,
    "epsdiluted": 0.67,
    "weightedAverageShsOut": 268569000,
    "weightedAverageShsOutDil": 272060000,
    "link": "",
    "finalLink": ""
  },
  {
    "date": "2011-06-30",
    "symbol": "CI",
    "reportedCurrency": "USD",
    "cik": "0001739940",
    "fillingDate": "2011-06-30",
    "acceptedDate": "2011-06-29 20:00:00",
    "calendarYear": "2011",
    "period": "Q2",
    "revenue": 5507000000,
    "costOfRevenue": 0,
    "grossProfit": 5507000000,
    "grossProfitRatio": 1,
    "researchAndDevelopmentExpenses": 0,
    "generalAndAdministrativeExpenses": 0,
    "sellingAndMarketingExpenses": 0,
    "sellingGeneralAndAdministrativeExpenses": 1383000000,
    "otherExpenses": 3532000000,
    "operatingExpenses": 4915000000,
    "costAndExpenses": 4915000000,
    "interestIncome": 0,
    "interestExpense": 48000000,
    "depreciationAndAmortization": 83000000,
    "ebitda": 723000000,
    "ebitdaratio": 0.1312874523,
    "operatingIncome": 592000000,
    "operatingIncomeRatio": 0.107499546,
    "totalOtherIncomeExpensesNet": 0,
    "incomeBeforeTax": 592000000,
    "incomeBeforeTaxRatio": 0.107499546,
    "incomeTaxExpense": 201000000,
    "netIncome": 391000000,
    "netIncomeRatio": 0.0710005448,
    "eps": 1.46,
    "epsdiluted": 1.43,
    "weightedAverageShsOut": 268557000,
    "weightedAverageShsOutDil": 268557000,
    "link": "",
    "finalLink": ""
  },
  {
    "date": "2011-03-31",
    "symbol": "CI",
    "reportedCurrency": "USD",
    "cik": "0001739940",
    "fillingDate": "2011-03-31",
    "acceptedDate": "2011-03-30 20:00:00",
    "calendarYear": "2011",
    "period": "Q1",
    "revenue": 5411000000,
    "costOfRevenue": 0,
    "grossProfit": 5411000000,
    "grossProfitRatio": 1,
    "researchAndDevelopmentExpenses": 0,
    "generalAndAdministrativeExpenses": 0,
    "sellingAndMarketingExpenses": 0,
    "sellingGeneralAndAdministrativeExpenses": 1482000000,
    "otherExpenses": 3350000000,
    "operatingExpenses": 4832000000,
    "costAndExpenses": 4832000000,
    "interestIncome": 0,
    "interestExpense": 44000000,
    "depreciationAndAmortization": 83000000,
    "ebitda": 706000000,
    "ebitdaratio": 0.1304749584,
    "operatingIncome": 579000000,
    "operatingIncomeRatio": 0.1070042506,
    "totalOtherIncomeExpensesNet": 0,
    "incomeBeforeTax": 579000000,
    "incomeBeforeTaxRatio": 0.1070042506,
    "incomeTaxExpense": 165000000,
    "netIncome": 413000000,
    "netIncomeRatio": 0.0763260026,
    "eps": 1.53,
    "epsdiluted": 1.51,
    "weightedAverageShsOut": 270377000,
    "weightedAverageShsOutDil": 270377000,
    "link": "",
    "finalLink": ""
  },
  {
    "date": "2010-12-31",
    "symbol": "CI",
    "reportedCurrency": "USD",
    "cik": "0001739940",
    "fillingDate": "2010-12-31",
    "acceptedDate": "2010-12-30 19:00:00",
    "calendarYear": "2010",
    "period": "Q4",
    "revenue": 5429000000,
    "costOfRevenue": 0,
    "grossProfit": 5429000000,
    "grossProfitRatio": 1,
    "researchAndDevelopmentExpenses": 0,
    "generalAndAdministrativeExpenses": 0,
    "sellingAndMarketingExpenses": 0,
    "sellingGeneralAndAdministrativeExpenses": 1476000000,
    "otherExpenses": 3408000000,
    "operatingExpenses": 4884000000,
    "costAndExpenses": 4884000000,
    "interestIncome": 0,
    "interestExpense": 0,
    "depreciationAndAmortization": 88000000,
    "ebitda": 0,
    "ebitdaratio": 0,
    "operatingIncome": 545000000,
    "operatingIncomeRatio": 0.1003868116,
    "totalOtherIncomeExpensesNet": 0,
    "incomeBeforeTax": 545000000,
    "incomeBeforeTaxRatio": 0.1003868116,
    "incomeTaxExpense": 83000000,
    "netIncome": 461000000,
    "netIncomeRatio": 0.0849143489,
    "eps": 1.7,
    "epsdiluted": 1.7,
    "weightedAverageShsOut": 270497000,
    "weightedAverageShsOutDil": 270497000,
    "link": "",
    "finalLink": ""
  },
  {
    "date": "2010-09-30",
    "symbol": "CI",
    "reportedCurrency": "USD",
    "cik": "0001739940",
    "fillingDate": "2010-09-30",
    "acceptedDate": "2010-09-29 20:00:00",
    "calendarYear": "2010",
    "period": "Q3",
    "revenue": 5266000000,
    "costOfRevenue": 0,
    "grossProfit": 5266000000,
    "grossProfitRatio": 1,
    "researchAndDevelopmentExpenses": 0,
    "generalAndAdministrativeExpenses": 0,
    "sellingAndMarketingExpenses": 0,
    "sellingGeneralAndAdministrativeExpenses": 1402000000,
    "otherExpenses": 3400000000,
    "operatingExpenses": 4802000000,
    "costAndExpenses": 4802000000,
    "interestIncome": 0,
    "interestExpense": 47000000,
    "depreciationAndAmortization": 76000000,
    "ebitda": 587000000,
    "ebitdaratio": 0.1114698063,
    "operatingIncome": 464000000,
    "operatingIncomeRatio": 0.0881124193,
    "totalOtherIncomeExpensesNet": 0,
    "incomeBeforeTax": 464000000,
    "incomeBeforeTaxRatio": 0.0881124193,
    "incomeTaxExpense": 156000000,
    "netIncome": 307000000,
    "netIncomeRatio": 0.0582985188,
    "eps": 1.13,
    "epsdiluted": 1.13,
    "weightedAverageShsOut": 270497000,
    "weightedAverageShsOutDil": 270497000,
    "link": "",
    "finalLink": ""
  },
  {
    "date": "2010-06-30",
    "symbol": "CI",
    "reportedCurrency": "USD",
    "cik": "0001739940",
    "fillingDate": "2010-06-30",
    "acceptedDate": "2010-06-29 20:00:00",
    "calendarYear": "2010",
    "period": "Q2",
    "revenue": 5353000000,
    "costOfRevenue": 0,
    "grossProfit": 5353000000,
    "grossProfitRatio": 1,
    "researchAndDevelopmentExpenses": 0,
    "generalAndAdministrativeExpenses": 0,
    "sellingAndMarketingExpenses": 0,
    "sellingGeneralAndAdministrativeExpenses": 1317000000,
    "otherExpenses": 3597000000,
    "operatingExpenses": 4914000000,
    "costAndExpenses": 4914000000,
    "interestIncome": 0,
    "interestExpense": 88000000,
    "depreciationAndAmortization": 67000000,
    "ebitda": 594000000,
    "ebitdaratio": 0.1109658136,
    "operatingIncome": 439000000,
    "operatingIncomeRatio": 0.0820100878,
    "totalOtherIncomeExpensesNet": 0,
    "incomeBeforeTax": 439000000,
    "incomeBeforeTaxRatio": 0.0820100878,
    "incomeTaxExpense": 144000000,
    "netIncome": 294000000,
    "netIncomeRatio": 0.0549224734,
    "eps": 1.07,
    "epsdiluted": 1.06,
    "weightedAverageShsOut": 275107000,
    "weightedAverageShsOutDil": 277536000,
    "link": "",
    "finalLink": ""
  },
  {
    "date": "2010-03-31",
    "symbol": "CI",
    "reportedCurrency": "USD",
    "cik": "0001739940",
    "fillingDate": "2010-03-31",
    "acceptedDate": "2010-03-30 20:00:00",
    "calendarYear": "2010",
    "period": "Q1",
    "revenue": 5205000000,
    "costOfRevenue": 0,
    "grossProfit": 5205000000,
    "grossProfitRatio": 1,
    "researchAndDevelopmentExpenses": 0,
    "generalAndAdministrativeExpenses": 0,
    "sellingAndMarketingExpenses": 0,
    "sellingGeneralAndAdministrativeExpenses": 1414000000,
    "otherExpenses": 3369000000,
    "operatingExpenses": 4783000000,
    "costAndExpenses": 4783000000,
    "interestIncome": 0,
    "interestExpense": 0,
    "depreciationAndAmortization": 61000000,
    "ebitda": 0,
    "ebitdaratio": 0,
    "operatingIncome": 422000000,
    "operatingIncomeRatio": 0.0810758886,
    "totalOtherIncomeExpensesNet": 0,
    "incomeBeforeTax": 422000000,
    "incomeBeforeTaxRatio": 0.0810758886,
    "incomeTaxExpense": 138000000,
    "netIncome": 283000000,
    "netIncomeRatio": 0.0543707973,
    "eps": 1.03,
    "epsdiluted": 1.02,
    "weightedAverageShsOut": 275688000,
    "weightedAverageShsOutDil": 278100000,
    "link": "",
    "finalLink": ""
  },
  {
    "date": "2009-12-31",
    "symbol": "CI",
    "reportedCurrency": "USD",
    "cik": "0001739940",
    "fillingDate": "2009-12-31",
    "acceptedDate": "2009-12-30 19:00:00",
    "calendarYear": "2009",
    "period": "Q4",
    "revenue": 4636000000,
    "costOfRevenue": 0,
    "grossProfit": 4636000000,
    "grossProfitRatio": 1,
    "researchAndDevelopmentExpenses": 0,
    "generalAndAdministrativeExpenses": 0,
    "sellingAndMarketingExpenses": 0,
    "sellingGeneralAndAdministrativeExpenses": 1386000000,
    "otherExpenses": 2742000000,
    "operatingExpenses": 4128000000,
    "costAndExpenses": 4128000000,
    "interestIncome": 0,
    "interestExpense": 0,
    "depreciationAndAmortization": 61000000,
    "ebitda": 0,
    "ebitdaratio": 0,
    "operatingIncome": 508000000,
    "operatingIncomeRatio": 0.1095772217,
    "totalOtherIncomeExpensesNet": 0,
    "incomeBeforeTax": 508000000,
    "incomeBeforeTaxRatio": 0.1095772217,
    "incomeTaxExpense": 177000000,
    "netIncome": 330000000,
    "netIncomeRatio": 0.0711820535,
    "eps": 1.2,
    "epsdiluted": 1.2,
    "weightedAverageShsOut": 274228000,
    "weightedAverageShsOutDil": 274398000,
    "link": "",
    "finalLink": ""
  },
  {
    "date": "2009-09-30",
    "symbol": "CI",
    "reportedCurrency": "USD",
    "cik": "0001739940",
    "fillingDate": "2009-09-30",
    "acceptedDate": "2009-09-29 20:00:00",
    "calendarYear": "2009",
    "period": "Q3",
    "revenue": 4517000000,
    "costOfRevenue": 0,
    "grossProfit": 4517000000,
    "grossProfitRatio": 1,
    "researchAndDevelopmentExpenses": 0,
    "generalAndAdministrativeExpenses": 1342000000,
    "sellingAndMarketingExpenses": 0,
    "sellingGeneralAndAdministrativeExpenses": 1342000000,
    "otherExpenses": 2688000000,
    "operatingExpenses": 4030000000,
    "costAndExpenses": 4030000000,
    "interestIncome": 0,
    "interestExpense": 0,
    "depreciationAndAmortization": 62000000,
    "ebitda": 0,
    "ebitdaratio": 0,
    "operatingIncome": 487000000,
    "operatingIncomeRatio": 0.1078149214,
    "totalOtherIncomeExpensesNet": 0,
    "incomeBeforeTax": 487000000,
    "incomeBeforeTaxRatio": 0.1078149214,
    "incomeTaxExpense": 157000000,
    "netIncome": 329000000,
    "netIncomeRatio": 0.0728359531,
    "eps": 1.2,
    "epsdiluted": 1.19,
    "weightedAverageShsOut": 274398000,
    "weightedAverageShsOutDil": 276130000,
    "link": "",
    "finalLink": ""
  },
  {
    "date": "2009-06-30",
    "symbol": "CI",
    "reportedCurrency": "USD",
    "cik": "0001739940",
    "fillingDate": "2009-06-30",
    "acceptedDate": "2009-06-29 20:00:00",
    "calendarYear": "2009",
    "period": "Q2",
    "revenue": 4488000000,
    "costOfRevenue": 0,
    "grossProfit": 4488000000,
    "grossProfitRatio": 1,
    "researchAndDevelopmentExpenses": 0,
    "generalAndAdministrativeExpenses": 0,
    "sellingAndMarketingExpenses": 0,
    "sellingGeneralAndAdministrativeExpenses": 1330000000,
    "otherExpenses": 2528000000,
    "operatingExpenses": 3858000000,
    "costAndExpenses": 3858000000,
    "interestIncome": 0,
    "interestExpense": 0,
    "depreciationAndAmortization": 76000000,
    "ebitda": 0,
    "ebitdaratio": 0,
    "operatingIncome": 630000000,
    "operatingIncomeRatio": 0.1403743316,
    "totalOtherIncomeExpensesNet": 0,
    "incomeBeforeTax": 630000000,
    "incomeBeforeTaxRatio": 0.1403743316,
    "incomeTaxExpense": 195000000,
    "netIncome": 435000000,
    "netIncomeRatio": 0.0969251337,
    "eps": 1.59,
    "epsdiluted": 1.58,
    "weightedAverageShsOut": 274086000,
    "weightedAverageShsOutDil": 275055000,
    "link": "",
    "finalLink": ""
  },
  {
    "date": "2009-03-31",
    "symbol": "CI",
    "reportedCurrency": "USD",
    "cik": "0001739940",
    "fillingDate": "2009-03-31",
    "acceptedDate": "2009-03-30 20:00:00",
    "calendarYear": "2009",
    "period": "Q1",
    "revenue": 4773000000,
    "costOfRevenue": 0,
    "grossProfit": 4773000000,
    "grossProfitRatio": 1,
    "researchAndDevelopmentExpenses": 0,
    "generalAndAdministrativeExpenses": 0,
    "sellingAndMarketingExpenses": 0,
    "sellingGeneralAndAdministrativeExpenses": 1392000000,
    "otherExpenses": 3108000000,
    "operatingExpenses": 4500000000,
    "costAndExpenses": 4500000000,
    "interestIncome": 0,
    "interestExpense": 0,
    "depreciationAndAmortization": 69000000,
    "ebitda": 0,
    "ebitdaratio": 0,
    "operatingIncome": 273000000,
    "operatingIncomeRatio": 0.0571967316,
    "totalOtherIncomeExpensesNet": 0,
    "incomeBeforeTax": 273000000,
    "incomeBeforeTaxRatio": 0.0571967316,
    "incomeTaxExpense": 65000000,
    "netIncome": 208000000,
    "netIncomeRatio": 0.0435784622,
    "eps": 0.76,
    "epsdiluted": 0.76,
    "weightedAverageShsOut": 272591000,
    "weightedAverageShsOutDil": 272868000,
    "link": "",
    "finalLink": ""
  },
  {
    "date": "2008-12-31",
    "symbol": "CI",
    "reportedCurrency": "USD",
    "cik": "0001739940",
    "fillingDate": "2008-12-31",
    "acceptedDate": "2008-12-30 19:00:00",
    "calendarYear": "2008",
    "period": "Q4",
    "revenue": 4817000000,
    "costOfRevenue": 0,
    "grossProfit": 4817000000,
    "grossProfitRatio": 1,
    "researchAndDevelopmentExpenses": 0,
    "generalAndAdministrativeExpenses": 0,
    "sellingAndMarketingExpenses": 0,
    "sellingGeneralAndAdministrativeExpenses": 0,
    "otherExpenses": 5157000000,
    "operatingExpenses": 5157000000,
    "costAndExpenses": 5157000000,
    "interestIncome": 0,
    "interestExpense": 0,
    "depreciationAndAmortization": 63000000,
    "ebitda": 0,
    "ebitdaratio": 0,
    "operatingIncome": -340000000,
    "operatingIncomeRatio": -0.0705833506,
    "totalOtherIncomeExpensesNet": 0,
    "incomeBeforeTax": -340000000,
    "incomeBeforeTaxRatio": -0.0705833506,
    "incomeTaxExpense": -130000000,
    "netIncome": -209000000,
    "netIncomeRatio": -0.0433880008,
    "eps": -0.76,
    "epsdiluted": -0.77,
    "weightedAverageShsOut": 272705000,
    "weightedAverageShsOutDil": 272705000,
    "link": "",
    "finalLink": ""
  },
  {
    "date": "2008-09-30",
    "symbol": "CI",
    "reportedCurrency": "USD",
    "cik": "0001739940",
    "fillingDate": "2008-09-30",
    "acceptedDate": "2008-09-29 20:00:00",
    "calendarYear": "2008",
    "period": "Q3",
    "revenue": 4852000000,
    "costOfRevenue": 0,
    "grossProfit": 4852000000,
    "grossProfitRatio": 1,
    "researchAndDevelopmentExpenses": 0,
    "generalAndAdministrativeExpenses": 0,
    "sellingAndMarketingExpenses": 0,
    "sellingGeneralAndAdministrativeExpenses": 1415000000,
    "otherExpenses": 3205000000,
    "operatingExpenses": 4620000000,
    "costAndExpenses": 4620000000,
    "interestIncome": 0,
    "interestExpense": 0,
    "depreciationAndAmortization": 64000000,
    "ebitda": 0,
    "ebitdaratio": 0,
    "operatingIncome": 232000000,
    "operatingIncomeRatio": 0.0478153339,
    "totalOtherIncomeExpensesNet": 1000000,
    "incomeBeforeTax": 233000000,
    "incomeBeforeTaxRatio": 0.0480214345,
    "incomeTaxExpense": 62000000,
    "netIncome": 171000000,
    "netIncomeRatio": 0.0352431987,
    "eps": 0.62,
    "epsdiluted": 0.62,
    "weightedAverageShsOut": 275141000,
    "weightedAverageShsOutDil": 276806000,
    "link": "",
    "finalLink": ""
  },
  {
    "date": "2008-06-30",
    "symbol": "CI",
    "reportedCurrency": "USD",
    "cik": "0001739940",
    "fillingDate": "2008-06-30",
    "acceptedDate": "2008-06-29 20:00:00",
    "calendarYear": "2008",
    "period": "Q2",
    "revenue": 4863000000,
    "costOfRevenue": 0,
    "grossProfit": 4863000000,
    "grossProfitRatio": 1,
    "researchAndDevelopmentExpenses": 0,
    "generalAndAdministrativeExpenses": 0,
    "sellingAndMarketingExpenses": 0,
    "sellingGeneralAndAdministrativeExpenses": 1455000000,
    "otherExpenses": 2995000000,
    "operatingExpenses": 4450000000,
    "costAndExpenses": 4450000000,
    "interestIncome": 0,
    "interestExpense": 0,
    "depreciationAndAmortization": 64000000,
    "ebitda": 0,
    "ebitdaratio": 0,
    "operatingIncome": 413000000,
    "operatingIncomeRatio": 0.0849269998,
    "totalOtherIncomeExpensesNet": 0,
    "incomeBeforeTax": 413000000,
    "incomeBeforeTaxRatio": 0.0849269998,
    "incomeTaxExpense": 140000000,
    "netIncome": 272000000,
    "netIncomeRatio": 0.0559325519,
    "eps": 0.97,
    "epsdiluted": 0.96,
    "weightedAverageShsOut": 280070000,
    "weightedAverageShsOutDil": 281920000,
    "link": "",
    "finalLink": ""
  },
  {
    "date": "2008-03-31",
    "symbol": "CI",
    "reportedCurrency": "USD",
    "cik": "0001739940",
    "fillingDate": "2008-03-31",
    "acceptedDate": "2008-03-30 20:00:00",
    "calendarYear": "2008",
    "period": "Q1",
    "revenue": 4569000000,
    "costOfRevenue": 0,
    "grossProfit": 4569000000,
    "grossProfitRatio": 1,
    "researchAndDevelopmentExpenses": 0,
    "generalAndAdministrativeExpenses": 0,
    "sellingAndMarketingExpenses": 0,
    "sellingGeneralAndAdministrativeExpenses": 1280000000,
    "otherExpenses": 3215000000,
    "operatingExpenses": 4495000000,
    "costAndExpenses": 4495000000,
    "interestIncome": 0,
    "interestExpense": 0,
    "depreciationAndAmortization": 53000000,
    "ebitda": 0,
    "ebitdaratio": 0,
    "operatingIncome": 74000000,
    "operatingIncomeRatio": 0.0161961042,
    "totalOtherIncomeExpensesNet": 0,
    "incomeBeforeTax": 74000000,
    "incomeBeforeTaxRatio": 0.0161961042,
    "incomeTaxExpense": 18000000,
    "netIncome": 58000000,
    "netIncomeRatio": 0.0126942438,
    "eps": 0.21,
    "epsdiluted": 0.2,
    "weightedAverageShsOut": 281566000,
    "weightedAverageShsOutDil": 281566000,
    "link": "",
    "finalLink": ""
  },
  {
    "date": "2007-12-31",
    "symbol": "CI",
    "reportedCurrency": "USD",
    "cik": "0001739940",
    "fillingDate": "2007-12-31",
    "acceptedDate": "2007-12-30 19:00:00",
    "calendarYear": "2007",
    "period": "Q4",
    "revenue": 4455000000,
    "costOfRevenue": 0,
    "grossProfit": 4455000000,
    "grossProfitRatio": 1,
    "researchAndDevelopmentExpenses": 0,
    "generalAndAdministrativeExpenses": 0,
    "sellingAndMarketingExpenses": 0,
    "sellingGeneralAndAdministrativeExpenses": 0,
    "otherExpenses": 4067000000,
    "operatingExpenses": 4067000000,
    "costAndExpenses": 4067000000,
    "interestIncome": 0,
    "interestExpense": 0,
    "depreciationAndAmortization": 47000000,
    "ebitda": 0,
    "ebitdaratio": 0,
    "operatingIncome": 388000000,
    "operatingIncomeRatio": 0.0870931538,
    "totalOtherIncomeExpensesNet": 0,
    "incomeBeforeTax": 388000000,
    "incomeBeforeTaxRatio": 0.0870931538,
    "incomeTaxExpense": 125000000,
    "netIncome": 263000000,
    "netIncomeRatio": 0.0590347924,
    "eps": 0.93,
    "epsdiluted": 0.94,
    "weightedAverageShsOut": 280769000,
    "weightedAverageShsOutDil": 280769000,
    "link": "",
    "finalLink": ""
  },
  {
    "date": "2007-09-30",
    "symbol": "CI",
    "reportedCurrency": "USD",
    "cik": "0001739940",
    "fillingDate": "2007-09-30",
    "acceptedDate": "2007-09-29 20:00:00",
    "calendarYear": "2007",
    "period": "Q3",
    "revenue": 4413000000,
    "costOfRevenue": 0,
    "grossProfit": 4413000000,
    "grossProfitRatio": 1,
    "researchAndDevelopmentExpenses": 0,
    "generalAndAdministrativeExpenses": 0,
    "sellingAndMarketingExpenses": 0,
    "sellingGeneralAndAdministrativeExpenses": 0,
    "otherExpenses": 3911000000,
    "operatingExpenses": 3911000000,
    "costAndExpenses": 3911000000,
    "interestIncome": 0,
    "interestExpense": 0,
    "depreciationAndAmortization": 49000000,
    "ebitda": 0,
    "ebitdaratio": 0,
    "operatingIncome": 502000000,
    "operatingIncomeRatio": 0.1137548153,
    "totalOtherIncomeExpensesNet": 0,
    "incomeBeforeTax": 502000000,
    "incomeBeforeTaxRatio": 0.1137548153,
    "incomeTaxExpense": 139000000,
    "netIncome": 365000000,
    "netIncomeRatio": 0.0827101745,
    "eps": 1.3,
    "epsdiluted": 1.28,
    "weightedAverageShsOut": 279883000,
    "weightedAverageShsOutDil": 279883000,
    "link": "",
    "finalLink": ""
  },
  {
    "date": "2007-06-30",
    "symbol": "CI",
    "reportedCurrency": "USD",
    "cik": "0001739940",
    "fillingDate": "2007-06-30",
    "acceptedDate": "2007-06-29 20:00:00",
    "calendarYear": "2007",
    "period": "Q2",
    "revenue": 4381000000,
    "costOfRevenue": 0,
    "grossProfit": 4381000000,
    "grossProfitRatio": 1,
    "researchAndDevelopmentExpenses": 0,
    "generalAndAdministrativeExpenses": 0,
    "sellingAndMarketingExpenses": 0,
    "sellingGeneralAndAdministrativeExpenses": 0,
    "otherExpenses": 4053000000,
    "operatingExpenses": 4053000000,
    "costAndExpenses": 4053000000,
    "interestIncome": 0,
    "interestExpense": 0,
    "depreciationAndAmortization": 44000000,
    "ebitda": 0,
    "ebitdaratio": 0,
    "operatingIncome": 328000000,
    "operatingIncomeRatio": 0.0748687514,
    "totalOtherIncomeExpensesNet": 0,
    "incomeBeforeTax": 328000000,
    "incomeBeforeTaxRatio": 0.0748687514,
    "incomeTaxExpense": 111000000,
    "netIncome": 198000000,
    "netIncomeRatio": 0.0451951609,
    "eps": 0.7,
    "epsdiluted": 0.68,
    "weightedAverageShsOut": 282857000,
    "weightedAverageShsOutDil": 291176000,
    "link": "",
    "finalLink": ""
  },
  {
    "date": "2007-03-31",
    "symbol": "CI",
    "reportedCurrency": "USD",
    "cik": "0001739940",
    "fillingDate": "2007-03-31",
    "acceptedDate": "2007-03-30 20:00:00",
    "calendarYear": "2007",
    "period": "Q1",
    "revenue": 4374000000,
    "costOfRevenue": 0,
    "grossProfit": 4374000000,
    "grossProfitRatio": 1,
    "researchAndDevelopmentExpenses": 0,
    "generalAndAdministrativeExpenses": 0,
    "sellingAndMarketingExpenses": 0,
    "sellingGeneralAndAdministrativeExpenses": 0,
    "otherExpenses": 3961000000,
    "operatingExpenses": 3961000000,
    "costAndExpenses": 3961000000,
    "interestIncome": 0,
    "interestExpense": 0,
    "depreciationAndAmortization": 54000000,
    "ebitda": 0,
    "ebitdaratio": 0,
    "operatingIncome": 413000000,
    "operatingIncomeRatio": 0.0944215821,
    "totalOtherIncomeExpensesNet": 0,
    "incomeBeforeTax": 413000000,
    "incomeBeforeTaxRatio": 0.0944215821,
    "incomeTaxExpense": 136000000,
    "netIncome": 289000000,
    "netIncomeRatio": 0.0660722451,
    "eps": 1,
    "epsdiluted": 0.98,
    "weightedAverageShsOut": 289000000,
    "weightedAverageShsOutDil": 294898000,
    "link": "",
    "finalLink": ""
  },
  {
    "date": "2006-12-31",
    "symbol": "CI",
    "reportedCurrency": "USD",
    "cik": "0001739940",
    "fillingDate": "2006-12-31",
    "acceptedDate": "2006-12-30 19:00:00",
    "calendarYear": "2006",
    "period": "Q4",
    "revenue": 4205000000,
    "costOfRevenue": 0,
    "grossProfit": 4205000000,
    "grossProfitRatio": 1,
    "researchAndDevelopmentExpenses": 0,
    "generalAndAdministrativeExpenses": 0,
    "sellingAndMarketingExpenses": 0,
    "sellingGeneralAndAdministrativeExpenses": 0,
    "otherExpenses": 3856000000,
    "operatingExpenses": 3856000000,
    "costAndExpenses": 3856000000,
    "interestIncome": 0,
    "interestExpense": 0,
    "depreciationAndAmortization": 53000000,
    "ebitda": 0,
    "ebitdaratio": 0,
    "operatingIncome": 349000000,
    "operatingIncomeRatio": 0.0829964328,
    "totalOtherIncomeExpensesNet": 0,
    "incomeBeforeTax": 349000000,
    "incomeBeforeTaxRatio": 0.0829964328,
    "incomeTaxExpense": 117000000,
    "netIncome": 232000000,
    "netIncomeRatio": 0.0551724138,
    "eps": 0.71,
    "epsdiluted": 0.73,
    "weightedAverageShsOut": 319286000,
    "weightedAverageShsOutDil": 319286000,
    "link": "",
    "finalLink": ""
  },
  {
    "date": "2006-09-30",
    "symbol": "CI",
    "reportedCurrency": "USD",
    "cik": "0001739940",
    "fillingDate": "2006-09-30",
    "acceptedDate": "2006-09-29 20:00:00",
    "calendarYear": "2006",
    "period": "Q3",
    "revenue": 4137000000,
    "costOfRevenue": 0,
    "grossProfit": 4137000000,
    "grossProfitRatio": 1,
    "researchAndDevelopmentExpenses": 0,
    "generalAndAdministrativeExpenses": 0,
    "sellingAndMarketingExpenses": 0,
    "sellingGeneralAndAdministrativeExpenses": 0,
    "otherExpenses": 3691000000,
    "operatingExpenses": 3691000000,
    "costAndExpenses": 3691000000,
    "interestIncome": 0,
    "interestExpense": 0,
    "depreciationAndAmortization": 48000000,
    "ebitda": 0,
    "ebitdaratio": 0,
    "operatingIncome": 446000000,
    "operatingIncomeRatio": 0.10780759,
    "totalOtherIncomeExpensesNet": 0,
    "incomeBeforeTax": 446000000,
    "incomeBeforeTaxRatio": 0.10780759,
    "incomeTaxExpense": 144000000,
    "netIncome": 298000000,
    "netIncomeRatio": 0.0720328741,
    "eps": 0.93,
    "epsdiluted": 0.92,
    "weightedAverageShsOut": 320430000,
    "weightedAverageShsOutDil": 323913000,
    "link": "",
    "finalLink": ""
  },
  {
    "date": "2006-06-30",
    "symbol": "CI",
    "reportedCurrency": "USD",
    "cik": "0001739940",
    "fillingDate": "2006-06-30",
    "acceptedDate": "2006-06-29 20:00:00",
    "calendarYear": "2006",
    "period": "Q2",
    "revenue": 4098000000,
    "costOfRevenue": 0,
    "grossProfit": 4098000000,
    "grossProfitRatio": 1,
    "researchAndDevelopmentExpenses": 0,
    "generalAndAdministrativeExpenses": 0,
    "sellingAndMarketingExpenses": 0,
    "sellingGeneralAndAdministrativeExpenses": 0,
    "otherExpenses": 3690000000,
    "operatingExpenses": 3690000000,
    "costAndExpenses": 3690000000,
    "interestIncome": 0,
    "interestExpense": 0,
    "depreciationAndAmortization": 53000000,
    "ebitda": 0,
    "ebitdaratio": 0,
    "operatingIncome": 408000000,
    "operatingIncomeRatio": 0.0995607613,
    "totalOtherIncomeExpensesNet": 0,
    "incomeBeforeTax": 408000000,
    "incomeBeforeTaxRatio": 0.0995607613,
    "incomeTaxExpense": 135000000,
    "netIncome": 273000000,
    "netIncomeRatio": 0.0666178624,
    "eps": 0.79,
    "epsdiluted": 0.78,
    "weightedAverageShsOut": 345570000,
    "weightedAverageShsOutDil": 350000000,
    "link": "",
    "finalLink": ""
  },
  {
    "date": "2006-03-31",
    "symbol": "CI",
    "reportedCurrency": "USD",
    "cik": "0001739940",
    "fillingDate": "2006-03-31",
    "acceptedDate": "2006-03-30 19:00:00",
    "calendarYear": "2006",
    "period": "Q1",
    "revenue": 4107000000,
    "costOfRevenue": 0,
    "grossProfit": 4107000000,
    "grossProfitRatio": 1,
    "researchAndDevelopmentExpenses": 0,
    "generalAndAdministrativeExpenses": 0,
    "sellingAndMarketingExpenses": 0,
    "sellingGeneralAndAdministrativeExpenses": 0,
    "otherExpenses": 3579000000,
    "operatingExpenses": 3579000000,
    "costAndExpenses": 3579000000,
    "interestIncome": 0,
    "interestExpense": 0,
    "depreciationAndAmortization": 54000000,
    "ebitda": 0,
    "ebitdaratio": 0,
    "operatingIncome": 528000000,
    "operatingIncomeRatio": 0.1285609934,
    "totalOtherIncomeExpensesNet": 0,
    "incomeBeforeTax": 528000000,
    "incomeBeforeTaxRatio": 0.1285609934,
    "incomeTaxExpense": 176000000,
    "netIncome": 352000000,
    "netIncomeRatio": 0.085707329,
    "eps": 0.98,
    "epsdiluted": 0.96,
    "weightedAverageShsOut": 360410000,
    "weightedAverageShsOutDil": 367944000,
    "link": "",
    "finalLink": ""
  },
  {
    "date": "2005-12-31",
    "symbol": "CI",
    "reportedCurrency": "USD",
    "cik": "0001739940",
    "fillingDate": "2005-12-31",
    "acceptedDate": "2005-12-30 19:00:00",
    "calendarYear": "2005",
    "period": "Q4",
    "revenue": 4210000000,
    "costOfRevenue": 0,
    "grossProfit": 4210000000,
    "grossProfitRatio": 1,
    "researchAndDevelopmentExpenses": 0,
    "generalAndAdministrativeExpenses": 0,
    "sellingAndMarketingExpenses": 0,
    "sellingGeneralAndAdministrativeExpenses": 0,
    "otherExpenses": 3902000000,
    "operatingExpenses": 3902000000,
    "costAndExpenses": 3902000000,
    "interestIncome": 0,
    "interestExpense": 0,
    "depreciationAndAmortization": 51000000,
    "ebitda": 0,
    "ebitdaratio": 0,
    "operatingIncome": 308000000,
    "operatingIncomeRatio": 0.0731591449,
    "totalOtherIncomeExpensesNet": 0,
    "incomeBeforeTax": 308000000,
    "incomeBeforeTaxRatio": 0.0731591449,
    "incomeTaxExpense": 98000000,
    "netIncome": 210000000,
    "netIncomeRatio": 0.0498812352,
    "eps": 0.57,
    "epsdiluted": 0.55,
    "weightedAverageShsOut": 371231000,
    "weightedAverageShsOutDil": 380882000,
    "link": "",
    "finalLink": ""
  },
  {
    "date": "2005-09-30",
    "symbol": "CI",
    "reportedCurrency": "USD",
    "cik": "0001739940",
    "fillingDate": "2005-09-30",
    "acceptedDate": "2005-09-29 20:00:00",
    "calendarYear": "2005",
    "period": "Q3",
    "revenue": 4022000000,
    "costOfRevenue": 0,
    "grossProfit": 4022000000,
    "grossProfitRatio": 1,
    "researchAndDevelopmentExpenses": 0,
    "generalAndAdministrativeExpenses": 0,
    "sellingAndMarketingExpenses": 0,
    "sellingGeneralAndAdministrativeExpenses": 0,
    "otherExpenses": 3639000000,
    "operatingExpenses": 3639000000,
    "costAndExpenses": 3639000000,
    "interestIncome": 0,
    "interestExpense": 0,
    "depreciationAndAmortization": 58000000,
    "ebitda": 0,
    "ebitdaratio": 0,
    "operatingIncome": 383000000,
    "operatingIncomeRatio": 0.0952262556,
    "totalOtherIncomeExpensesNet": 0,
    "incomeBeforeTax": 383000000,
    "incomeBeforeTaxRatio": 0.0952262556,
    "incomeTaxExpense": 124000000,
    "netIncome": 259000000,
    "netIncomeRatio": 0.064395823,
    "eps": 0.68,
    "epsdiluted": 0.67,
    "weightedAverageShsOut": 380882000,
    "weightedAverageShsOutDil": 388500000,
    "link": "",
    "finalLink": ""
  },
  {
    "date": "2005-06-30",
    "symbol": "CI",
    "reportedCurrency": "USD",
    "cik": "0001739940",
    "fillingDate": "2005-06-30",
    "acceptedDate": "2005-06-29 20:00:00",
    "calendarYear": "2005",
    "period": "Q2",
    "revenue": 4107000000,
    "costOfRevenue": 0,
    "grossProfit": 4107000000,
    "grossProfitRatio": 1,
    "researchAndDevelopmentExpenses": 0,
    "generalAndAdministrativeExpenses": 0,
    "sellingAndMarketingExpenses": 0,
    "sellingGeneralAndAdministrativeExpenses": 0,
    "otherExpenses": 3670000000,
    "operatingExpenses": 3670000000,
    "costAndExpenses": 3670000000,
    "interestIncome": 0,
    "interestExpense": 0,
    "depreciationAndAmortization": 50000000,
    "ebitda": 0,
    "ebitdaratio": 0,
    "operatingIncome": 437000000,
    "operatingIncomeRatio": 0.106403701,
    "totalOtherIncomeExpensesNet": 0,
    "incomeBeforeTax": 437000000,
    "incomeBeforeTaxRatio": 0.106403701,
    "incomeTaxExpense": 66000000,
    "netIncome": 720000000,
    "netIncomeRatio": 0.1753104456,
    "eps": 1.86,
    "epsdiluted": 1.83,
    "weightedAverageShsOut": 387097000,
    "weightedAverageShsOutDil": 394161000,
    "link": "",
    "finalLink": ""
  },
  {
    "date": "2005-03-31",
    "symbol": "CI",
    "reportedCurrency": "USD",
    "cik": "0001739940",
    "fillingDate": "2005-03-31",
    "acceptedDate": "2005-03-30 19:00:00",
    "calendarYear": "2005",
    "period": "Q1",
    "revenue": 4345000000,
    "costOfRevenue": 0,
    "grossProfit": 4345000000,
    "grossProfitRatio": 1,
    "researchAndDevelopmentExpenses": 0,
    "generalAndAdministrativeExpenses": 0,
    "sellingAndMarketingExpenses": 0,
    "sellingGeneralAndAdministrativeExpenses": 0,
    "otherExpenses": 3680000000,
    "operatingExpenses": 3680000000,
    "costAndExpenses": 3680000000,
    "interestIncome": 0,
    "interestExpense": 0,
    "depreciationAndAmortization": 62000000,
    "ebitda": 0,
    "ebitdaratio": 0,
    "operatingIncome": 665000000,
    "operatingIncomeRatio": 0.1530494822,
    "totalOtherIncomeExpensesNet": 0,
    "incomeBeforeTax": 665000000,
    "incomeBeforeTaxRatio": 0.1530494822,
    "incomeTaxExpense": 229000000,
    "netIncome": 436000000,
    "netIncomeRatio": 0.1003452244,
    "eps": 1.11,
    "epsdiluted": 1.09,
    "weightedAverageShsOut": 391617000,
    "weightedAverageShsOutDil": 398780000,
    "link": "",
    "finalLink": ""
  },
  {
    "date": "2004-12-31",
    "symbol": "CI",
    "reportedCurrency": "USD",
    "cik": "0001739940",
    "fillingDate": "2004-12-31",
    "acceptedDate": "2004-12-30 19:00:00",
    "calendarYear": "2004",
    "period": "Q4",
    "revenue": 4342000000,
    "costOfRevenue": 0,
    "grossProfit": 4342000000,
    "grossProfitRatio": 1,
    "researchAndDevelopmentExpenses": 0,
    "generalAndAdministrativeExpenses": 0,
    "sellingAndMarketingExpenses": 0,
    "sellingGeneralAndAdministrativeExpenses": 0,
    "otherExpenses": 3584000000,
    "operatingExpenses": 3584000000,
    "costAndExpenses": 3584000000,
    "interestIncome": 0,
    "interestExpense": 0,
    "depreciationAndAmortization": 56000000,
    "ebitda": 0,
    "ebitdaratio": 0,
    "operatingIncome": 758000000,
    "operatingIncomeRatio": 0.1745739291,
    "totalOtherIncomeExpensesNet": 0,
    "incomeBeforeTax": 758000000,
    "incomeBeforeTaxRatio": 0.1745739291,
    "incomeTaxExpense": 233000000,
    "netIncome": 525000000,
    "netIncomeRatio": 0.1209120221,
    "eps": 1.31,
    "epsdiluted": 1.3,
    "weightedAverageShsOut": 400457000,
    "weightedAverageShsOutDil": 405063000,
    "link": "",
    "finalLink": ""
  },
  {
    "date": "2004-09-30",
    "symbol": "CI",
    "reportedCurrency": "USD",
    "cik": "0001739940",
    "fillingDate": "2004-09-30",
    "acceptedDate": "2004-09-29 20:00:00",
    "calendarYear": "2004",
    "period": "Q3",
    "revenue": 4479000000,
    "costOfRevenue": 0,
    "grossProfit": 4479000000,
    "grossProfitRatio": 1,
    "researchAndDevelopmentExpenses": 0,
    "generalAndAdministrativeExpenses": 0,
    "sellingAndMarketingExpenses": 0,
    "sellingGeneralAndAdministrativeExpenses": 0,
    "otherExpenses": 3984000000,
    "operatingExpenses": 3984000000,
    "costAndExpenses": 3984000000,
    "interestIncome": 0,
    "interestExpense": 0,
    "depreciationAndAmortization": 61000000,
    "ebitda": 0,
    "ebitdaratio": 0,
    "operatingIncome": 495000000,
    "operatingIncomeRatio": 0.1105157401,
    "totalOtherIncomeExpensesNet": 0,
    "incomeBeforeTax": 495000000,
    "incomeBeforeTaxRatio": 0.1105157401,
    "incomeTaxExpense": 187000000,
    "netIncome": 308000000,
    "netIncomeRatio": 0.0687653494,
    "eps": 0.76,
    "epsdiluted": 0.75,
    "weightedAverageShsOut": 405263000,
    "weightedAverageShsOutDil": 408850000,
    "link": "",
    "finalLink": ""
  },
  {
    "date": "2004-06-30",
    "symbol": "CI",
    "reportedCurrency": "USD",
    "cik": "0001739940",
    "fillingDate": "2004-06-30",
    "acceptedDate": "2004-06-29 20:00:00",
    "calendarYear": "2004",
    "period": "Q2",
    "revenue": 4633000000,
    "costOfRevenue": 0,
    "grossProfit": 4633000000,
    "grossProfitRatio": 1,
    "researchAndDevelopmentExpenses": 0,
    "generalAndAdministrativeExpenses": 0,
    "sellingAndMarketingExpenses": 0,
    "sellingGeneralAndAdministrativeExpenses": 0,
    "otherExpenses": 3874000000,
    "operatingExpenses": 3874000000,
    "costAndExpenses": 3874000000,
    "interestIncome": 0,
    "interestExpense": 0,
    "depreciationAndAmortization": 51000000,
    "ebitda": 0,
    "ebitdaratio": 0,
    "operatingIncome": 759000000,
    "operatingIncomeRatio": 0.1638247356,
    "totalOtherIncomeExpensesNet": 0,
    "incomeBeforeTax": 759000000,
    "incomeBeforeTaxRatio": 0.1638247356,
    "incomeTaxExpense": 255000000,
    "netIncome": 504000000,
    "netIncomeRatio": 0.1087848047,
    "eps": 1.21,
    "epsdiluted": 1.2,
    "weightedAverageShsOut": 416529000,
    "weightedAverageShsOutDil": 421170000,
    "link": "",
    "finalLink": ""
  },
  {
    "date": "2004-03-31",
    "symbol": "CI",
    "reportedCurrency": "USD",
    "cik": "0001739940",
    "fillingDate": "2004-03-31",
    "acceptedDate": "2004-03-30 19:00:00",
    "calendarYear": "2004",
    "period": "Q1",
    "revenue": 4722000000,
    "costOfRevenue": 0,
    "grossProfit": 4722000000,
    "grossProfitRatio": 1,
    "researchAndDevelopmentExpenses": 0,
    "generalAndAdministrativeExpenses": 0,
    "sellingAndMarketingExpenses": 0,
    "sellingGeneralAndAdministrativeExpenses": 0,
    "otherExpenses": 4395000000,
    "operatingExpenses": 4395000000,
    "costAndExpenses": 4395000000,
    "interestIncome": 0,
    "interestExpense": 0,
    "depreciationAndAmortization": 62000000,
    "ebitda": 0,
    "ebitdaratio": 0,
    "operatingIncome": 327000000,
    "operatingIncomeRatio": 0.0692503177,
    "totalOtherIncomeExpensesNet": -15000000,
    "incomeBeforeTax": 312000000,
    "incomeBeforeTaxRatio": 0.0660736976,
    "incomeTaxExpense": 105000000,
    "netIncome": 68000000,
    "netIncomeRatio": 0.0144006777,
    "eps": 0.16,
    "epsdiluted": 0.16,
    "weightedAverageShsOut": 416327000,
    "weightedAverageShsOutDil": 425000000,
    "link": "",
    "finalLink": ""
  },
  {
    "date": "2003-12-31",
    "symbol": "CI",
    "reportedCurrency": "USD",
    "cik": "0001739940",
    "fillingDate": "2003-12-31",
    "acceptedDate": "2003-12-30 19:00:00",
    "calendarYear": "2003",
    "period": "Q4",
    "revenue": 4501000000,
    "costOfRevenue": 0,
    "grossProfit": 4501000000,
    "grossProfitRatio": 1,
    "researchAndDevelopmentExpenses": 0,
    "generalAndAdministrativeExpenses": 0,
    "sellingAndMarketingExpenses": 0,
    "sellingGeneralAndAdministrativeExpenses": 0,
    "otherExpenses": 4084000000,
    "operatingExpenses": 4084000000,
    "costAndExpenses": 4084000000,
    "interestIncome": 0,
    "interestExpense": 0,
    "depreciationAndAmortization": 59000000,
    "ebitda": 0,
    "ebitdaratio": 0,
    "operatingIncome": 417000000,
    "operatingIncomeRatio": 0.0926460786,
    "totalOtherIncomeExpensesNet": 0,
    "incomeBeforeTax": 417000000,
    "incomeBeforeTaxRatio": 0.0926460786,
    "incomeTaxExpense": 127000000,
    "netIncome": 290000000,
    "netIncomeRatio": 0.0644301266,
    "eps": 0.69,
    "epsdiluted": 0.69,
    "weightedAverageShsOut": 417857000,
    "weightedAverageShsOutDil": 417857000,
    "link": "",
    "finalLink": ""
  },
  {
    "date": "2003-09-30",
    "symbol": "CI",
    "reportedCurrency": "USD",
    "cik": "0001739940",
    "fillingDate": "2003-09-30",
    "acceptedDate": "2003-09-29 20:00:00",
    "calendarYear": "2003",
    "period": "Q3",
    "revenue": 4773000000,
    "costOfRevenue": 0,
    "grossProfit": 4773000000,
    "grossProfitRatio": 1,
    "researchAndDevelopmentExpenses": 0,
    "generalAndAdministrativeExpenses": 0,
    "sellingAndMarketingExpenses": 0,
    "sellingGeneralAndAdministrativeExpenses": 0,
    "otherExpenses": 4492000000,
    "operatingExpenses": 4492000000,
    "costAndExpenses": 4492000000,
    "interestIncome": 0,
    "interestExpense": 0,
    "depreciationAndAmortization": 70000000,
    "ebitda": 0,
    "ebitdaratio": 0,
    "operatingIncome": 281000000,
    "operatingIncomeRatio": 0.0588728263,
    "totalOtherIncomeExpensesNet": 0,
    "incomeBeforeTax": 281000000,
    "incomeBeforeTaxRatio": 0.0588728263,
    "incomeTaxExpense": 86000000,
    "netIncome": 195000000,
    "netIncomeRatio": 0.0408548083,
    "eps": 0.47,
    "epsdiluted": 0.46,
    "weightedAverageShsOut": 417857000,
    "weightedAverageShsOutDil": 420863000,
    "link": "",
    "finalLink": ""
  },
  {
    "date": "2003-06-30",
    "symbol": "CI",
    "reportedCurrency": "USD",
    "cik": "0001739940",
    "fillingDate": "2003-06-30",
    "acceptedDate": "2003-06-29 20:00:00",
    "calendarYear": "2003",
    "period": "Q2",
    "revenue": 4634000000,
    "costOfRevenue": 0,
    "grossProfit": 4634000000,
    "grossProfitRatio": 1,
    "researchAndDevelopmentExpenses": 0,
    "generalAndAdministrativeExpenses": 0,
    "sellingAndMarketingExpenses": 0,
    "sellingGeneralAndAdministrativeExpenses": 0,
    "otherExpenses": 4711000000,
    "operatingExpenses": 4711000000,
    "costAndExpenses": 4711000000,
    "interestIncome": 0,
    "interestExpense": 0,
    "depreciationAndAmortization": 54000000,
    "ebitda": 0,
    "ebitdaratio": 0,
    "operatingIncome": -77000000,
    "operatingIncomeRatio": -0.0166163142,
    "totalOtherIncomeExpensesNet": 0,
    "incomeBeforeTax": -77000000,
    "incomeBeforeTaxRatio": -0.0166163142,
    "incomeTaxExpense": -24000000,
    "netIncome": -53000000,
    "netIncomeRatio": -0.0114372033,
    "eps": -0.13,
    "epsdiluted": -0.13,
    "weightedAverageShsOut": 418421000,
    "weightedAverageShsOutDil": 418421000,
    "link": "",
    "finalLink": ""
  },
  {
    "date": "2003-03-31",
    "symbol": "CI",
    "reportedCurrency": "USD",
    "cik": "0001739940",
    "fillingDate": "2003-03-31",
    "acceptedDate": "2003-03-30 19:00:00",
    "calendarYear": "2003",
    "period": "Q1",
    "revenue": 4900000000,
    "costOfRevenue": 0,
    "grossProfit": 4900000000,
    "grossProfitRatio": 1,
    "researchAndDevelopmentExpenses": 0,
    "generalAndAdministrativeExpenses": 0,
    "sellingAndMarketingExpenses": 0,
    "sellingGeneralAndAdministrativeExpenses": 0,
    "otherExpenses": 4618000000,
    "operatingExpenses": 4618000000,
    "costAndExpenses": 4618000000,
    "interestIncome": 0,
    "interestExpense": 0,
    "depreciationAndAmortization": 63000000,
    "ebitda": 0,
    "ebitdaratio": 0,
    "operatingIncome": 282000000,
    "operatingIncomeRatio": 0.0575510204,
    "totalOtherIncomeExpensesNet": 0,
    "incomeBeforeTax": 282000000,
    "incomeBeforeTaxRatio": 0.0575510204,
    "incomeTaxExpense": 94000000,
    "netIncome": 236000000,
    "netIncomeRatio": 0.0481632653,
    "eps": 0.56,
    "epsdiluted": 0.56,
    "weightedAverageShsOut": 418935000,
    "weightedAverageShsOutDil": 421429000,
    "link": "",
    "finalLink": ""
  },
  {
    "date": "2002-12-31",
    "symbol": "CI",
    "reportedCurrency": "USD",
    "cik": "0001739940",
    "fillingDate": "2002-12-31",
    "acceptedDate": "2002-12-30 19:00:00",
    "calendarYear": "2002",
    "period": "Q4",
    "revenue": 4332000000,
    "costOfRevenue": 0,
    "grossProfit": 4332000000,
    "grossProfitRatio": 1,
    "researchAndDevelopmentExpenses": 0,
    "generalAndAdministrativeExpenses": 0,
    "sellingAndMarketingExpenses": 0,
    "sellingGeneralAndAdministrativeExpenses": 0,
    "otherExpenses": 4273000000,
    "operatingExpenses": 4273000000,
    "costAndExpenses": 4273000000,
    "interestIncome": 0,
    "interestExpense": 0,
    "depreciationAndAmortization": 55000000,
    "ebitda": 0,
    "ebitdaratio": 0,
    "operatingIncome": 59000000,
    "operatingIncomeRatio": 0.0136195753,
    "totalOtherIncomeExpensesNet": 0,
    "incomeBeforeTax": 59000000,
    "incomeBeforeTaxRatio": 0.0136195753,
    "incomeTaxExpense": 11000000,
    "netIncome": 47000000,
    "netIncomeRatio": 0.0108494922,
    "eps": 0.11,
    "epsdiluted": 0.11,
    "weightedAverageShsOut": 419617000,
    "weightedAverageShsOutDil": 419617000,
    "link": "",
    "finalLink": ""
  },
  {
    "date": "2002-09-30",
    "symbol": "CI",
    "reportedCurrency": "USD",
    "cik": "0001739940",
    "fillingDate": "2002-09-30",
    "acceptedDate": "2002-09-29 20:00:00",
    "calendarYear": "2002",
    "period": "Q3",
    "revenue": 3900000000,
    "costOfRevenue": 0,
    "grossProfit": 3900000000,
    "grossProfitRatio": 1,
    "researchAndDevelopmentExpenses": 0,
    "generalAndAdministrativeExpenses": 0,
    "sellingAndMarketingExpenses": 0,
    "sellingGeneralAndAdministrativeExpenses": 0,
    "otherExpenses": 6502000000,
    "operatingExpenses": 6502000000,
    "costAndExpenses": 6502000000,
    "interestIncome": 0,
    "interestExpense": 0,
    "depreciationAndAmortization": 56000000,
    "ebitda": 0,
    "ebitdaratio": 0,
    "operatingIncome": -2602000000,
    "operatingIncomeRatio": -0.6671794872,
    "totalOtherIncomeExpensesNet": 2602000000,
    "incomeBeforeTax": 0,
    "incomeBeforeTaxRatio": 0,
    "incomeTaxExpense": -405000000,
    "netIncome": -877000000,
    "netIncomeRatio": -0.2248717949,
    "eps": -2.09,
    "epsdiluted": -2.09,
    "weightedAverageShsOut": 419721000,
    "weightedAverageShsOutDil": 419721000,
    "link": "",
    "finalLink": ""
  },
  {
    "date": "2002-06-30",
    "symbol": "CI",
    "reportedCurrency": "USD",
    "cik": "0001739940",
    "fillingDate": "2002-06-30",
    "acceptedDate": "2002-06-29 20:00:00",
    "calendarYear": "2002",
    "period": "Q2",
    "revenue": 3901000000,
    "costOfRevenue": 0,
    "grossProfit": 3901000000,
    "grossProfitRatio": 1,
    "researchAndDevelopmentExpenses": 0,
    "generalAndAdministrativeExpenses": 0,
    "sellingAndMarketingExpenses": 0,
    "sellingGeneralAndAdministrativeExpenses": 0,
    "otherExpenses": 3576000000,
    "operatingExpenses": 3576000000,
    "costAndExpenses": 3576000000,
    "interestIncome": 0,
    "interestExpense": 0,
    "depreciationAndAmortization": 43000000,
    "ebitda": 0,
    "ebitdaratio": 0,
    "operatingIncome": 325000000,
    "operatingIncomeRatio": 0.0833119713,
    "totalOtherIncomeExpensesNet": -325000000,
    "incomeBeforeTax": 0,
    "incomeBeforeTaxRatio": 0,
    "incomeTaxExpense": 111000000,
    "netIncome": 214000000,
    "netIncomeRatio": 0.0548577288,
    "eps": 0.51,
    "epsdiluted": 0.5,
    "weightedAverageShsOut": 423066000,
    "weightedAverageShsOutDil": 429604000,
    "link": "",
    "finalLink": ""
  },
  {
    "date": "2002-03-31",
    "symbol": "CI",
    "reportedCurrency": "USD",
    "cik": "0001739940",
    "fillingDate": "2002-03-31",
    "acceptedDate": "2002-03-30 19:00:00",
    "calendarYear": "2002",
    "period": "Q1",
    "revenue": 3953000000,
    "costOfRevenue": 0,
    "grossProfit": 3953000000,
    "grossProfitRatio": 1,
    "researchAndDevelopmentExpenses": 0,
    "generalAndAdministrativeExpenses": 0,
    "sellingAndMarketingExpenses": 0,
    "sellingGeneralAndAdministrativeExpenses": 0,
    "otherExpenses": 4496000000,
    "operatingExpenses": 4496000000,
    "costAndExpenses": 4496000000,
    "interestIncome": 0,
    "interestExpense": 0,
    "depreciationAndAmortization": 60000000,
    "ebitda": 0,
    "ebitdaratio": 0,
    "operatingIncome": -543000000,
    "operatingIncomeRatio": -0.1373640273,
    "totalOtherIncomeExpensesNet": 543000000,
    "incomeBeforeTax": 0,
    "incomeBeforeTaxRatio": 0,
    "incomeTaxExpense": 113000000,
    "netIncome": 218000000,
    "netIncomeRatio": 0.0551479889,
    "eps": 0.51,
    "epsdiluted": 0.51,
    "weightedAverageShsOut": 425081000,
    "weightedAverageShsOutDil": 430285000,
    "link": "",
    "finalLink": ""
  },
  {
    "date": "2001-12-31",
    "symbol": "CI",
    "reportedCurrency": "USD",
    "cik": "0001739940",
    "fillingDate": "2001-12-31",
    "acceptedDate": "2001-12-30 19:00:00",
    "calendarYear": "2001",
    "period": "Q4",
    "revenue": 4942000000,
    "costOfRevenue": 0,
    "grossProfit": 4942000000,
    "grossProfitRatio": 1,
    "researchAndDevelopmentExpenses": 0,
    "generalAndAdministrativeExpenses": 0,
    "sellingAndMarketingExpenses": 0,
    "sellingGeneralAndAdministrativeExpenses": 0,
    "otherExpenses": 4661000000,
    "operatingExpenses": 4661000000,
    "costAndExpenses": 4661000000,
    "interestIncome": 0,
    "interestExpense": 0,
    "depreciationAndAmortization": 65000000,
    "ebitda": 0,
    "ebitdaratio": 0,
    "operatingIncome": 281000000,
    "operatingIncomeRatio": 0.056859571,
    "totalOtherIncomeExpensesNet": 0,
    "incomeBeforeTax": 281000000,
    "incomeBeforeTaxRatio": 0.056859571,
    "incomeTaxExpense": 90000000,
    "netIncome": 191000000,
    "netIncomeRatio": 0.0386483205,
    "eps": 0.43,
    "epsdiluted": 0.43,
    "weightedAverageShsOut": 442623000,
    "weightedAverageShsOutDil": 442623000,
    "link": "",
    "finalLink": ""
  },
  {
    "date": "2001-09-30",
    "symbol": "CI",
    "reportedCurrency": "USD",
    "cik": "0001739940",
    "fillingDate": "2001-09-30",
    "acceptedDate": "2001-09-29 20:00:00",
    "calendarYear": "2001",
    "period": "Q3",
    "revenue": 4778000000,
    "costOfRevenue": 0,
    "grossProfit": 4778000000,
    "grossProfitRatio": 1,
    "researchAndDevelopmentExpenses": 0,
    "generalAndAdministrativeExpenses": 0,
    "sellingAndMarketingExpenses": 0,
    "sellingGeneralAndAdministrativeExpenses": 0,
    "otherExpenses": 4367000000,
    "operatingExpenses": 4367000000,
    "costAndExpenses": 4367000000,
    "interestIncome": 0,
    "interestExpense": 0,
    "depreciationAndAmortization": 64000000,
    "ebitda": 0,
    "ebitdaratio": 0,
    "operatingIncome": 411000000,
    "operatingIncomeRatio": 0.0860192549,
    "totalOtherIncomeExpensesNet": 0,
    "incomeBeforeTax": 411000000,
    "incomeBeforeTaxRatio": 0.0860192549,
    "incomeTaxExpense": 141000000,
    "netIncome": 270000000,
    "netIncomeRatio": 0.0565089996,
    "eps": 0.61,
    "epsdiluted": 0.6,
    "weightedAverageShsOut": 442623000,
    "weightedAverageShsOutDil": 447514000,
    "link": "",
    "finalLink": ""
  },
  {
    "date": "2001-06-30",
    "symbol": "CI",
    "reportedCurrency": "USD",
    "cik": "0001739940",
    "fillingDate": "2001-06-30",
    "acceptedDate": "2001-06-29 20:00:00",
    "calendarYear": "2001",
    "period": "Q2",
    "revenue": 4663000000,
    "costOfRevenue": 0,
    "grossProfit": 4663000000,
    "grossProfitRatio": 1,
    "researchAndDevelopmentExpenses": 0,
    "generalAndAdministrativeExpenses": 0,
    "sellingAndMarketingExpenses": 0,
    "sellingGeneralAndAdministrativeExpenses": 0,
    "otherExpenses": 4278000000,
    "operatingExpenses": 4278000000,
    "costAndExpenses": 4278000000,
    "interestIncome": 0,
    "interestExpense": 0,
    "depreciationAndAmortization": 56000000,
    "ebitda": 0,
    "ebitdaratio": 0,
    "operatingIncome": 385000000,
    "operatingIncomeRatio": 0.0825648724,
    "totalOtherIncomeExpensesNet": 0,
    "incomeBeforeTax": 385000000,
    "incomeBeforeTaxRatio": 0.0825648724,
    "incomeTaxExpense": 133000000,
    "netIncome": 252000000,
    "netIncomeRatio": 0.0540424619,
    "eps": 0.56,
    "epsdiluted": 0.55,
    "weightedAverageShsOut": 447337000,
    "weightedAverageShsOutDil": 455422000,
    "link": "",
    "finalLink": ""
  },
  {
    "date": "2001-03-31",
    "symbol": "CI",
    "reportedCurrency": "USD",
    "cik": "0001739940",
    "fillingDate": "2001-03-31",
    "acceptedDate": "2001-03-30 19:00:00",
    "calendarYear": "2001",
    "period": "Q1",
    "revenue": 4732000000,
    "costOfRevenue": 0,
    "grossProfit": 4732000000,
    "grossProfitRatio": 1,
    "researchAndDevelopmentExpenses": 0,
    "generalAndAdministrativeExpenses": 0,
    "sellingAndMarketingExpenses": 0,
    "sellingGeneralAndAdministrativeExpenses": 0,
    "otherExpenses": 4312000000,
    "operatingExpenses": 4312000000,
    "costAndExpenses": 4312000000,
    "interestIncome": 0,
    "interestExpense": 0,
    "depreciationAndAmortization": 59000000,
    "ebitda": 0,
    "ebitdaratio": 0,
    "operatingIncome": 420000000,
    "operatingIncomeRatio": 0.0887573964,
    "totalOtherIncomeExpensesNet": 0,
    "incomeBeforeTax": 420000000,
    "incomeBeforeTaxRatio": 0.0887573964,
    "incomeTaxExpense": 144000000,
    "netIncome": 276000000,
    "netIncomeRatio": 0.0583262891,
    "eps": 0.61,
    "epsdiluted": 0.59,
    "weightedAverageShsOut": 454945000,
    "weightedAverageShsOutDil": 465169000,
    "link": "",
    "finalLink": ""
  },
  {
    "date": "2000-12-31",
    "symbol": "CI",
    "reportedCurrency": "USD",
    "cik": "0001739940",
    "fillingDate": "2000-12-31",
    "acceptedDate": "2000-12-30 19:00:00",
    "calendarYear": "2000",
    "period": "Q4",
    "revenue": 5106000000,
    "costOfRevenue": 0,
    "grossProfit": 5106000000,
    "grossProfitRatio": 1,
    "researchAndDevelopmentExpenses": 0,
    "generalAndAdministrativeExpenses": 0,
    "sellingAndMarketingExpenses": 0,
    "sellingGeneralAndAdministrativeExpenses": 0,
    "otherExpenses": 4705000000,
    "operatingExpenses": 4705000000,
    "costAndExpenses": 4705000000,
    "interestIncome": 0,
    "interestExpense": 0,
    "depreciationAndAmortization": 67000000,
    "ebitda": 0,
    "ebitdaratio": 0,
    "operatingIncome": 401000000,
    "operatingIncomeRatio": 0.0785350568,
    "totalOtherIncomeExpensesNet": 0,
    "incomeBeforeTax": 401000000,
    "incomeBeforeTaxRatio": 0.0785350568,
    "incomeTaxExpense": 124000000,
    "netIncome": 277000000,
    "netIncomeRatio": 0.0542499021,
    "eps": 0.59,
    "epsdiluted": 0.59,
    "weightedAverageShsOut": 468539000,
    "weightedAverageShsOutDil": 468539000,
    "link": "",
    "finalLink": ""
  },
  {
    "date": "2000-09-30",
    "symbol": "CI",
    "reportedCurrency": "USD",
    "cik": "0001739940",
    "fillingDate": "2000-09-30",
    "acceptedDate": "2000-09-29 20:00:00",
    "calendarYear": "2000",
    "period": "Q3",
    "revenue": 5026000000,
    "costOfRevenue": 0,
    "grossProfit": 5026000000,
    "grossProfitRatio": 1,
    "researchAndDevelopmentExpenses": 0,
    "generalAndAdministrativeExpenses": 0,
    "sellingAndMarketingExpenses": 0,
    "sellingGeneralAndAdministrativeExpenses": 0,
    "otherExpenses": 4596000000,
    "operatingExpenses": 4596000000,
    "costAndExpenses": 4596000000,
    "interestIncome": 0,
    "interestExpense": 0,
    "depreciationAndAmortization": 51000000,
    "ebitda": 0,
    "ebitdaratio": 0,
    "operatingIncome": 430000000,
    "operatingIncomeRatio": 0.0855551134,
    "totalOtherIncomeExpensesNet": 0,
    "incomeBeforeTax": 430000000,
    "incomeBeforeTaxRatio": 0.0855551134,
    "incomeTaxExpense": 152000000,
    "netIncome": 278000000,
    "netIncomeRatio": 0.0553123756,
    "eps": 0.59,
    "epsdiluted": 0.58,
    "weightedAverageShsOut": 468539000,
    "weightedAverageShsOutDil": 479310000,
    "link": "",
    "finalLink": ""
  },
  {
    "date": "2000-06-30",
    "symbol": "CI",
    "reportedCurrency": "USD",
    "cik": "0001739940",
    "fillingDate": "2000-06-30",
    "acceptedDate": "2000-06-29 20:00:00",
    "calendarYear": "2000",
    "period": "Q2",
    "revenue": 4971000000,
    "costOfRevenue": 0,
    "grossProfit": 4971000000,
    "grossProfitRatio": 1,
    "researchAndDevelopmentExpenses": 0,
    "generalAndAdministrativeExpenses": 0,
    "sellingAndMarketingExpenses": 0,
    "sellingGeneralAndAdministrativeExpenses": 0,
    "otherExpenses": 4725000000,
    "operatingExpenses": 4725000000,
    "costAndExpenses": 4725000000,
    "interestIncome": 0,
    "interestExpense": 0,
    "depreciationAndAmortization": 59000000,
    "ebitda": 0,
    "ebitdaratio": 0,
    "operatingIncome": 246000000,
    "operatingIncomeRatio": 0.0494870247,
    "totalOtherIncomeExpensesNet": 0,
    "incomeBeforeTax": 246000000,
    "incomeBeforeTaxRatio": 0.0494870247,
    "incomeTaxExpense": 85000000,
    "netIncome": 161000000,
    "netIncomeRatio": 0.0323878495,
    "eps": 0.33,
    "epsdiluted": 0.33,
    "weightedAverageShsOut": 483000000,
    "weightedAverageShsOutDil": 487879000,
    "link": "",
    "finalLink": ""
  },
  {
    "date": "2000-03-31",
    "symbol": "CI",
    "reportedCurrency": "USD",
    "cik": "0001739940",
    "fillingDate": "2000-03-31",
    "acceptedDate": "2000-03-30 19:00:00",
    "calendarYear": "2000",
    "period": "Q1",
    "revenue": 4891000000,
    "costOfRevenue": 0,
    "grossProfit": 4891000000,
    "grossProfitRatio": 1,
    "researchAndDevelopmentExpenses": 0,
    "generalAndAdministrativeExpenses": 0,
    "sellingAndMarketingExpenses": 0,
    "sellingGeneralAndAdministrativeExpenses": 0,
    "otherExpenses": 4471000000,
    "operatingExpenses": 4471000000,
    "costAndExpenses": 4471000000,
    "interestIncome": 0,
    "interestExpense": 0,
    "depreciationAndAmortization": 56000000,
    "ebitda": 0,
    "ebitdaratio": 0,
    "operatingIncome": 420000000,
    "operatingIncomeRatio": 0.0858720098,
    "totalOtherIncomeExpensesNet": 0,
    "incomeBeforeTax": 420000000,
    "incomeBeforeTaxRatio": 0.0858720098,
    "incomeTaxExpense": 149000000,
    "netIncome": 271000000,
    "netIncomeRatio": 0.055407892,
    "eps": 0.54,
    "epsdiluted": 0.53,
    "weightedAverageShsOut": 504969000,
    "weightedAverageShsOutDil": 508125000,
    "link": "",
    "finalLink": ""
  },
  {
    "date": "1999-12-31",
    "symbol": "CI",
    "reportedCurrency": "USD",
    "cik": "0001739940",
    "fillingDate": "1999-12-31",
    "acceptedDate": "1999-12-30 19:00:00",
    "calendarYear": "1999",
    "period": "Q4",
    "revenue": 7689000000,
    "costOfRevenue": 0,
    "grossProfit": 7689000000,
    "grossProfitRatio": 1,
    "researchAndDevelopmentExpenses": 0,
    "generalAndAdministrativeExpenses": 0,
    "sellingAndMarketingExpenses": 0,
    "sellingGeneralAndAdministrativeExpenses": 0,
    "otherExpenses": 7689000000,
    "operatingExpenses": 7689000000,
    "costAndExpenses": 7689000000,
    "interestIncome": 0,
    "interestExpense": 0,
    "depreciationAndAmortization": 53000000,
    "ebitda": 0,
    "ebitdaratio": 0,
    "operatingIncome": 0,
    "operatingIncomeRatio": 0,
    "totalOtherIncomeExpensesNet": 1219000000,
    "incomeBeforeTax": 1219000000,
    "incomeBeforeTaxRatio": 0.1585381714,
    "incomeTaxExpense": 153000000,
    "netIncome": 292000000,
    "netIncomeRatio": 0.0379763298,
    "eps": 0.54,
    "epsdiluted": 0.5,
    "weightedAverageShsOut": 544261000,
    "weightedAverageShsOutDil": 586248000,
    "link": "",
    "finalLink": ""
  },
  {
    "date": "1999-09-30",
    "symbol": "CI",
    "reportedCurrency": "USD",
    "cik": "0001739940",
    "fillingDate": "1999-09-30",
    "acceptedDate": "1999-09-29 20:00:00",
    "calendarYear": "1999",
    "period": "Q3",
    "revenue": 3781000000,
    "costOfRevenue": 0,
    "grossProfit": 3781000000,
    "grossProfitRatio": 1,
    "researchAndDevelopmentExpenses": 0,
    "generalAndAdministrativeExpenses": 0,
    "sellingAndMarketingExpenses": 0,
    "sellingGeneralAndAdministrativeExpenses": 0,
    "otherExpenses": 3781000000,
    "operatingExpenses": 3781000000,
    "costAndExpenses": 3781000000,
    "interestIncome": 0,
    "interestExpense": 0,
    "depreciationAndAmortization": 74000000,
    "ebitda": 0,
    "ebitdaratio": 0,
    "operatingIncome": 0,
    "operatingIncomeRatio": 0,
    "totalOtherIncomeExpensesNet": 0,
    "incomeBeforeTax": 0,
    "incomeBeforeTaxRatio": 0,
    "incomeTaxExpense": 69000000,
    "netIncome": 1062000000,
    "netIncomeRatio": 0.2808780746,
    "eps": 1.81,
    "epsdiluted": 1.81,
    "weightedAverageShsOut": 586248000,
    "weightedAverageShsOutDil": 586248000,
    "link": "",
    "finalLink": ""
  },
  {
    "date": "1999-06-30",
    "symbol": "CI",
    "reportedCurrency": "USD",
    "cik": "0001739940",
    "fillingDate": "1999-06-30",
    "acceptedDate": "1999-06-29 20:00:00",
    "calendarYear": "1999",
    "period": "Q2",
    "revenue": 3720000000,
    "costOfRevenue": 0,
    "grossProfit": 3720000000,
    "grossProfitRatio": 1,
    "researchAndDevelopmentExpenses": 0,
    "generalAndAdministrativeExpenses": 0,
    "sellingAndMarketingExpenses": 0,
    "sellingGeneralAndAdministrativeExpenses": 0,
    "otherExpenses": 3720000000,
    "operatingExpenses": 3720000000,
    "costAndExpenses": 3720000000,
    "interestIncome": 0,
    "interestExpense": 0,
    "depreciationAndAmortization": 43000000,
    "ebitda": 0,
    "ebitdaratio": 0,
    "operatingIncome": 0,
    "operatingIncomeRatio": 0,
    "totalOtherIncomeExpensesNet": 0,
    "incomeBeforeTax": 0,
    "incomeBeforeTaxRatio": 0,
    "incomeTaxExpense": 166000000,
    "netIncome": 232000000,
    "netIncomeRatio": 0.0623655914,
    "eps": 0.38,
    "epsdiluted": 0.38,
    "weightedAverageShsOut": 605823000,
    "weightedAverageShsOutDil": 616546000,
    "link": "",
    "finalLink": ""
  },
  {
    "date": "1999-03-31",
    "symbol": "CI",
    "reportedCurrency": "USD",
    "cik": "0001739940",
    "fillingDate": "1999-03-31",
    "acceptedDate": "1999-03-30 19:00:00",
    "calendarYear": "1999",
    "period": "Q1",
    "revenue": 3600000000,
    "costOfRevenue": 0,
    "grossProfit": 3600000000,
    "grossProfitRatio": 1,
    "researchAndDevelopmentExpenses": 0,
    "generalAndAdministrativeExpenses": 0,
    "sellingAndMarketingExpenses": 0,
    "sellingGeneralAndAdministrativeExpenses": 0,
    "otherExpenses": 3600000000,
    "operatingExpenses": 3600000000,
    "costAndExpenses": 3600000000,
    "interestIncome": 0,
    "interestExpense": 0,
    "depreciationAndAmortization": 55000000,
    "ebitda": 0,
    "ebitdaratio": 0,
    "operatingIncome": 0,
    "operatingIncomeRatio": 0,
    "totalOtherIncomeExpensesNet": 0,
    "incomeBeforeTax": 0,
    "incomeBeforeTaxRatio": 0,
    "incomeTaxExpense": 132000000,
    "netIncome": 188000000,
    "netIncomeRatio": 0.0522222222,
    "eps": 0.31,
    "epsdiluted": 0.3,
    "weightedAverageShsOut": 613657000,
    "weightedAverageShsOutDil": 620401000,
    "link": "",
    "finalLink": ""
  },
  {
    "date": "1998-12-31",
    "symbol": "CI",
    "reportedCurrency": "USD",
    "cik": "0001739940",
    "fillingDate": "1998-12-31",
    "acceptedDate": "1998-12-30 19:00:00",
    "calendarYear": "1998",
    "period": "Q4",
    "revenue": 9328000000,
    "costOfRevenue": 0,
    "grossProfit": 9328000000,
    "grossProfitRatio": 1,
    "researchAndDevelopmentExpenses": 0,
    "generalAndAdministrativeExpenses": 0,
    "sellingAndMarketingExpenses": 0,
    "sellingGeneralAndAdministrativeExpenses": 0,
    "otherExpenses": 9328000000,
    "operatingExpenses": 9328000000,
    "costAndExpenses": 9328000000,
    "interestIncome": 0,
    "interestExpense": 0,
    "depreciationAndAmortization": 0,
    "ebitda": 0,
    "ebitdaratio": 0,
    "operatingIncome": 0,
    "operatingIncomeRatio": 0,
    "totalOtherIncomeExpensesNet": 2010000000,
    "incomeBeforeTax": 2010000000,
    "incomeBeforeTaxRatio": 0.2154802744,
    "incomeTaxExpense": 141000000,
    "netIncome": 238000000,
    "netIncomeRatio": 0.0255145798,
    "eps": 0.38,
    "epsdiluted": 0.38,
    "weightedAverageShsOut": 628128000,
    "weightedAverageShsOutDil": 628128000,
    "link": "",
    "finalLink": ""
  },
  {
    "date": "1998-09-30",
    "symbol": "CI",
    "reportedCurrency": "USD",
    "cik": "0001739940",
    "fillingDate": "1998-09-30",
    "acceptedDate": "1998-09-29 20:00:00",
    "calendarYear": "1998",
    "period": "Q3",
    "revenue": 3344000000,
    "costOfRevenue": 0,
    "grossProfit": 3344000000,
    "grossProfitRatio": 1,
    "researchAndDevelopmentExpenses": 0,
    "generalAndAdministrativeExpenses": 0,
    "sellingAndMarketingExpenses": 0,
    "sellingGeneralAndAdministrativeExpenses": 0,
    "otherExpenses": 3344000000,
    "operatingExpenses": 3344000000,
    "costAndExpenses": 3344000000,
    "interestIncome": 0,
    "interestExpense": 0,
    "depreciationAndAmortization": 65000000,
    "ebitda": 0,
    "ebitdaratio": 0,
    "operatingIncome": 0,
    "operatingIncomeRatio": 0,
    "totalOtherIncomeExpensesNet": 0,
    "incomeBeforeTax": 0,
    "incomeBeforeTaxRatio": 0,
    "incomeTaxExpense": 148000000,
    "netIncome": 251000000,
    "netIncomeRatio": 0.0750598086,
    "eps": 0.4,
    "epsdiluted": 0.4,
    "weightedAverageShsOut": 628128000,
    "weightedAverageShsOutDil": 633407000,
    "link": "",
    "finalLink": ""
  },
  {
    "date": "1998-06-30",
    "symbol": "CI",
    "reportedCurrency": "USD",
    "cik": "0001739940",
    "fillingDate": "1998-06-30",
    "acceptedDate": "1998-06-29 20:00:00",
    "calendarYear": "1998",
    "period": "Q2",
    "revenue": 3354000000,
    "costOfRevenue": 0,
    "grossProfit": 3354000000,
    "grossProfitRatio": 1,
    "researchAndDevelopmentExpenses": 0,
    "generalAndAdministrativeExpenses": 0,
    "sellingAndMarketingExpenses": 0,
    "sellingGeneralAndAdministrativeExpenses": 0,
    "otherExpenses": 3354000000,
    "operatingExpenses": 3354000000,
    "costAndExpenses": 3354000000,
    "interestIncome": 0,
    "interestExpense": 0,
    "depreciationAndAmortization": 30000000,
    "ebitda": 0,
    "ebitdaratio": 0,
    "operatingIncome": 0,
    "operatingIncomeRatio": 0,
    "totalOtherIncomeExpensesNet": 0,
    "incomeBeforeTax": 0,
    "incomeBeforeTaxRatio": 0,
    "incomeTaxExpense": 136000000,
    "netIncome": 308000000,
    "netIncomeRatio": 0.09183065,
    "eps": 0.48,
    "epsdiluted": 0.47,
    "weightedAverageShsOut": 642309000,
    "weightedAverageShsOutDil": 651356000,
    "link": "",
    "finalLink": ""
  },
  {
    "date": "1998-03-31",
    "symbol": "CI",
    "reportedCurrency": "USD",
    "cik": "0001739940",
    "fillingDate": "1998-03-31",
    "acceptedDate": "1998-03-30 19:00:00",
    "calendarYear": "1998",
    "period": "Q1",
    "revenue": 3901000000,
    "costOfRevenue": 0,
    "grossProfit": 3901000000,
    "grossProfitRatio": 1,
    "researchAndDevelopmentExpenses": 0,
    "generalAndAdministrativeExpenses": 0,
    "sellingAndMarketingExpenses": 0,
    "sellingGeneralAndAdministrativeExpenses": 0,
    "otherExpenses": 3901000000,
    "operatingExpenses": 3901000000,
    "costAndExpenses": 3901000000,
    "interestIncome": 0,
    "interestExpense": 0,
    "depreciationAndAmortization": 78000000,
    "ebitda": 0,
    "ebitdaratio": 0,
    "operatingIncome": 0,
    "operatingIncomeRatio": 0,
    "totalOtherIncomeExpensesNet": 0,
    "incomeBeforeTax": 0,
    "incomeBeforeTaxRatio": 0,
    "incomeTaxExpense": 273000000,
    "netIncome": 495000000,
    "netIncomeRatio": 0.1268905409,
    "eps": 0.77,
    "epsdiluted": 0.76,
    "weightedAverageShsOut": 646298000,
    "weightedAverageShsOutDil": 654840000,
    "link": "",
    "finalLink": ""
  },
  {
    "date": "1997-12-31",
    "symbol": "CI",
    "reportedCurrency": "USD",
    "cik": "0001739940",
    "fillingDate": "1997-12-31",
    "acceptedDate": "1997-12-30 19:00:00",
    "calendarYear": "1997",
    "period": "Q4",
    "revenue": 9243000000,
    "costOfRevenue": 0,
    "grossProfit": 9243000000,
    "grossProfitRatio": 1,
    "researchAndDevelopmentExpenses": 0,
    "generalAndAdministrativeExpenses": 0,
    "sellingAndMarketingExpenses": 0,
    "sellingGeneralAndAdministrativeExpenses": 0,
    "otherExpenses": 9243000000,
    "operatingExpenses": 9243000000,
    "costAndExpenses": 9243000000,
    "interestIncome": 0,
    "interestExpense": 0,
    "depreciationAndAmortization": 0,
    "ebitda": 0,
    "ebitdaratio": 0,
    "operatingIncome": 0,
    "operatingIncomeRatio": 0,
    "totalOtherIncomeExpensesNet": 1650000000,
    "incomeBeforeTax": 1650000000,
    "incomeBeforeTaxRatio": 0.1785134697,
    "incomeTaxExpense": 135000000,
    "netIncome": 240000000,
    "netIncomeRatio": 0.0259655956,
    "eps": 0.37,
    "epsdiluted": 0.36,
    "weightedAverageShsOut": 653906000,
    "weightedAverageShsOutDil": 664951000,
    "link": "",
    "finalLink": ""
  },
  {
    "date": "1997-09-30",
    "symbol": "CI",
    "reportedCurrency": "USD",
    "cik": "0001739940",
    "fillingDate": "1997-09-30",
    "acceptedDate": "1997-09-29 20:00:00",
    "calendarYear": "1997",
    "period": "Q3",
    "revenue": 3925000000,
    "costOfRevenue": 0,
    "grossProfit": 3925000000,
    "grossProfitRatio": 1,
    "researchAndDevelopmentExpenses": 0,
    "generalAndAdministrativeExpenses": 0,
    "sellingAndMarketingExpenses": 0,
    "sellingGeneralAndAdministrativeExpenses": 0,
    "otherExpenses": 3925000000,
    "operatingExpenses": 3925000000,
    "costAndExpenses": 3925000000,
    "interestIncome": 0,
    "interestExpense": 0,
    "depreciationAndAmortization": 0,
    "ebitda": 0,
    "ebitdaratio": 0,
    "operatingIncome": 0,
    "operatingIncomeRatio": 0,
    "totalOtherIncomeExpensesNet": 0,
    "incomeBeforeTax": 0,
    "incomeBeforeTaxRatio": 0,
    "incomeTaxExpense": 148000000,
    "netIncome": 279000000,
    "netIncomeRatio": 0.0710828025,
    "eps": 0.42,
    "epsdiluted": 0.42,
    "weightedAverageShsOut": 664951000,
    "weightedAverageShsOutDil": 670270000,
    "link": "",
    "finalLink": ""
  },
  {
    "date": "1997-06-30",
    "symbol": "CI",
    "reportedCurrency": "USD",
    "cik": "0001739940",
    "fillingDate": "1997-06-30",
    "acceptedDate": "1997-06-29 20:00:00",
    "calendarYear": "1997",
    "period": "Q2",
    "revenue": 3482000000,
    "costOfRevenue": 0,
    "grossProfit": 3482000000,
    "grossProfitRatio": 1,
    "researchAndDevelopmentExpenses": 0,
    "generalAndAdministrativeExpenses": 0,
    "sellingAndMarketingExpenses": 0,
    "sellingGeneralAndAdministrativeExpenses": 0,
    "otherExpenses": 3482000000,
    "operatingExpenses": 3482000000,
    "costAndExpenses": 3482000000,
    "interestIncome": 0,
    "interestExpense": 0,
    "depreciationAndAmortization": 0,
    "ebitda": 0,
    "ebitdaratio": 0,
    "operatingIncome": 0,
    "operatingIncomeRatio": 0,
    "totalOtherIncomeExpensesNet": 0,
    "incomeBeforeTax": 0,
    "incomeBeforeTaxRatio": 0,
    "incomeTaxExpense": 132000000,
    "netIncome": 279000000,
    "netIncomeRatio": 0.0801263642,
    "eps": 0.42,
    "epsdiluted": 0.42,
    "weightedAverageShsOut": 664951000,
    "weightedAverageShsOutDil": 670270000,
    "link": "",
    "finalLink": ""
  },
  {
    "date": "1997-03-31",
    "symbol": "CI",
    "reportedCurrency": "USD",
    "cik": "0001739940",
    "fillingDate": "1997-03-31",
    "acceptedDate": "1997-03-30 19:00:00",
    "calendarYear": "1997",
    "period": "Q1",
    "revenue": 3388000000,
    "costOfRevenue": 0,
    "grossProfit": 3388000000,
    "grossProfitRatio": 1,
    "researchAndDevelopmentExpenses": 0,
    "generalAndAdministrativeExpenses": 0,
    "sellingAndMarketingExpenses": 0,
    "sellingGeneralAndAdministrativeExpenses": 0,
    "otherExpenses": 3388000000,
    "operatingExpenses": 3388000000,
    "costAndExpenses": 3388000000,
    "interestIncome": 0,
    "interestExpense": 0,
    "depreciationAndAmortization": 54000000,
    "ebitda": 0,
    "ebitdaratio": 0,
    "operatingIncome": 0,
    "operatingIncomeRatio": 0,
    "totalOtherIncomeExpensesNet": 0,
    "incomeBeforeTax": 0,
    "incomeBeforeTaxRatio": 0,
    "incomeTaxExpense": 149000000,
    "netIncome": 288000000,
    "netIncomeRatio": 0.0850059032,
    "eps": 0.44,
    "epsdiluted": 0.43,
    "weightedAverageShsOut": 660202000,
    "weightedAverageShsOutDil": 665281000,
    "link": "",
    "finalLink": ""
  },
  {
    "date": "1996-12-31",
    "symbol": "CI",
    "reportedCurrency": "USD",
    "cik": "0001739940",
    "fillingDate": "1996-12-31",
    "acceptedDate": "1996-12-30 19:00:00",
    "calendarYear": "1996",
    "period": "Q4",
    "revenue": 8617000000,
    "costOfRevenue": 0,
    "grossProfit": 8617000000,
    "grossProfitRatio": 1,
    "researchAndDevelopmentExpenses": 0,
    "generalAndAdministrativeExpenses": 0,
    "sellingAndMarketingExpenses": 0,
    "sellingGeneralAndAdministrativeExpenses": 0,
    "otherExpenses": 8617000000,
    "operatingExpenses": 8617000000,
    "costAndExpenses": 8617000000,
    "interestIncome": 0,
    "interestExpense": 0,
    "depreciationAndAmortization": 0,
    "ebitda": 0,
    "ebitdaratio": 0,
    "operatingIncome": 0,
    "operatingIncomeRatio": 0,
    "totalOtherIncomeExpensesNet": 1601000000,
    "incomeBeforeTax": 1601000000,
    "incomeBeforeTaxRatio": 0.1857955205,
    "incomeTaxExpense": 158000000,
    "netIncome": 306000000,
    "netIncomeRatio": 0.0355111988,
    "eps": 0.45,
    "epsdiluted": 0.45,
    "weightedAverageShsOut": 673206000,
    "weightedAverageShsOutDil": 675075000,
    "link": "",
    "finalLink": ""
  },
  {
    "date": "1996-09-30",
    "symbol": "CI",
    "reportedCurrency": "USD",
    "cik": "0001739940",
    "fillingDate": "1996-09-30",
    "acceptedDate": "1996-09-29 20:00:00",
    "calendarYear": "1996",
    "period": "Q3",
    "revenue": 3444000000,
    "costOfRevenue": 0,
    "grossProfit": 3444000000,
    "grossProfitRatio": 1,
    "researchAndDevelopmentExpenses": 0,
    "generalAndAdministrativeExpenses": 0,
    "sellingAndMarketingExpenses": 0,
    "sellingGeneralAndAdministrativeExpenses": 0,
    "otherExpenses": 3444000000,
    "operatingExpenses": 3444000000,
    "costAndExpenses": 3444000000,
    "interestIncome": 0,
    "interestExpense": 0,
    "depreciationAndAmortization": 0,
    "ebitda": 0,
    "ebitdaratio": 0,
    "operatingIncome": 0,
    "operatingIncomeRatio": 0,
    "totalOtherIncomeExpensesNet": 0,
    "incomeBeforeTax": 0,
    "incomeBeforeTaxRatio": 0,
    "incomeTaxExpense": 153000000,
    "netIncome": 281000000,
    "netIncomeRatio": 0.0815911731,
    "eps": 0.42,
    "epsdiluted": 0.41,
    "weightedAverageShsOut": 675075000,
    "weightedAverageShsOutDil": 680519000,
    "link": "",
    "finalLink": ""
  },
  {
    "date": "1996-06-30",
    "symbol": "CI",
    "reportedCurrency": "USD",
    "cik": "0001739940",
    "fillingDate": "1996-06-30",
    "acceptedDate": "1996-06-29 20:00:00",
    "calendarYear": "1996",
    "period": "Q2",
    "revenue": 3499000000,
    "costOfRevenue": 0,
    "grossProfit": 3499000000,
    "grossProfitRatio": 1,
    "researchAndDevelopmentExpenses": 0,
    "generalAndAdministrativeExpenses": 0,
    "sellingAndMarketingExpenses": 0,
    "sellingGeneralAndAdministrativeExpenses": 0,
    "otherExpenses": 3499000000,
    "operatingExpenses": 3499000000,
    "costAndExpenses": 3499000000,
    "interestIncome": 0,
    "interestExpense": 0,
    "depreciationAndAmortization": 0,
    "ebitda": 0,
    "ebitdaratio": 0,
    "operatingIncome": 0,
    "operatingIncomeRatio": 0,
    "totalOtherIncomeExpensesNet": 0,
    "incomeBeforeTax": 0,
    "incomeBeforeTaxRatio": 0,
    "incomeTaxExpense": 114000000,
    "netIncome": 231000000,
    "netIncomeRatio": 0.0660188625,
    "eps": 0.34,
    "epsdiluted": 0.34,
    "weightedAverageShsOut": 680092000,
    "weightedAverageShsOutDil": 686825000,
    "link": "",
    "finalLink": ""
  },
  {
    "date": "1996-03-31",
    "symbol": "CI",
    "reportedCurrency": "USD",
    "cik": "0001739940",
    "fillingDate": "1996-03-31",
    "acceptedDate": "1996-03-30 19:00:00",
    "calendarYear": "1996",
    "period": "Q1",
    "revenue": 3390000000,
    "costOfRevenue": 0,
    "grossProfit": 3390000000,
    "grossProfitRatio": 1,
    "researchAndDevelopmentExpenses": 0,
    "generalAndAdministrativeExpenses": 0,
    "sellingAndMarketingExpenses": 0,
    "sellingGeneralAndAdministrativeExpenses": 0,
    "otherExpenses": 3390000000,
    "operatingExpenses": 3390000000,
    "costAndExpenses": 3390000000,
    "interestIncome": 0,
    "interestExpense": 0,
    "depreciationAndAmortization": 0,
    "ebitda": 0,
    "ebitdaratio": 0,
    "operatingIncome": 0,
    "operatingIncomeRatio": 0,
    "totalOtherIncomeExpensesNet": 0,
    "incomeBeforeTax": 0,
    "incomeBeforeTaxRatio": 0,
    "incomeTaxExpense": 120000000,
    "netIncome": 238000000,
    "netIncomeRatio": 0.0702064897,
    "eps": 0.35,
    "epsdiluted": 0.35,
    "weightedAverageShsOut": 680681000,
    "weightedAverageShsOutDil": 687226000,
    "link": "",
    "finalLink": ""
  },
  {
    "date": "1995-12-31",
    "symbol": "CI",
    "reportedCurrency": "USD",
    "cik": "0001739940",
    "fillingDate": "1995-12-31",
    "acceptedDate": "1995-12-30 19:00:00",
    "calendarYear": "1995",
    "period": "Q4",
    "revenue": 8615000000,
    "costOfRevenue": 0,
    "grossProfit": 8615000000,
    "grossProfitRatio": 1,
    "researchAndDevelopmentExpenses": 0,
    "generalAndAdministrativeExpenses": 0,
    "sellingAndMarketingExpenses": 0,
    "sellingGeneralAndAdministrativeExpenses": 0,
    "otherExpenses": 8615000000,
    "operatingExpenses": 8615000000,
    "costAndExpenses": 8615000000,
    "interestIncome": 0,
    "interestExpense": 0,
    "depreciationAndAmortization": 0,
    "ebitda": 0,
    "ebitdaratio": 0,
    "operatingIncome": 0,
    "operatingIncomeRatio": 0,
    "totalOtherIncomeExpensesNet": 251000000,
    "incomeBeforeTax": 251000000,
    "incomeBeforeTaxRatio": 0.0291352293,
    "incomeTaxExpense": 146000000,
    "netIncome": 282000000,
    "netIncomeRatio": 0.0327336042,
    "eps": 0.42,
    "epsdiluted": 0.43,
    "weightedAverageShsOut": 672333000,
    "weightedAverageShsOutDil": 658798000,
    "link": "",
    "finalLink": ""
  },
  {
    "date": "1995-09-30",
    "symbol": "CI",
    "reportedCurrency": "USD",
    "cik": "0001739940",
    "fillingDate": "1995-09-30",
    "acceptedDate": "1995-09-29 20:00:00",
    "calendarYear": "1995",
    "period": "Q3",
    "revenue": 3408000000,
    "costOfRevenue": 0,
    "grossProfit": 3408000000,
    "grossProfitRatio": 1,
    "researchAndDevelopmentExpenses": 0,
    "generalAndAdministrativeExpenses": 0,
    "sellingAndMarketingExpenses": 0,
    "sellingGeneralAndAdministrativeExpenses": 0,
    "otherExpenses": 3408000000,
    "operatingExpenses": 3408000000,
    "costAndExpenses": 3408000000,
    "interestIncome": 0,
    "interestExpense": 0,
    "depreciationAndAmortization": 0,
    "ebitda": 0,
    "ebitdaratio": 0,
    "operatingIncome": 0,
    "operatingIncomeRatio": 0,
    "totalOtherIncomeExpensesNet": 0,
    "incomeBeforeTax": 0,
    "incomeBeforeTaxRatio": 0,
    "incomeTaxExpense": -317000000,
    "netIncome": -566000000,
    "netIncomeRatio": -0.1660798122,
    "eps": -0.86,
    "epsdiluted": -0.86,
    "weightedAverageShsOut": 658798000,
    "weightedAverageShsOutDil": 658798000,
    "link": "",
    "finalLink": ""
  }
]