[
  {
    "date": "2024-12-31",
    "symbol": "CI",
    "reportedCurrency": "USD",
    "cik": "0001739940",
    "fillingDate": "2025-02-27",
    "acceptedDate": "2025-02-27 13:38:15",
    "calendarYear": "2024",
    "period": "FY",
    "revenue": 247121000000,
    "costOfRevenue": 221157000000,
    "grossProfit": 25964000000,
    "grossProfitRatio": 0.1050659394,
    "researchAndDevelopmentExpenses": 0,
    "generalAndAdministrativeExpenses": 0,
    "sellingAndMarketingExpenses": 0,
    "sellingGeneralAndAdministrativeExpenses": 14569000000,
    "otherExpenses": 1978000000,
    "operatingExpenses": 16547000000,
    "costAndExpenses": 237704000000,
    "interestIncome": 0,
    "interestExpense": 1435000000,
    "depreciationAndAmortization": 1754000000,
    "ebitda": 11446000000,
    "ebitdaratio": 0.0463173911,
    "operatingIncome": 9417000000,
    "operatingIncomeRatio": 0.0381068384,
    "totalOtherIncomeExpensesNet": -4148000000,
    "incomeBeforeTax": 5269000000,
    "incomeBeforeTaxRatio": 0.0213215388,
    "incomeTaxExpense": 1491000000,
    "netIncome": 3434000000,
    "netIncomeRatio": 0.0138960266,
    "eps": 12.25,
    "epsdiluted": 12.12,
    "weightedAverageShsOut": 280294000,
    "weightedAverageShsOutDil": 283218000,
    "link": "https://www.sec.gov/Archives/edgar/data/1739940/000173994025000009/0001739940-25-000009-index.htm",
    "finalLink": "https://www.sec.gov/Archives/edgar/data/1739940/000173994025000009/ci-20241231.htm"
  },
  {
    "date": "2023-12-31",
    "symbol": "CI",
    "reportedCurrency": "USD",
    "cik": "0001739940",
    "fillingDate": "2024-02-29",
    "acceptedDate": "2024-02-29 14:48:05",
    "calendarYear": "2023",
    "period": "FY",
    "revenue": 195265000000,
    "costOfRevenue": 170088000000,
    "grossProfit": 25177000000,
    "grossProfitRatio": 0.1289375976,
    "researchAndDevelopmentExpenses": 0,
    "generalAndAdministrativeExpenses": 0,
    "sellingAndMarketingExpenses": 0,
    "sellingGeneralAndAdministrativeExpenses": 14324000000,
    "otherExpenses": 2317000000,
    "operatingExpenses": 16641000000,
    "costAndExpenses": 186729000000,
    "interestIncome": 0,
    "interestExpense": 1446000000,
    "depreciationAndAmortization": 1812000000,
    "ebitda": 10846000000,
    "ebitdaratio": 0.0555450286,
    "operatingIncome": 8536000000,
    "operatingIncomeRatio": 0.0437149515,
    "totalOtherIncomeExpensesNet": -3023000000,
    "incomeBeforeTax": 5513000000,
    "incomeBeforeTaxRatio": 0.0282334264,
    "incomeTaxExpense": 141000000,
    "netIncome": 5164000000,
    "netIncomeRatio": 0.0264461117,
    "eps": 17.39,
    "epsdiluted": 17.39,
    "weightedAverageShsOut": 296882000,
    "weightedAverageShsOutDil": 296882000,
    "link": "https://www.sec.gov/Archives/edgar/data/1739940/000173994024000005/0001739940-24-000005-index.htm",
    "finalLink": "https://www.sec.gov/Archives/edgar/data/1739940/000173994024000005/ci-20231231.htm"
  },
  {
    "date": "2022-12-31",
    "symbol": "CI",
    "reportedCurrency": "USD",
    "cik": "0001739940",
    "fillingDate": "2023-02-23",
    "acceptedDate": "2023-02-23 13:11:26",
    "calendarYear": "2022",
    "period": "FY",
    "revenue": 180518000000,
    "costOfRevenue": 157018000000,
    "grossProfit": 23500000000,
    "grossProfitRatio": 0.1301809238,
    "researchAndDevelopmentExpenses": 0,
    "generalAndAdministrativeExpenses": 0,
    "sellingAndMarketingExpenses": 0,
    "sellingGeneralAndAdministrativeExpenses": 13045000000,
    "otherExpenses": 2005000000,
    "operatingExpenses": 15050000000,
    "costAndExpenses": 172068000000,
    "interestIncome": 0,
    "interestExpense": 1228000000,
    "depreciationAndAmortization": 1857000000,
    "ebitda": 10436000000,
    "ebitdaratio": 0.0578114094,
    "operatingIncome": 8450000000,
    "operatingIncomeRatio": 0.0468097364,
    "totalOtherIncomeExpensesNet": -53000000,
    "incomeBeforeTax": 8397000000,
    "incomeBeforeTaxRatio": 0.0465161369,
    "incomeTaxExpense": 1615000000,
    "netIncome": 6704000000,
    "netIncomeRatio": 0.0371375708,
    "eps": 21.3,
    "epsdiluted": 21.3,
    "weightedAverageShsOut": 313065000,
    "weightedAverageShsOutDil": 313065000,
    "link": "https://www.sec.gov/Archives/edgar/data/1739940/000173994023000008/0001739940-23-000008-index.htm",
    "finalLink": "https://www.sec.gov/Archives/edgar/data/1739940/000173994023000008/ci-20221231.htm"
  },
  {
    "date": "2021-12-31",
    "symbol": "CI",
    "reportedCurrency": "USD",
    "cik": "0001739940",
    "fillingDate": "2022-02-24",
    "acceptedDate": "2022-02-24 12:08:50",
    "calendarYear": "2021",
    "period": "FY",
    "revenue": 174069000000,
    "costOfRevenue": 151118000000,
    "grossProfit": 22951000000,
    "grossProfitRatio": 0.1318500135,
    "researchAndDevelopmentExpenses": 0,
    "generalAndAdministrativeExpenses": 0,
    "sellingAndMarketingExpenses": 0,
    "sellingGeneralAndAdministrativeExpenses": 12791000000,
    "otherExpenses": 2219000000,
    "operatingExpenses": 15010000000,
    "costAndExpenses": 166128000000,
    "interestIncome": 0,
    "interestExpense": 1208000000,
    "depreciationAndAmortization": 1801000000,
    "ebitda": 9963000000,
    "ebitdaratio": 0.0572359237,
    "operatingIncome": 7941000000,
    "operatingIncomeRatio": 0.0456198404,
    "totalOtherIncomeExpensesNet": -1151000000,
    "incomeBeforeTax": 6790000000,
    "incomeBeforeTaxRatio": 0.03900752,
    "incomeTaxExpense": 1370000000,
    "netIncome": 5370000000,
    "netIncomeRatio": 0.0308498354,
    "eps": 15.89,
    "epsdiluted": 15.75,
    "weightedAverageShsOut": 337962000,
    "weightedAverageShsOutDil": 340966000,
    "link": "https://www.sec.gov/Archives/edgar/data/1739940/000173994022000007/0001739940-22-000007-index.htm",
    "finalLink": "https://www.sec.gov/Archives/edgar/data/1739940/000173994022000007/ci-20211231.htm"
  },
  {
    "date": "2020-12-31",
    "symbol": "CI",
    "reportedCurrency": "USD",
    "cik": "0001739940",
    "fillingDate": "2021-02-25",
    "acceptedDate": "2021-02-25 12:24:42",
    "calendarYear": "2020",
    "period": "FY",
    "revenue": 160401000000,
    "costOfRevenue": 136194000000,
    "grossProfit": 24207000000,
    "grossProfitRatio": 0.150915518,
    "researchAndDevelopmentExpenses": 0,
    "generalAndAdministrativeExpenses": 0,
    "sellingAndMarketingExpenses": 0,
    "sellingGeneralAndAdministrativeExpenses": 13660000000,
    "otherExpenses": 2394000000,
    "operatingExpenses": 16054000000,
    "costAndExpenses": 152248000000,
    "interestIncome": 0,
    "interestExpense": 1438000000,
    "depreciationAndAmortization": 1803000000,
    "ebitda": 10368000000,
    "ebitdaratio": 0.064638001,
    "operatingIncome": 8153000000,
    "operatingIncomeRatio": 0.0508288602,
    "totalOtherIncomeExpensesNet": 2715000000,
    "incomeBeforeTax": 10868000000,
    "incomeBeforeTaxRatio": 0.0677551886,
    "incomeTaxExpense": 2379000000,
    "netIncome": 8458000000,
    "netIncomeRatio": 0.0527303446,
    "eps": 23.17,
    "epsdiluted": 22.96,
    "weightedAverageShsOut": 364979000,
    "weightedAverageShsOutDil": 368389000,
    "link": "https://www.sec.gov/Archives/edgar/data/1739940/000173994021000007/0001739940-21-000007-index.htm",
    "finalLink": "https://www.sec.gov/Archives/edgar/data/1739940/000173994021000007/ci-20201231.htm"
  },
  {
    "date": "2019-12-31",
    "symbol": "CI",
    "reportedCurrency": "USD",
    "cik": "0001739940",
    "fillingDate": "2020-02-27",
    "acceptedDate": "2020-02-27 15:25:39",
    "calendarYear": "2019",
    "period": "FY",
    "revenue": 153566000000,
    "costOfRevenue": 128487000000,
    "grossProfit": 25079000000,
    "grossProfitRatio": 0.1633108891,
    "researchAndDevelopmentExpenses": 0,
    "generalAndAdministrativeExpenses": 0,
    "sellingAndMarketingExpenses": 0,
    "sellingGeneralAndAdministrativeExpenses": 13315000000,
    "otherExpenses": 3687000000,
    "operatingExpenses": 17002000000,
    "costAndExpenses": 145489000000,
    "interestIncome": 0,
    "interestExpense": 1682000000,
    "depreciationAndAmortization": 2767000000,
    "ebitda": 11582000000,
    "ebitdaratio": 0.0754203404,
    "operatingIncome": 8077000000,
    "operatingIncomeRatio": 0.0525962778,
    "totalOtherIncomeExpensesNet": -1507000000,
    "incomeBeforeTax": 6570000000,
    "incomeBeforeTaxRatio": 0.0427829077,
    "incomeTaxExpense": 1450000000,
    "netIncome": 5104000000,
    "netIncomeRatio": 0.0332365237,
    "eps": 13.58,
    "epsdiluted": 13.44,
    "weightedAverageShsOut": 375919000,
    "weightedAverageShsOutDil": 379817000,
    "link": "https://www.sec.gov/Archives/edgar/data/1739940/000173994020000006/0001739940-20-000006-index.htm",
    "finalLink": "https://www.sec.gov/Archives/edgar/data/1739940/000173994020000006/ci-20191231.htm"
  },
  {
    "date": "2018-12-31",
    "symbol": "CI",
    "reportedCurrency": "USD",
    "cik": "0001739940",
    "fillingDate": "2019-02-28",
    "acceptedDate": "2019-02-28 16:54:00",
    "calendarYear": "2018",
    "period": "FY",
    "revenue": 48650000000,
    "costOfRevenue": 32321000000,
    "grossProfit": 16329000000,
    "grossProfitRatio": 0.3356423433,
    "researchAndDevelopmentExpenses": 0,
    "generalAndAdministrativeExpenses": 0,
    "sellingAndMarketingExpenses": 0,
    "sellingGeneralAndAdministrativeExpenses": 11230000000,
    "otherExpenses": 939000000,
    "operatingExpenses": 12169000000,
    "costAndExpenses": 44490000000,
    "interestIncome": 0,
    "interestExpense": 498000000,
    "depreciationAndAmortization": 356000000,
    "ebitda": 5220000000,
    "ebitdaratio": 0.1072970195,
    "operatingIncome": 4160000000,
    "operatingIncomeRatio": 0.0855087359,
    "totalOtherIncomeExpensesNet": -579000000,
    "incomeBeforeTax": 3581000000,
    "incomeBeforeTaxRatio": 0.0736073998,
    "incomeTaxExpense": 935000000,
    "netIncome": 2637000000,
    "netIncomeRatio": 0.0542034943,
    "eps": 10.69,
    "epsdiluted": 10.54,
    "weightedAverageShsOut": 246652000,
    "weightedAverageShsOutDil": 246652000,
    "link": "https://www.sec.gov/Archives/edgar/data/1739940/000104746919000792/0001047469-19-000792-index.htm",
    "finalLink": "https://www.sec.gov/Archives/edgar/data/1739940/000104746919000792/a2237767z10-k.htm"
  },
  {
    "date": "2017-12-31",
    "symbol": "CI",
    "reportedCurrency": "USD",
    "cik": "0001739940",
    "fillingDate": "2017-12-31",
    "acceptedDate": "2017-12-30 19:00:00",
    "calendarYear": "2017",
    "period": "FY",
    "revenue": 41806000000,
    "costOfRevenue": 27719000000,
    "grossProfit": 14087000000,
    "grossProfitRatio": 0.3369612017,
    "researchAndDevelopmentExpenses": 0,
    "generalAndAdministrativeExpenses": 0,
    "sellingAndMarketingExpenses": 0,
    "sellingGeneralAndAdministrativeExpenses": 9846000000,
    "otherExpenses": 299000000,
    "operatingExpenses": 10145000000,
    "costAndExpenses": 37864000000,
    "interestIncome": 0,
    "interestExpense": 252000000,
    "depreciationAndAmortization": 250000000,
    "ebitda": 4376000000,
    "ebitdaratio": 0.1046739702,
    "operatingIncome": 3942000000,
    "operatingIncomeRatio": 0.0942926853,
    "totalOtherIncomeExpensesNet": -336000000,
    "incomeBeforeTax": 3606000000,
    "incomeBeforeTaxRatio": 0.0862555614,
    "incomeTaxExpense": 1374000000,
    "netIncome": 2237000000,
    "netIncomeRatio": 0.0535090657,
    "eps": 9.17,
    "epsdiluted": 9.17,
    "weightedAverageShsOut": 243967000,
    "weightedAverageShsOutDil": 243967000,
    "link": "",
    "finalLink": ""
  },
  {
    "date": "2016-12-31",
    "symbol": "CI",
    "reportedCurrency": "USD",
    "cik": "0001739940",
    "fillingDate": "2016-12-31",
    "acceptedDate": "2016-12-30 19:00:00",
    "calendarYear": "2016",
    "period": "FY",
    "revenue": 39838000000,
    "costOfRevenue": 26809000000,
    "grossProfit": 13029000000,
    "grossProfitRatio": 0.3270495507,
    "researchAndDevelopmentExpenses": 0,
    "generalAndAdministrativeExpenses": 0,
    "sellingAndMarketingExpenses": 0,
    "sellingGeneralAndAdministrativeExpenses": 9626000000,
    "otherExpenses": 315000000,
    "operatingExpenses": 9941000000,
    "costAndExpenses": 36750000000,
    "interestIncome": 0,
    "interestExpense": 278000000,
    "depreciationAndAmortization": 287000000,
    "ebitda": 3539000000,
    "ebitdaratio": 0.0888347809,
    "operatingIncome": 3088000000,
    "operatingIncomeRatio": 0.0775139314,
    "totalOtherIncomeExpensesNet": -109000000,
    "incomeBeforeTax": 2979000000,
    "incomeBeforeTaxRatio": 0.0747778503,
    "incomeTaxExpense": 1136000000,
    "netIncome": 1867000000,
    "netIncomeRatio": 0.0468648024,
    "eps": 7.31,
    "epsdiluted": 7.19,
    "weightedAverageShsOut": 255360000,
    "weightedAverageShsOutDil": 259647000,
    "link": "",
    "finalLink": ""
  },
  {
    "date": "2015-12-31",
    "symbol": "CI",
    "reportedCurrency": "USD",
    "cik": "0001739940",
    "fillingDate": "2015-12-31",
    "acceptedDate": "2015-12-30 19:00:00",
    "calendarYear": "2015",
    "period": "FY",
    "revenue": 37876000000,
    "costOfRevenue": 25424000000,
    "grossProfit": 12452000000,
    "grossProfitRatio": 0.3287569965,
    "researchAndDevelopmentExpenses": 0,
    "generalAndAdministrativeExpenses": 0,
    "sellingAndMarketingExpenses": 0,
    "sellingGeneralAndAdministrativeExpenses": 92000000,
    "otherExpenses": 0,
    "operatingExpenses": 92000000,
    "costAndExpenses": 25516000000,
    "interestIncome": 0,
    "interestExpense": 0,
    "depreciationAndAmortization": 302000000,
    "ebitda": 3795000000,
    "ebitdaratio": 0.1001953744,
    "operatingIncome": 12360000000,
    "operatingIncomeRatio": 0.3263280177,
    "totalOtherIncomeExpensesNet": -9033000000,
    "incomeBeforeTax": 3327000000,
    "incomeBeforeTaxRatio": 0.087839265,
    "incomeTaxExpense": 1250000000,
    "netIncome": 2094000000,
    "netIncomeRatio": 0.055285669,
    "eps": 8.17,
    "epsdiluted": 8.04,
    "weightedAverageShsOut": 256149000,
    "weightedAverageShsOutDil": 260592000,
    "link": "",
    "finalLink": ""
  },
  {
    "date": "2014-12-31",
    "symbol": "CI",
    "reportedCurrency": "USD",
    "cik": "0001739940",
    "fillingDate": "2014-12-31",
    "acceptedDate": "2014-12-30 19:00:00",
    "calendarYear": "2014",
    "period": "FY",
    "revenue": 34914000000,
    "costOfRevenue": 23241000000,
    "grossProfit": 11673000000,
    "grossProfitRatio": 0.3343357965,
    "researchAndDevelopmentExpenses": 0,
    "generalAndAdministrativeExpenses": 0,
    "sellingAndMarketingExpenses": 0,
    "sellingGeneralAndAdministrativeExpenses": 85000000,
    "otherExpenses": 0,
    "operatingExpenses": 85000000,
    "costAndExpenses": 23326000000,
    "interestIncome": 0,
    "interestExpense": 0,
    "depreciationAndAmortization": 316000000,
    "ebitda": 3620000000,
    "ebitdaratio": 0.1036833362,
    "operatingIncome": 11588000000,
    "operatingIncomeRatio": 0.3319012431,
    "totalOtherIncomeExpensesNet": -8284000000,
    "incomeBeforeTax": 3304000000,
    "incomeBeforeTaxRatio": 0.0946325256,
    "incomeTaxExpense": 1210000000,
    "netIncome": 2102000000,
    "netIncomeRatio": 0.0602050753,
    "eps": 7.97,
    "epsdiluted": 7.83,
    "weightedAverageShsOut": 263889000,
    "weightedAverageShsOutDil": 268603000,
    "link": "",
    "finalLink": ""
  },
  {
    "date": "2013-12-31",
    "symbol": "CI",
    "reportedCurrency": "USD",
    "cik": "0001739940",
    "fillingDate": "2013-12-31",
    "acceptedDate": "2013-12-30 19:00:00",
    "calendarYear": "2013",
    "period": "FY",
    "revenue": 32380000000,
    "costOfRevenue": 0,
    "grossProfit": 0,
    "grossProfitRatio": 0,
    "researchAndDevelopmentExpenses": 0,
    "generalAndAdministrativeExpenses": 7566000000,
    "sellingAndMarketingExpenses": -7566000000,
    "sellingGeneralAndAdministrativeExpenses": 0,
    "otherExpenses": 0,
    "operatingExpenses": 0,
    "costAndExpenses": 0,
    "interestIncome": 0,
    "interestExpense": 264000000,
    "depreciationAndAmortization": 0,
    "ebitda": 0,
    "ebitdaratio": 0,
    "operatingIncome": 32380000000,
    "operatingIncomeRatio": 1,
    "totalOtherIncomeExpensesNet": -30204000000,
    "incomeBeforeTax": 2176000000,
    "incomeBeforeTaxRatio": 0.0672019765,
    "incomeTaxExpense": 698000000,
    "netIncome": 1476000000,
    "netIncomeRatio": 0.0455836936,
    "eps": 5.28,
    "epsdiluted": 5.18,
    "weightedAverageShsOut": 279296000,
    "weightedAverageShsOutDil": 284685000,
    "link": "",
    "finalLink": ""
  },
  {
    "date": "2012-12-31",
    "symbol": "CI",
    "reportedCurrency": "USD",
    "cik": "0001739940",
    "fillingDate": "2012-12-31",
    "acceptedDate": "2012-12-30 19:00:00",
    "calendarYear": "2012",
    "period": "FY",
    "revenue": 29119000000,
    "costOfRevenue": 0,
    "grossProfit": 0,
    "grossProfitRatio": 0,
    "researchAndDevelopmentExpenses": 0,
    "generalAndAdministrativeExpenses": 0,
    "sellingAndMarketingExpenses": 0,
    "sellingGeneralAndAdministrativeExpenses": 0,
    "otherExpenses": 0,
    "operatingExpenses": 26374000000,
    "costAndExpenses": 26374000000,
    "interestIncome": 268000000,
    "interestExpense": 0,
    "depreciationAndAmortization": -2875000000,
    "ebitda": -399000000,
    "ebitdaratio": -0.0137023936,
    "operatingIncome": 2875000000,
    "operatingIncomeRatio": 0.0987327862,
    "totalOtherIncomeExpensesNet": -398000000,
    "incomeBeforeTax": 2477000000,
    "incomeBeforeTaxRatio": 0.0850647344,
    "incomeTaxExpense": 853000000,
    "netIncome": 1623000000,
    "netIncomeRatio": 0.0557368041,
    "eps": 5.7,
    "epsdiluted": 5.61,
    "weightedAverageShsOut": 284819000,
    "weightedAverageShsOutDil": 289530000,
    "link": "",
    "finalLink": ""
  },
  {
    "date": "2011-12-31",
    "symbol": "CI",
    "reportedCurrency": "USD",
    "cik": "0001739940",
    "fillingDate": "2011-12-31",
    "acceptedDate": "2011-12-30 19:00:00",
    "calendarYear": "2011",
    "period": "FY",
    "revenue": 21631000000,
    "costOfRevenue": 0,
    "grossProfit": 21631000000,
    "grossProfitRatio": 1,
    "researchAndDevelopmentExpenses": 0,
    "generalAndAdministrativeExpenses": 0,
    "sellingAndMarketingExpenses": 0,
    "sellingGeneralAndAdministrativeExpenses": 5901000000,
    "otherExpenses": 13854000000,
    "operatingExpenses": 19755000000,
    "costAndExpenses": 19755000000,
    "interestIncome": 0,
    "interestExpense": 202000000,
    "depreciationAndAmortization": 345000000,
    "ebitda": 2515000000,
    "ebitdaratio": 0.1162683186,
    "operatingIncome": 1876000000,
    "operatingIncomeRatio": 0.086727382,
    "totalOtherIncomeExpensesNet": 0,
    "incomeBeforeTax": 1876000000,
    "incomeBeforeTaxRatio": 0.086727382,
    "incomeTaxExpense": 615000000,
    "netIncome": 1260000000,
    "netIncomeRatio": 0.0582497342,
    "eps": 4.65,
    "epsdiluted": 4.59,
    "weightedAverageShsOut": 270691000,
    "weightedAverageShsOutDil": 274249000,
    "link": "",
    "finalLink": ""
  },
  {
    "date": "2010-12-31",
    "symbol": "CI",
    "reportedCurrency": "USD",
    "cik": "0001739940",
    "fillingDate": "2010-12-31",
    "acceptedDate": "2010-12-30 19:00:00",
    "calendarYear": "2010",
    "period": "FY",
    "revenue": 21073000000,
    "costOfRevenue": 0,
    "grossProfit": 21073000000,
    "grossProfitRatio": 1,
    "researchAndDevelopmentExpenses": 0,
    "generalAndAdministrativeExpenses": 0,
    "sellingAndMarketingExpenses": 0,
    "sellingGeneralAndAdministrativeExpenses": 5744000000,
    "otherExpenses": 13527000000,
    "operatingExpenses": 19271000000,
    "costAndExpenses": 19271000000,
    "interestIncome": 0,
    "interestExpense": 182000000,
    "depreciationAndAmortization": 292000000,
    "ebitda": 2344000000,
    "ebitdaratio": 0.1112323827,
    "operatingIncome": 1802000000,
    "operatingIncomeRatio": 0.0855122669,
    "totalOtherIncomeExpensesNet": 3000000,
    "incomeBeforeTax": 1802000000,
    "incomeBeforeTaxRatio": 0.0855122669,
    "incomeTaxExpense": 519000000,
    "netIncome": 1279000000,
    "netIncomeRatio": 0.0606937788,
    "eps": 4.69,
    "epsdiluted": 4.65,
    "weightedAverageShsOut": 272866000,
    "weightedAverageShsOutDil": 275287000,
    "link": "",
    "finalLink": ""
  },
  {
    "date": "2009-12-31",
    "symbol": "CI",
    "reportedCurrency": "USD",
    "cik": "0001739940",
    "fillingDate": "2009-12-31",
    "acceptedDate": "2009-12-30 19:00:00",
    "calendarYear": "2009",
    "period": "FY",
    "revenue": 18414000000,
    "costOfRevenue": 0,
    "grossProfit": 18414000000,
    "grossProfitRatio": 1,
    "researchAndDevelopmentExpenses": 0,
    "generalAndAdministrativeExpenses": 0,
    "sellingAndMarketingExpenses": 0,
    "sellingGeneralAndAdministrativeExpenses": 5284000000,
    "otherExpenses": 11232000000,
    "operatingExpenses": 16516000000,
    "costAndExpenses": 16516000000,
    "interestIncome": 0,
    "interestExpense": 166000000,
    "depreciationAndAmortization": 268000000,
    "ebitda": 2332000000,
    "ebitdaratio": 0.1266427718,
    "operatingIncome": 1898000000,
    "operatingIncomeRatio": 0.1030737482,
    "totalOtherIncomeExpensesNet": 0,
    "incomeBeforeTax": 1898000000,
    "incomeBeforeTaxRatio": 0.1030737482,
    "incomeTaxExpense": 594000000,
    "netIncome": 1302000000,
    "netIncomeRatio": 0.0707070707,
    "eps": 4.75,
    "epsdiluted": 4.73,
    "weightedAverageShsOut": 274058000,
    "weightedAverageShsOutDil": 275357000,
    "link": "",
    "finalLink": ""
  },
  {
    "date": "2008-12-31",
    "symbol": "CI",
    "reportedCurrency": "USD",
    "cik": "0001739940",
    "fillingDate": "2008-12-31",
    "acceptedDate": "2008-12-30 19:00:00",
    "calendarYear": "2008",
    "period": "FY",
    "revenue": 19101000000,
    "costOfRevenue": 0,
    "grossProfit": 19101000000,
    "grossProfitRatio": 1,
    "researchAndDevelopmentExpenses": 0,
    "generalAndAdministrativeExpenses": 0,
    "sellingAndMarketingExpenses": 0,
    "sellingGeneralAndAdministrativeExpenses": 5531000000,
    "otherExpenses": 13188000000,
    "operatingExpenses": 18719000000,
    "costAndExpenses": 18719000000,
    "interestIncome": 0,
    "interestExpense": 0,
    "depreciationAndAmortization": 244000000,
    "ebitda": 0,
    "ebitdaratio": 0,
    "operatingIncome": 382000000,
    "operatingIncomeRatio": 0.0199989529,
    "totalOtherIncomeExpensesNet": -421000000,
    "incomeBeforeTax": 382000000,
    "incomeBeforeTaxRatio": 0.0199989529,
    "incomeTaxExpense": 92000000,
    "netIncome": 292000000,
    "netIncomeRatio": 0.0152871577,
    "eps": 1.05,
    "epsdiluted": 1.05,
    "weightedAverageShsOut": 277317000,
    "weightedAverageShsOutDil": 278843000,
    "link": "",
    "finalLink": ""
  },
  {
    "date": "2007-12-31",
    "symbol": "CI",
    "reportedCurrency": "USD",
    "cik": "0001739940",
    "fillingDate": "2007-12-31",
    "acceptedDate": "2007-12-30 19:00:00",
    "calendarYear": "2007",
    "period": "FY",
    "revenue": 17623000000,
    "costOfRevenue": 0,
    "grossProfit": 17623000000,
    "grossProfitRatio": 1,
    "researchAndDevelopmentExpenses": 0,
    "generalAndAdministrativeExpenses": 0,
    "sellingAndMarketingExpenses": 0,
    "sellingGeneralAndAdministrativeExpenses": 4742000000,
    "otherExpenses": 11250000000,
    "operatingExpenses": 15992000000,
    "costAndExpenses": 15992000000,
    "interestIncome": 0,
    "interestExpense": 0,
    "depreciationAndAmortization": 194000000,
    "ebitda": 0,
    "ebitdaratio": 0,
    "operatingIncome": 1631000000,
    "operatingIncomeRatio": 0.0925495092,
    "totalOtherIncomeExpensesNet": 0,
    "incomeBeforeTax": 1631000000,
    "incomeBeforeTaxRatio": 0.0925495092,
    "incomeTaxExpense": 511000000,
    "netIncome": 1115000000,
    "netIncomeRatio": 0.0632695909,
    "eps": 3.94,
    "epsdiluted": 3.87,
    "weightedAverageShsOut": 283191000,
    "weightedAverageShsOutDil": 283191000,
    "link": "",
    "finalLink": ""
  },
  {
    "date": "2006-12-31",
    "symbol": "CI",
    "reportedCurrency": "USD",
    "cik": "0001739940",
    "fillingDate": "2006-12-31",
    "acceptedDate": "2006-12-30 19:00:00",
    "calendarYear": "2006",
    "period": "FY",
    "revenue": 16547000000,
    "costOfRevenue": 0,
    "grossProfit": 16547000000,
    "grossProfitRatio": 1,
    "researchAndDevelopmentExpenses": 0,
    "generalAndAdministrativeExpenses": 0,
    "sellingAndMarketingExpenses": 0,
    "sellingGeneralAndAdministrativeExpenses": 0,
    "otherExpenses": 14816000000,
    "operatingExpenses": 14816000000,
    "costAndExpenses": 14816000000,
    "interestIncome": 0,
    "interestExpense": 0,
    "depreciationAndAmortization": 208000000,
    "ebitda": 1939000000,
    "ebitdaratio": 0.1171813622,
    "operatingIncome": 1731000000,
    "operatingIncomeRatio": 0.1046111078,
    "totalOtherIncomeExpensesNet": 0,
    "incomeBeforeTax": 1731000000,
    "incomeBeforeTaxRatio": 0.1046111078,
    "incomeTaxExpense": 572000000,
    "netIncome": 1155000000,
    "netIncomeRatio": 0.0698011724,
    "eps": 3.49,
    "epsdiluted": 3.43,
    "weightedAverageShsOut": 330946000,
    "weightedAverageShsOutDil": 336735000,
    "link": "",
    "finalLink": ""
  },
  {
    "date": "2005-12-31",
    "symbol": "CI",
    "reportedCurrency": "USD",
    "cik": "0001739940",
    "fillingDate": "2005-12-31",
    "acceptedDate": "2005-12-30 19:00:00",
    "calendarYear": "2005",
    "period": "FY",
    "revenue": 16684000000,
    "costOfRevenue": 0,
    "grossProfit": 16684000000,
    "grossProfitRatio": 1,
    "researchAndDevelopmentExpenses": 0,
    "generalAndAdministrativeExpenses": 0,
    "sellingAndMarketingExpenses": 0,
    "sellingGeneralAndAdministrativeExpenses": 0,
    "otherExpenses": 14891000000,
    "operatingExpenses": 14891000000,
    "costAndExpenses": 14891000000,
    "interestIncome": 0,
    "interestExpense": 0,
    "depreciationAndAmortization": 221000000,
    "ebitda": 2014000000,
    "ebitdaratio": 0.120714457,
    "operatingIncome": 1793000000,
    "operatingIncomeRatio": 0.107468233,
    "totalOtherIncomeExpensesNet": 0,
    "incomeBeforeTax": 1793000000,
    "incomeBeforeTaxRatio": 0.107468233,
    "incomeTaxExpense": 517000000,
    "netIncome": 1625000000,
    "netIncomeRatio": 0.0973987053,
    "eps": 4.25,
    "epsdiluted": 4.17,
    "weightedAverageShsOut": 382053000,
    "weightedAverageShsOutDil": 389377000,
    "link": "",
    "finalLink": ""
  },
  {
    "date": "2004-12-31",
    "symbol": "CI",
    "reportedCurrency": "USD",
    "cik": "0001739940",
    "fillingDate": "2004-12-31",
    "acceptedDate": "2004-12-30 19:00:00",
    "calendarYear": "2004",
    "period": "FY",
    "revenue": 18176000000,
    "costOfRevenue": 0,
    "grossProfit": 18176000000,
    "grossProfitRatio": 1,
    "researchAndDevelopmentExpenses": 0,
    "generalAndAdministrativeExpenses": 0,
    "sellingAndMarketingExpenses": 0,
    "sellingGeneralAndAdministrativeExpenses": 0,
    "otherExpenses": 15801000000,
    "operatingExpenses": 15801000000,
    "costAndExpenses": 15801000000,
    "interestIncome": 0,
    "interestExpense": 0,
    "depreciationAndAmortization": 230000000,
    "ebitda": 0,
    "ebitdaratio": 0,
    "operatingIncome": 2375000000,
    "operatingIncomeRatio": 0.1306668134,
    "totalOtherIncomeExpensesNet": 0,
    "incomeBeforeTax": 2375000000,
    "incomeBeforeTaxRatio": 0.1306668134,
    "incomeTaxExpense": 798000000,
    "netIncome": 1438000000,
    "netIncomeRatio": 0.0791153169,
    "eps": 3.51,
    "epsdiluted": 3.48,
    "weightedAverageShsOut": 409298000,
    "weightedAverageShsOutDil": 413615000,
    "link": "",
    "finalLink": ""
  },
  {
    "date": "2003-12-31",
    "symbol": "CI",
    "reportedCurrency": "USD",
    "cik": "0001739940",
    "fillingDate": "2003-12-31",
    "acceptedDate": "2003-12-30 19:00:00",
    "calendarYear": "2003",
    "period": "FY",
    "revenue": 18808000000,
    "costOfRevenue": 0,
    "grossProfit": 18808000000,
    "grossProfitRatio": 1,
    "researchAndDevelopmentExpenses": 0,
    "generalAndAdministrativeExpenses": 0,
    "sellingAndMarketingExpenses": 0,
    "sellingGeneralAndAdministrativeExpenses": 0,
    "otherExpenses": 17905000000,
    "operatingExpenses": 17905000000,
    "costAndExpenses": 17905000000,
    "interestIncome": 0,
    "interestExpense": 0,
    "depreciationAndAmortization": 246000000,
    "ebitda": 1149000000,
    "ebitdaratio": 0.0610910251,
    "operatingIncome": 903000000,
    "operatingIncomeRatio": 0.0480114845,
    "totalOtherIncomeExpensesNet": -55000000,
    "incomeBeforeTax": 848000000,
    "incomeBeforeTaxRatio": 0.0450871969,
    "incomeTaxExpense": 264000000,
    "netIncome": 632000000,
    "netIncomeRatio": 0.0336027222,
    "eps": 1.51,
    "epsdiluted": 1.5,
    "weightedAverageShsOut": 419469000,
    "weightedAverageShsOutDil": 421333000,
    "link": "",
    "finalLink": ""
  },
  {
    "date": "2002-12-31",
    "symbol": "CI",
    "reportedCurrency": "USD",
    "cik": "0001739940",
    "fillingDate": "2002-12-31",
    "acceptedDate": "2002-12-30 19:00:00",
    "calendarYear": "2002",
    "period": "FY",
    "revenue": 19348000000,
    "costOfRevenue": 0,
    "grossProfit": 19348000000,
    "grossProfitRatio": 1,
    "researchAndDevelopmentExpenses": 0,
    "generalAndAdministrativeExpenses": 0,
    "sellingAndMarketingExpenses": 0,
    "sellingGeneralAndAdministrativeExpenses": 0,
    "otherExpenses": 19917000000,
    "operatingExpenses": 19917000000,
    "costAndExpenses": 19917000000,
    "interestIncome": 0,
    "interestExpense": 0,
    "depreciationAndAmortization": 221000000,
    "ebitda": 0,
    "ebitdaratio": 0,
    "operatingIncome": -569000000,
    "operatingIncomeRatio": -0.0294087244,
    "totalOtherIncomeExpensesNet": 0,
    "incomeBeforeTax": -569000000,
    "incomeBeforeTaxRatio": -0.0294087244,
    "incomeTaxExpense": -172000000,
    "netIncome": -447000000,
    "netIncomeRatio": -0.0231031631,
    "eps": -1.06,
    "epsdiluted": -1.06,
    "weightedAverageShsOut": 423028000,
    "weightedAverageShsOutDil": 423028000,
    "link": "",
    "finalLink": ""
  },
  {
    "date": "2001-12-31",
    "symbol": "CI",
    "reportedCurrency": "USD",
    "cik": "0001739940",
    "fillingDate": "2001-12-31",
    "acceptedDate": "2001-12-30 19:00:00",
    "calendarYear": "2001",
    "period": "FY",
    "revenue": 18607000000,
    "costOfRevenue": 0,
    "grossProfit": 18607000000,
    "grossProfitRatio": 1,
    "researchAndDevelopmentExpenses": 0,
    "generalAndAdministrativeExpenses": 0,
    "sellingAndMarketingExpenses": 0,
    "sellingGeneralAndAdministrativeExpenses": 0,
    "otherExpenses": 17618000000,
    "operatingExpenses": 17618000000,
    "costAndExpenses": 17618000000,
    "interestIncome": 0,
    "interestExpense": 0,
    "depreciationAndAmortization": 235000000,
    "ebitda": 0,
    "ebitdaratio": 0,
    "operatingIncome": 989000000,
    "operatingIncomeRatio": 0.0531520396,
    "totalOtherIncomeExpensesNet": -989000000,
    "incomeBeforeTax": 0,
    "incomeBeforeTaxRatio": 0,
    "incomeTaxExpense": 498000000,
    "netIncome": 939000000,
    "netIncomeRatio": 0.0504648788,
    "eps": 2.08,
    "epsdiluted": 2.08,
    "weightedAverageShsOut": 452167000,
    "weightedAverageShsOutDil": 452167000,
    "link": "",
    "finalLink": ""
  },
  {
    "date": "2000-12-31",
    "symbol": "CI",
    "reportedCurrency": "USD",
    "cik": "0001739940",
    "fillingDate": "2000-12-31",
    "acceptedDate": "2000-12-30 19:00:00",
    "calendarYear": "2000",
    "period": "FY",
    "revenue": 19526000000,
    "costOfRevenue": 0,
    "grossProfit": 19526000000,
    "grossProfitRatio": 1,
    "researchAndDevelopmentExpenses": 0,
    "generalAndAdministrativeExpenses": 0,
    "sellingAndMarketingExpenses": 0,
    "sellingGeneralAndAdministrativeExpenses": 0,
    "otherExpenses": 18029000000,
    "operatingExpenses": 18029000000,
    "costAndExpenses": 18029000000,
    "interestIncome": 0,
    "interestExpense": 0,
    "depreciationAndAmortization": 221000000,
    "ebitda": 1718000000,
    "ebitdaratio": 0.0879852504,
    "operatingIncome": 1497000000,
    "operatingIncomeRatio": 0.0766670081,
    "totalOtherIncomeExpensesNet": -1497000000,
    "incomeBeforeTax": 0,
    "incomeBeforeTaxRatio": 0,
    "incomeTaxExpense": 506000000,
    "netIncome": 945000000,
    "netIncomeRatio": 0.0483970091,
    "eps": 1.96,
    "epsdiluted": 1.95,
    "weightedAverageShsOut": 482143000,
    "weightedAverageShsOutDil": 485445000,
    "link": "",
    "finalLink": ""
  },
  {
    "date": "1999-12-31",
    "symbol": "CI",
    "reportedCurrency": "USD",
    "cik": "0001739940",
    "fillingDate": "1999-12-31",
    "acceptedDate": "1999-12-30 19:00:00",
    "calendarYear": "1999",
    "period": "FY",
    "revenue": 18726000000,
    "costOfRevenue": 0,
    "grossProfit": 18726000000,
    "grossProfitRatio": 1,
    "researchAndDevelopmentExpenses": 0,
    "generalAndAdministrativeExpenses": 0,
    "sellingAndMarketingExpenses": 0,
    "sellingGeneralAndAdministrativeExpenses": 0,
    "otherExpenses": 17507000000,
    "operatingExpenses": 17507000000,
    "costAndExpenses": 17507000000,
    "interestIncome": 0,
    "interestExpense": 0,
    "depreciationAndAmortization": 225000000,
    "ebitda": 0,
    "ebitdaratio": 0,
    "operatingIncome": 1219000000,
    "operatingIncomeRatio": 0.0650966571,
    "totalOtherIncomeExpensesNet": 0,
    "incomeBeforeTax": 1219000000,
    "incomeBeforeTaxRatio": 0.0650966571,
    "incomeTaxExpense": 520000000,
    "netIncome": 1774000000,
    "netIncomeRatio": 0.0947345936,
    "eps": 3.04,
    "epsdiluted": 3,
    "weightedAverageShsOut": 583553000,
    "weightedAverageShsOutDil": 591991000,
    "link": "",
    "finalLink": ""
  },
  {
    "date": "1998-12-31",
    "symbol": "CI",
    "reportedCurrency": "USD",
    "cik": "0001739940",
    "fillingDate": "1998-12-31",
    "acceptedDate": "1998-12-30 19:00:00",
    "calendarYear": "1998",
    "period": "FY",
    "revenue": 17651000000,
    "costOfRevenue": 0,
    "grossProfit": 17651000000,
    "grossProfitRatio": 1,
    "researchAndDevelopmentExpenses": 0,
    "generalAndAdministrativeExpenses": 0,
    "sellingAndMarketingExpenses": 0,
    "sellingGeneralAndAdministrativeExpenses": 0,
    "otherExpenses": 15793000000,
    "operatingExpenses": 15793000000,
    "costAndExpenses": 15793000000,
    "interestIncome": 0,
    "interestExpense": 0,
    "depreciationAndAmortization": 218000000,
    "ebitda": 0,
    "ebitdaratio": 0,
    "operatingIncome": 1858000000,
    "operatingIncomeRatio": 0.1052631579,
    "totalOtherIncomeExpensesNet": 0,
    "incomeBeforeTax": 1858000000,
    "incomeBeforeTaxRatio": 0.1052631579,
    "incomeTaxExpense": 672000000,
    "netIncome": 1292000000,
    "netIncomeRatio": 0.073196986,
    "eps": 2.04,
    "epsdiluted": 2.02,
    "weightedAverageShsOut": 633333000,
    "weightedAverageShsOutDil": 640661000,
    "link": "",
    "finalLink": ""
  },
  {
    "date": "1997-12-31",
    "symbol": "CI",
    "reportedCurrency": "USD",
    "cik": "0001739940",
    "fillingDate": "1997-12-31",
    "acceptedDate": "1997-12-30 19:00:00",
    "calendarYear": "1997",
    "period": "FY",
    "revenue": 11781000000,
    "costOfRevenue": 0,
    "grossProfit": 11781000000,
    "grossProfitRatio": 1,
    "researchAndDevelopmentExpenses": 0,
    "generalAndAdministrativeExpenses": 0,
    "sellingAndMarketingExpenses": 0,
    "sellingGeneralAndAdministrativeExpenses": 0,
    "otherExpenses": 18388000000,
    "operatingExpenses": 18388000000,
    "costAndExpenses": 18388000000,
    "interestIncome": 0,
    "interestExpense": 0,
    "depreciationAndAmortization": 179000000,
    "ebitda": 0,
    "ebitdaratio": 0,
    "operatingIncome": -6607000000,
    "operatingIncomeRatio": -0.5608182667,
    "totalOtherIncomeExpensesNet": 6607000000,
    "incomeBeforeTax": 0,
    "incomeBeforeTaxRatio": 0,
    "incomeTaxExpense": 416000000,
    "netIncome": 1086000000,
    "netIncomeRatio": 0.0921823275,
    "eps": 1.64,
    "epsdiluted": 1.63,
    "weightedAverageShsOut": 661513000,
    "weightedAverageShsOutDil": 668291000,
    "link": "",
    "finalLink": ""
  },
  {
    "date": "1996-12-31",
    "symbol": "CI",
    "reportedCurrency": "USD",
    "cik": "0001739940",
    "fillingDate": "1996-12-31",
    "acceptedDate": "1996-12-30 19:00:00",
    "calendarYear": "1996",
    "period": "FY",
    "revenue": 18950000000,
    "costOfRevenue": 0,
    "grossProfit": 18950000000,
    "grossProfitRatio": 1,
    "researchAndDevelopmentExpenses": 0,
    "generalAndAdministrativeExpenses": 0,
    "sellingAndMarketingExpenses": 0,
    "sellingGeneralAndAdministrativeExpenses": 0,
    "otherExpenses": 17349000000,
    "operatingExpenses": 17349000000,
    "costAndExpenses": 17349000000,
    "interestIncome": 0,
    "interestExpense": 0,
    "depreciationAndAmortization": 0,
    "ebitda": 0,
    "ebitdaratio": 0,
    "operatingIncome": 1601000000,
    "operatingIncomeRatio": 0.0844854881,
    "totalOtherIncomeExpensesNet": 0,
    "incomeBeforeTax": 1601000000,
    "incomeBeforeTaxRatio": 0.0844854881,
    "incomeTaxExpense": 545000000,
    "netIncome": 1056000000,
    "netIncomeRatio": 0.0557255937,
    "eps": 1.54,
    "epsdiluted": 1.54,
    "weightedAverageShsOut": 686209000,
    "weightedAverageShsOutDil": 686662000,
    "link": "",
    "finalLink": ""
  },
  {
    "date": "1995-12-31",
    "symbol": "CI",
    "reportedCurrency": "USD",
    "cik": "0001739940",
    "fillingDate": "1995-12-31",
    "acceptedDate": "1995-12-30 19:00:00",
    "calendarYear": "1995",
    "period": "FY",
    "revenue": 18955000000,
    "costOfRevenue": 0,
    "grossProfit": 18955000000,
    "grossProfitRatio": 1,
    "researchAndDevelopmentExpenses": 0,
    "generalAndAdministrativeExpenses": 0,
    "sellingAndMarketingExpenses": 0,
    "sellingGeneralAndAdministrativeExpenses": 0,
    "otherExpenses": 18704000000,
    "operatingExpenses": 18704000000,
    "costAndExpenses": 18704000000,
    "interestIncome": 0,
    "interestExpense": 0,
    "depreciationAndAmortization": 0,
    "ebitda": 0,
    "ebitdaratio": 0,
    "operatingIncome": 251000000,
    "operatingIncomeRatio": 0.0132418887,
    "totalOtherIncomeExpensesNet": 0,
    "incomeBeforeTax": 251000000,
    "incomeBeforeTaxRatio": 0.0132418887,
    "incomeTaxExpense": 40000000,
    "netIncome": 211000000,
    "netIncomeRatio": 0.0111316275,
    "eps": 0.32,
    "epsdiluted": 0.32,
    "weightedAverageShsOut": 663986000,
    "weightedAverageShsOutDil": 663986000,
    "link": "",
    "finalLink": ""
  },
  {
    "date": "1994-12-31",
    "symbol": "CI",
    "reportedCurrency": "USD",
    "cik": "0001739940",
    "fillingDate": "1994-12-31",
    "acceptedDate": "1994-12-30 19:00:00",
    "calendarYear": "1994",
    "period": "FY",
    "revenue": 18392000000,
    "costOfRevenue": 0,
    "grossProfit": 18392000000,
    "grossProfitRatio": 1,
    "researchAndDevelopmentExpenses": 0,
    "generalAndAdministrativeExpenses": 0,
    "sellingAndMarketingExpenses": 0,
    "sellingGeneralAndAdministrativeExpenses": 0,
    "otherExpenses": 17587000000,
    "operatingExpenses": 17587000000,
    "costAndExpenses": 17587000000,
    "interestIncome": 0,
    "interestExpense": 0,
    "depreciationAndAmortization": 0,
    "ebitda": 0,
    "ebitdaratio": 0,
    "operatingIncome": 805000000,
    "operatingIncomeRatio": 0.04376903,
    "totalOtherIncomeExpensesNet": 0,
    "incomeBeforeTax": 805000000,
    "incomeBeforeTaxRatio": 0.04376903,
    "incomeTaxExpense": 251000000,
    "netIncome": 554000000,
    "netIncomeRatio": 0.0301217921,
    "eps": 0.85,
    "epsdiluted": 0.85,
    "weightedAverageShsOut": 650914000,
    "weightedAverageShsOutDil": 653285000,
    "link": "",
    "finalLink": ""
  },
  {
    "date": "1993-12-31",
    "symbol": "CI",
    "reportedCurrency": "USD",
    "cik": "0001739940",
    "fillingDate": "1993-12-31",
    "acceptedDate": "1993-12-30 19:00:00",
    "calendarYear": "1993",
    "period": "FY",
    "revenue": 13712000000,
    "costOfRevenue": 0,
    "grossProfit": 13712000000,
    "grossProfitRatio": 1,
    "researchAndDevelopmentExpenses": 0,
    "generalAndAdministrativeExpenses": 0,
    "sellingAndMarketingExpenses": 0,
    "sellingGeneralAndAdministrativeExpenses": 0,
    "otherExpenses": 13712000000,
    "operatingExpenses": 13712000000,
    "costAndExpenses": 13712000000,
    "interestIncome": 0,
    "interestExpense": 0,
    "depreciationAndAmortization": 0,
    "ebitda": 0,
    "ebitdaratio": 0,
    "operatingIncome": 0,
    "operatingIncomeRatio": 0,
    "totalOtherIncomeExpensesNet": 0,
    "incomeBeforeTax": 0,
    "incomeBeforeTaxRatio": 0,
    "incomeTaxExpense": -69000000,
    "netIncome": 234000000,
    "netIncomeRatio": 0.0170653442,
    "eps": 0.36,
    "epsdiluted": 0.36,
    "weightedAverageShsOut": 644681000,
    "weightedAverageShsOutDil": 644681000,
    "link": "",
    "finalLink": ""
  },
  {
    "date": "1992-12-31",
    "symbol": "CI",
    "reportedCurrency": "USD",
    "cik": "0001739940",
    "fillingDate": "1992-12-31",
    "acceptedDate": "1992-12-30 19:00:00",
    "calendarYear": "1992",
    "period": "FY",
    "revenue": 13924000000,
    "costOfRevenue": 0,
    "grossProfit": 13924000000,
    "grossProfitRatio": 1,
    "researchAndDevelopmentExpenses": 0,
    "generalAndAdministrativeExpenses": 0,
    "sellingAndMarketingExpenses": 0,
    "sellingGeneralAndAdministrativeExpenses": 0,
    "otherExpenses": 13924000000,
    "operatingExpenses": 13924000000,
    "costAndExpenses": 13924000000,
    "interestIncome": 0,
    "interestExpense": 0,
    "depreciationAndAmortization": 0,
    "ebitda": 0,
    "ebitdaratio": 0,
    "operatingIncome": 0,
    "operatingIncomeRatio": 0,
    "totalOtherIncomeExpensesNet": 0,
    "incomeBeforeTax": 0,
    "incomeBeforeTaxRatio": 0,
    "incomeTaxExpense": -158000000,
    "netIncome": 311000000,
    "netIncomeRatio": 0.0223355358,
    "eps": 0.48,
    "epsdiluted": 0.48,
    "weightedAverageShsOut": 644092000,
    "weightedAverageShsOutDil": 644092000,
    "link": "",
    "finalLink": ""
  },
  {
    "date": "1991-12-31",
    "symbol": "CI",
    "reportedCurrency": "USD",
    "cik": "0001739940",
    "fillingDate": "1991-12-31",
    "acceptedDate": "1991-12-30 19:00:00",
    "calendarYear": "1991",
    "period": "FY",
    "revenue": 14295000000,
    "costOfRevenue": 0,
    "grossProfit": 14295000000,
    "grossProfitRatio": 1,
    "researchAndDevelopmentExpenses": 0,
    "generalAndAdministrativeExpenses": 0,
    "sellingAndMarketingExpenses": 0,
    "sellingGeneralAndAdministrativeExpenses": 0,
    "otherExpenses": 14295000000,
    "operatingExpenses": 14295000000,
    "costAndExpenses": 14295000000,
    "interestIncome": 0,
    "interestExpense": 0,
    "depreciationAndAmortization": 0,
    "ebitda": 0,
    "ebitdaratio": 0,
    "operatingIncome": 0,
    "operatingIncomeRatio": 0,
    "totalOtherIncomeExpensesNet": 0,
    "incomeBeforeTax": 0,
    "incomeBeforeTaxRatio": 0,
    "incomeTaxExpense": 131000000,
    "netIncome": 449000000,
    "netIncomeRatio": 0.0314095838,
    "eps": 0.7,
    "epsdiluted": 0.7,
    "weightedAverageShsOut": 645143000,
    "weightedAverageShsOutDil": 645143000,
    "link": "",
    "finalLink": ""
  },
  {
    "date": "1990-12-31",
    "symbol": "CI",
    "reportedCurrency": "USD",
    "cik": "0001739940",
    "fillingDate": "1990-12-31",
    "acceptedDate": "1990-12-30 19:00:00",
    "calendarYear": "1990",
    "period": "FY",
    "revenue": 13986000000,
    "costOfRevenue": 0,
    "grossProfit": 13986000000,
    "grossProfitRatio": 1,
    "researchAndDevelopmentExpenses": 0,
    "generalAndAdministrativeExpenses": 0,
    "sellingAndMarketingExpenses": 0,
    "sellingGeneralAndAdministrativeExpenses": 0,
    "otherExpenses": 13986000000,
    "operatingExpenses": 13986000000,
    "costAndExpenses": 13986000000,
    "interestIncome": 0,
    "interestExpense": 0,
    "depreciationAndAmortization": 0,
    "ebitda": 0,
    "ebitdaratio": 0,
    "operatingIncome": 0,
    "operatingIncomeRatio": 0,
    "totalOtherIncomeExpensesNet": 0,
    "incomeBeforeTax": 0,
    "incomeBeforeTaxRatio": 0,
    "incomeTaxExpense": 34000000,
    "netIncome": 330000000,
    "netIncomeRatio": 0.0235950236,
    "eps": 0.48,
    "epsdiluted": 0.48,
    "weightedAverageShsOut": 683442000,
    "weightedAverageShsOutDil": 683442000,
    "link": "",
    "finalLink": ""
  },
  {
    "date": "1989-12-31",
    "symbol": "CI",
    "reportedCurrency": "USD",
    "cik": "0001739940",
    "fillingDate": "1989-12-31",
    "acceptedDate": "1989-12-30 19:00:00",
    "calendarYear": "1989",
    "period": "FY",
    "revenue": 11494000000,
    "costOfRevenue": 0,
    "grossProfit": 11494000000,
    "grossProfitRatio": 1,
    "researchAndDevelopmentExpenses": 0,
    "generalAndAdministrativeExpenses": 0,
    "sellingAndMarketingExpenses": 0,
    "sellingGeneralAndAdministrativeExpenses": 0,
    "otherExpenses": 11494000000,
    "operatingExpenses": 11494000000,
    "costAndExpenses": 11494000000,
    "interestIncome": 0,
    "interestExpense": 0,
    "depreciationAndAmortization": 0,
    "ebitda": 0,
    "ebitdaratio": 0,
    "operatingIncome": 0,
    "operatingIncomeRatio": 0,
    "totalOtherIncomeExpensesNet": 0,
    "incomeBeforeTax": 0,
    "incomeBeforeTaxRatio": 0,
    "incomeTaxExpense": 134000000,
    "netIncome": 562000000,
    "netIncomeRatio": 0.0488950757,
    "eps": 0.78,
    "epsdiluted": 0.78,
    "weightedAverageShsOut": 707575000,
    "weightedAverageShsOutDil": 707575000,
    "link": "",
    "finalLink": ""
  },
  {
    "date": "1988-12-31",
    "symbol": "CI",
    "reportedCurrency": "USD",
    "cik": "0001739940",
    "fillingDate": "1988-12-31",
    "acceptedDate": "1988-12-30 19:00:00",
    "calendarYear": "1988",
    "period": "FY",
    "revenue": 0,
    "costOfRevenue": 0,
    "grossProfit": 0,
    "grossProfitRatio": 0,
    "researchAndDevelopmentExpenses": 0,
    "generalAndAdministrativeExpenses": 0,
    "sellingAndMarketingExpenses": 0,
    "sellingGeneralAndAdministrativeExpenses": 0,
    "otherExpenses": 570100000,
    "operatingExpenses": 570100000,
    "costAndExpenses": 570100000,
    "interestIncome": 0,
    "interestExpense": 0,
    "depreciationAndAmortization": 0,
    "ebitda": 570100000,
    "ebitdaratio": null,
    "operatingIncome": 570100000,
    "operatingIncomeRatio": null,
    "totalOtherIncomeExpensesNet": 0,
    "incomeBeforeTax": 0,
    "incomeBeforeTaxRatio": 0,
    "incomeTaxExpense": 97900000,
    "netIncome": 472200000,
    "netIncomeRatio": null,
    "eps": 0.67,
    "epsdiluted": 0.67,
    "weightedAverageShsOut": 708963000,
    "weightedAverageShsOutDil": 708963000,
    "link": "",
    "finalLink": ""
  },
  {
    "date": "1987-12-31",
    "symbol": "CI",
    "reportedCurrency": "USD",
    "cik": "0001739940",
    "fillingDate": "1987-12-31",
    "acceptedDate": "1987-12-30 19:00:00",
    "calendarYear": "1987",
    "period": "FY",
    "revenue": 0,
    "costOfRevenue": 0,
    "grossProfit": 0,
    "grossProfitRatio": 0,
    "researchAndDevelopmentExpenses": 0,
    "generalAndAdministrativeExpenses": 0,
    "sellingAndMarketingExpenses": 0,
    "sellingGeneralAndAdministrativeExpenses": 0,
    "otherExpenses": 833000000,
    "operatingExpenses": 833000000,
    "costAndExpenses": 833000000,
    "interestIncome": 0,
    "interestExpense": 0,
    "depreciationAndAmortization": 0,
    "ebitda": 833000000,
    "ebitdaratio": null,
    "operatingIncome": 833000000,
    "operatingIncomeRatio": null,
    "totalOtherIncomeExpensesNet": 0,
    "incomeBeforeTax": 0,
    "incomeBeforeTaxRatio": 0,
    "incomeTaxExpense": 147400000,
    "netIncome": 685600000,
    "netIncomeRatio": null,
    "eps": 0.96,
    "epsdiluted": 0.96,
    "weightedAverageShsOut": 713825000,
    "weightedAverageShsOutDil": 713825000,
    "link": "",
    "finalLink": ""
  },
  {
    "date": "1986-12-31",
    "symbol": "CI",
    "reportedCurrency": "USD",
    "cik": "0001739940",
    "fillingDate": "1986-12-31",
    "acceptedDate": "1986-12-30 19:00:00",
    "calendarYear": "1986",
    "period": "FY",
    "revenue": 0,
    "costOfRevenue": 0,
    "grossProfit": 0,
    "grossProfitRatio": 0,
    "researchAndDevelopmentExpenses": 0,
    "generalAndAdministrativeExpenses": 0,
    "sellingAndMarketingExpenses": 0,
    "sellingGeneralAndAdministrativeExpenses": 0,
    "otherExpenses": 700900000,
    "operatingExpenses": 700900000,
    "costAndExpenses": 700900000,
    "interestIncome": 0,
    "interestExpense": 0,
    "depreciationAndAmortization": 0,
    "ebitda": 700900000,
    "ebitdaratio": null,
    "operatingIncome": 700900000,
    "operatingIncomeRatio": null,
    "totalOtherIncomeExpensesNet": 0,
    "incomeBeforeTax": 0,
    "incomeBeforeTaxRatio": 0,
    "incomeTaxExpense": 166000000,
    "netIncome": 534900000,
    "netIncomeRatio": null,
    "eps": 0.78,
    "epsdiluted": 0.78,
    "weightedAverageShsOut": 687133000,
    "weightedAverageShsOutDil": 687133000,
    "link": "",
    "finalLink": ""
  },
  {
    "date": "1985-12-31",
    "symbol": "CI",
    "reportedCurrency": "USD",
    "cik": "0001739940",
    "fillingDate": "1985-12-31",
    "acceptedDate": "1985-12-30 19:00:00",
    "calendarYear": "1985",
    "period": "FY",
    "revenue": 0,
    "costOfRevenue": 0,
    "grossProfit": 0,
    "grossProfitRatio": 0,
    "researchAndDevelopmentExpenses": 0,
    "generalAndAdministrativeExpenses": 0,
    "sellingAndMarketingExpenses": 0,
    "sellingGeneralAndAdministrativeExpenses": 0,
    "otherExpenses": -854900000,
    "operatingExpenses": -854900000,
    "costAndExpenses": -854900000,
    "interestIncome": 0,
    "interestExpense": 0,
    "depreciationAndAmortization": 0,
    "ebitda": -854900000,
    "ebitdaratio": null,
    "operatingIncome": -854900000,
    "operatingIncomeRatio": null,
    "totalOtherIncomeExpensesNet": 0,
    "incomeBeforeTax": 0,
    "incomeBeforeTaxRatio": 0,
    "incomeTaxExpense": -300000,
    "netIncome": -854600000,
    "netIncomeRatio": null,
    "eps": -1.38,
    "epsdiluted": -1.38,
    "weightedAverageShsOut": 618402000,
    "weightedAverageShsOutDil": 618402000,
    "link": "",
    "finalLink": ""
  }
]