[
  {
    "date": "2024-12-31",
    "symbol": "CINF",
    "reportedCurrency": "USD",
    "cik": "0000020286",
    "fillingDate": "2025-02-24",
    "acceptedDate": "2025-02-24 14:41:13",
    "calendarYear": "2024",
    "period": "FY",
    "revenue": 11337000000,
    "costOfRevenue": 5737000000,
    "grossProfit": 11337000000,
    "grossProfitRatio": 1,
    "researchAndDevelopmentExpenses": 0,
    "generalAndAdministrativeExpenses": 0,
    "sellingAndMarketingExpenses": 0,
    "sellingGeneralAndAdministrativeExpenses": 0,
    "otherExpenses": 8479000000,
    "operatingExpenses": 8479000000,
    "costAndExpenses": 8426000000,
    "interestIncome": 0,
    "interestExpense": 53000000,
    "depreciationAndAmortization": 130000000,
    "ebitda": 3041000000,
    "ebitdaratio": 0.2682367469,
    "operatingIncome": 2911000000,
    "operatingIncomeRatio": 0.2567698686,
    "totalOtherIncomeExpensesNet": -53000000,
    "incomeBeforeTax": 2858000000,
    "incomeBeforeTaxRatio": 0.2520949105,
    "incomeTaxExpense": 566000000,
    "netIncome": 2292000000,
    "netIncomeRatio": 0.2021698862,
    "eps": 14.65,
    "epsdiluted": 14.53,
    "weightedAverageShsOut": 156400000,
    "weightedAverageShsOutDil": 157800000,
    "link": "https://www.sec.gov/Archives/edgar/data/20286/000002028625000009/0000020286-25-000009-index.htm",
    "finalLink": "https://www.sec.gov/Archives/edgar/data/20286/000002028625000009/cinf-20241231.htm"
  },
  {
    "date": "2023-12-31",
    "symbol": "CINF",
    "reportedCurrency": "USD",
    "cik": "0000020286",
    "fillingDate": "2024-02-26",
    "acceptedDate": "2024-02-26 14:04:30",
    "calendarYear": "2023",
    "period": "FY",
    "revenue": 10013000000,
    "costOfRevenue": 0,
    "grossProfit": 10013000000,
    "grossProfitRatio": 1,
    "researchAndDevelopmentExpenses": 0,
    "generalAndAdministrativeExpenses": 0,
    "sellingAndMarketingExpenses": 0,
    "sellingGeneralAndAdministrativeExpenses": 7683000000,
    "otherExpenses": 0,
    "operatingExpenses": 7683000000,
    "costAndExpenses": 7683000000,
    "interestIncome": 0,
    "interestExpense": 54000000,
    "depreciationAndAmortization": 112000000,
    "ebitda": 2442000000,
    "ebitdaratio": 0.2438829522,
    "operatingIncome": 2330000000,
    "operatingIncomeRatio": 0.2326974933,
    "totalOtherIncomeExpensesNet": -54000000,
    "incomeBeforeTax": 2276000000,
    "incomeBeforeTaxRatio": 0.2273045041,
    "incomeTaxExpense": 433000000,
    "netIncome": 1843000000,
    "netIncomeRatio": 0.1840607211,
    "eps": 11.74,
    "epsdiluted": 11.66,
    "weightedAverageShsOut": 158061749,
    "weightedAverageShsOutDil": 158100000,
    "link": "https://www.sec.gov/Archives/edgar/data/20286/000002028624000014/0000020286-24-000014-index.htm",
    "finalLink": "https://www.sec.gov/Archives/edgar/data/20286/000002028624000014/cinf-20231231.htm"
  },
  {
    "date": "2022-12-31",
    "symbol": "CINF",
    "reportedCurrency": "USD",
    "cik": "0000020286",
    "fillingDate": "2023-02-23",
    "acceptedDate": "2023-02-23 12:01:58",
    "calendarYear": "2022",
    "period": "FY",
    "revenue": 6563000000,
    "costOfRevenue": 0,
    "grossProfit": 6563000000,
    "grossProfitRatio": 1,
    "researchAndDevelopmentExpenses": 0,
    "generalAndAdministrativeExpenses": 0,
    "sellingAndMarketingExpenses": 0,
    "sellingGeneralAndAdministrativeExpenses": 7204000000,
    "otherExpenses": 0,
    "operatingExpenses": 7204000000,
    "costAndExpenses": 7204000000,
    "interestIncome": 0,
    "interestExpense": 53000000,
    "depreciationAndAmortization": 127000000,
    "ebitda": -514000000,
    "ebitdaratio": -0.0783178425,
    "operatingIncome": -641000000,
    "operatingIncomeRatio": -0.097668749,
    "totalOtherIncomeExpensesNet": -53000000,
    "incomeBeforeTax": -694000000,
    "incomeBeforeTaxRatio": -0.1057443242,
    "incomeTaxExpense": -207000000,
    "netIncome": -487000000,
    "netIncomeRatio": -0.0742038702,
    "eps": -3.06,
    "epsdiluted": -3.06,
    "weightedAverageShsOut": 158800000,
    "weightedAverageShsOutDil": 158800000,
    "link": "https://www.sec.gov/Archives/edgar/data/20286/000002028623000008/0000020286-23-000008-index.htm",
    "finalLink": "https://www.sec.gov/Archives/edgar/data/20286/000002028623000008/cinf-20221231.htm"
  },
  {
    "date": "2021-12-31",
    "symbol": "CINF",
    "reportedCurrency": "USD",
    "cik": "0000020286",
    "fillingDate": "2022-02-24",
    "acceptedDate": "2022-02-24 12:22:35",
    "calendarYear": "2021",
    "period": "FY",
    "revenue": 9626000000,
    "costOfRevenue": 0,
    "grossProfit": 9626000000,
    "grossProfitRatio": 1,
    "researchAndDevelopmentExpenses": 0,
    "generalAndAdministrativeExpenses": 0,
    "sellingAndMarketingExpenses": 0,
    "sellingGeneralAndAdministrativeExpenses": 5903000000,
    "otherExpenses": 0,
    "operatingExpenses": 5903000000,
    "costAndExpenses": 5903000000,
    "interestIncome": 0,
    "interestExpense": 53000000,
    "depreciationAndAmortization": 118000000,
    "ebitda": 3869000000,
    "ebitdaratio": 0.4019322668,
    "operatingIncome": 3723000000,
    "operatingIncomeRatio": 0.3867650114,
    "totalOtherIncomeExpensesNet": -53000000,
    "incomeBeforeTax": 3698000000,
    "incomeBeforeTaxRatio": 0.3841678787,
    "incomeTaxExpense": 730000000,
    "netIncome": 2968000000,
    "netIncomeRatio": 0.3083316019,
    "eps": 18.3,
    "epsdiluted": 18.1,
    "weightedAverageShsOut": 161000000,
    "weightedAverageShsOutDil": 162700000,
    "link": "https://www.sec.gov/Archives/edgar/data/20286/000002028622000012/0000020286-22-000012-index.htm",
    "finalLink": "https://www.sec.gov/Archives/edgar/data/20286/000002028622000012/cinf-20211231.htm"
  },
  {
    "date": "2020-12-31",
    "symbol": "CINF",
    "reportedCurrency": "USD",
    "cik": "0000020286",
    "fillingDate": "2021-02-25",
    "acceptedDate": "2021-02-25 09:20:12",
    "calendarYear": "2020",
    "period": "FY",
    "revenue": 7536000000,
    "costOfRevenue": 0,
    "grossProfit": 7536000000,
    "grossProfitRatio": 1,
    "researchAndDevelopmentExpenses": 0,
    "generalAndAdministrativeExpenses": 0,
    "sellingAndMarketingExpenses": 0,
    "sellingGeneralAndAdministrativeExpenses": 5983000000,
    "otherExpenses": 0,
    "operatingExpenses": 5983000000,
    "costAndExpenses": 5983000000,
    "interestIncome": 0,
    "interestExpense": 54000000,
    "depreciationAndAmortization": 0,
    "ebitda": 0,
    "ebitdaratio": 0,
    "operatingIncome": 1553000000,
    "operatingIncomeRatio": 0.2060774947,
    "totalOtherIncomeExpensesNet": -54000000,
    "incomeBeforeTax": 1499000000,
    "incomeBeforeTaxRatio": 0.1989118896,
    "incomeTaxExpense": 283000000,
    "netIncome": 1216000000,
    "netIncomeRatio": 0.161358811,
    "eps": 7.54,
    "epsdiluted": 7.49,
    "weightedAverageShsOut": 162349799,
    "weightedAverageShsOutDil": 162400000,
    "link": "https://www.sec.gov/Archives/edgar/data/20286/000002028621000013/0000020286-21-000013-index.htm",
    "finalLink": "https://www.sec.gov/Archives/edgar/data/20286/000002028621000013/cinf-20201231.htm"
  },
  {
    "date": "2019-12-31",
    "symbol": "CINF",
    "reportedCurrency": "USD",
    "cik": "0000020286",
    "fillingDate": "2020-02-25",
    "acceptedDate": "2020-02-25 11:05:54",
    "calendarYear": "2019",
    "period": "FY",
    "revenue": 7924000000,
    "costOfRevenue": 0,
    "grossProfit": 7924000000,
    "grossProfitRatio": 1,
    "researchAndDevelopmentExpenses": 0,
    "generalAndAdministrativeExpenses": 0,
    "sellingAndMarketingExpenses": 0,
    "sellingGeneralAndAdministrativeExpenses": 5399000000,
    "otherExpenses": 0,
    "operatingExpenses": 5399000000,
    "costAndExpenses": 5399000000,
    "interestIncome": 0,
    "interestExpense": 53000000,
    "depreciationAndAmortization": 72000000,
    "ebitda": 2597000000,
    "ebitdaratio": 0.3277385159,
    "operatingIncome": 2525000000,
    "operatingIncomeRatio": 0.3186521959,
    "totalOtherIncomeExpensesNet": -53000000,
    "incomeBeforeTax": 2472000000,
    "incomeBeforeTaxRatio": 0.3119636547,
    "incomeTaxExpense": 475000000,
    "netIncome": 1997000000,
    "netIncomeRatio": 0.2520191822,
    "eps": 12.24,
    "epsdiluted": 12.1,
    "weightedAverageShsOut": 165041322,
    "weightedAverageShsOutDil": 165100000,
    "link": "https://www.sec.gov/Archives/edgar/data/20286/000002028620000011/0000020286-20-000011-index.htm",
    "finalLink": "https://www.sec.gov/Archives/edgar/data/20286/000002028620000011/cinf-20191231x10k.htm"
  },
  {
    "date": "2018-12-31",
    "symbol": "CINF",
    "reportedCurrency": "USD",
    "cik": "0000020286",
    "fillingDate": "2019-02-22",
    "acceptedDate": "2019-02-22 12:23:06",
    "calendarYear": "2018",
    "period": "FY",
    "revenue": 5407000000,
    "costOfRevenue": 0,
    "grossProfit": 5407000000,
    "grossProfitRatio": 1,
    "researchAndDevelopmentExpenses": 0,
    "generalAndAdministrativeExpenses": 0,
    "sellingAndMarketingExpenses": 0,
    "sellingGeneralAndAdministrativeExpenses": 5103000000,
    "otherExpenses": 0,
    "operatingExpenses": 5103000000,
    "costAndExpenses": 5103000000,
    "interestIncome": 0,
    "interestExpense": 53000000,
    "depreciationAndAmortization": 63000000,
    "ebitda": 367000000,
    "ebitdaratio": 0.0678749769,
    "operatingIncome": 304000000,
    "operatingIncomeRatio": 0.0562234141,
    "totalOtherIncomeExpensesNet": -53000000,
    "incomeBeforeTax": 251000000,
    "incomeBeforeTaxRatio": 0.0464213057,
    "incomeTaxExpense": -36000000,
    "netIncome": 287000000,
    "netIncomeRatio": 0.0530793416,
    "eps": 1.76,
    "epsdiluted": 1.74,
    "weightedAverageShsOut": 164000000,
    "weightedAverageShsOutDil": 164500000,
    "link": "https://www.sec.gov/Archives/edgar/data/20286/000002028619000012/0000020286-19-000012-index.htm",
    "finalLink": "https://www.sec.gov/Archives/edgar/data/20286/000002028619000012/cinf-20181231x10k.htm"
  },
  {
    "date": "2017-12-31",
    "symbol": "CINF",
    "reportedCurrency": "USD",
    "cik": "0000020286",
    "fillingDate": "2018-02-23",
    "acceptedDate": "2018-02-23 09:55:38",
    "calendarYear": "2017",
    "period": "FY",
    "revenue": 5732000000,
    "costOfRevenue": 0,
    "grossProfit": 5732000000,
    "grossProfitRatio": 1,
    "researchAndDevelopmentExpenses": 0,
    "generalAndAdministrativeExpenses": 0,
    "sellingAndMarketingExpenses": 0,
    "sellingGeneralAndAdministrativeExpenses": 4949000000,
    "otherExpenses": 0,
    "operatingExpenses": 4949000000,
    "costAndExpenses": 4949000000,
    "interestIncome": 0,
    "interestExpense": 53000000,
    "depreciationAndAmortization": 55000000,
    "ebitda": 838000000,
    "ebitdaratio": 0.14619679,
    "operatingIncome": 783000000,
    "operatingIncomeRatio": 0.1366015352,
    "totalOtherIncomeExpensesNet": -53000000,
    "incomeBeforeTax": 730000000,
    "incomeBeforeTaxRatio": 0.1273551989,
    "incomeTaxExpense": -315000000,
    "netIncome": 1045000000,
    "netIncomeRatio": 0.1823098395,
    "eps": 6.36,
    "epsdiluted": 6.29,
    "weightedAverageShsOut": 164308176,
    "weightedAverageShsOutDil": 166000000,
    "link": "https://www.sec.gov/Archives/edgar/data/20286/000002028618000012/0000020286-18-000012-index.htm",
    "finalLink": "https://www.sec.gov/Archives/edgar/data/20286/000002028618000012/cinf-20171231x10k.htm"
  },
  {
    "date": "2016-12-31",
    "symbol": "CINF",
    "reportedCurrency": "USD",
    "cik": "0000020286",
    "fillingDate": "2017-02-24",
    "acceptedDate": "2017-02-24 09:06:54",
    "calendarYear": "2016",
    "period": "FY",
    "revenue": 5449000000,
    "costOfRevenue": 0,
    "grossProfit": 5449000000,
    "grossProfitRatio": 1,
    "researchAndDevelopmentExpenses": 0,
    "generalAndAdministrativeExpenses": 0,
    "sellingAndMarketingExpenses": 0,
    "sellingGeneralAndAdministrativeExpenses": 4584000000,
    "otherExpenses": 0,
    "operatingExpenses": 4584000000,
    "costAndExpenses": 4584000000,
    "interestIncome": 0,
    "interestExpense": 53000000,
    "depreciationAndAmortization": 48000000,
    "ebitda": 913000000,
    "ebitdaratio": 0.1675536796,
    "operatingIncome": 865000000,
    "operatingIncomeRatio": 0.1587447238,
    "totalOtherIncomeExpensesNet": -53000000,
    "incomeBeforeTax": 812000000,
    "incomeBeforeTaxRatio": 0.1490181685,
    "incomeTaxExpense": 221000000,
    "netIncome": 591000000,
    "netIncomeRatio": 0.1084602679,
    "eps": 3.59,
    "epsdiluted": 3.55,
    "weightedAverageShsOut": 164623955,
    "weightedAverageShsOutDil": 166500000,
    "link": "https://www.sec.gov/Archives/edgar/data/20286/000002028617000013/0000020286-17-000013-index.htm",
    "finalLink": "https://www.sec.gov/Archives/edgar/data/20286/000002028617000013/cinf-20161231x10k.htm"
  },
  {
    "date": "2015-12-31",
    "symbol": "CINF",
    "reportedCurrency": "USD",
    "cik": "0000020286",
    "fillingDate": "2016-02-26",
    "acceptedDate": "2016-02-26 11:07:26",
    "calendarYear": "2015",
    "period": "FY",
    "revenue": 5142000000,
    "costOfRevenue": 0,
    "grossProfit": 5142000000,
    "grossProfitRatio": 1,
    "researchAndDevelopmentExpenses": 0,
    "generalAndAdministrativeExpenses": 0,
    "sellingAndMarketingExpenses": 0,
    "sellingGeneralAndAdministrativeExpenses": 4208000000,
    "otherExpenses": 0,
    "operatingExpenses": 4208000000,
    "costAndExpenses": 4208000000,
    "interestIncome": 0,
    "interestExpense": 53000000,
    "depreciationAndAmortization": 52000000,
    "ebitda": 986000000,
    "ebitdaratio": 0.1917541813,
    "operatingIncome": 934000000,
    "operatingIncomeRatio": 0.1816413847,
    "totalOtherIncomeExpensesNet": -53000000,
    "incomeBeforeTax": 881000000,
    "incomeBeforeTaxRatio": 0.1713341112,
    "incomeTaxExpense": 247000000,
    "netIncome": 634000000,
    "netIncomeRatio": 0.1232983275,
    "eps": 3.87,
    "epsdiluted": 3.83,
    "weightedAverageShsOut": 163824289,
    "weightedAverageShsOutDil": 165600000,
    "link": "https://www.sec.gov/Archives/edgar/data/20286/000002028616000055/0000020286-16-000055-index.htm",
    "finalLink": "https://www.sec.gov/Archives/edgar/data/20286/000002028616000055/cinf-20151231x10k.htm"
  },
  {
    "date": "2014-12-31",
    "symbol": "CINF",
    "reportedCurrency": "USD",
    "cik": "0000020286",
    "fillingDate": "2015-02-27",
    "acceptedDate": "2015-02-27 08:07:25",
    "calendarYear": "2014",
    "period": "FY",
    "revenue": 4945000000,
    "costOfRevenue": 0,
    "grossProfit": 4945000000,
    "grossProfitRatio": 1,
    "researchAndDevelopmentExpenses": 0,
    "generalAndAdministrativeExpenses": 0,
    "sellingAndMarketingExpenses": 0,
    "sellingGeneralAndAdministrativeExpenses": 4171000000,
    "otherExpenses": 0,
    "operatingExpenses": 4171000000,
    "costAndExpenses": 4171000000,
    "interestIncome": 0,
    "interestExpense": 53000000,
    "depreciationAndAmortization": 51000000,
    "ebitda": 825000000,
    "ebitdaratio": 0.1668351871,
    "operatingIncome": 774000000,
    "operatingIncomeRatio": 0.1565217391,
    "totalOtherIncomeExpensesNet": -53000000,
    "incomeBeforeTax": 721000000,
    "incomeBeforeTaxRatio": 0.1458038423,
    "incomeTaxExpense": 196000000,
    "netIncome": 525000000,
    "netIncomeRatio": 0.1061678463,
    "eps": 3.21,
    "epsdiluted": 3.18,
    "weightedAverageShsOut": 163500000,
    "weightedAverageShsOutDil": 165100000,
    "link": "https://www.sec.gov/Archives/edgar/data/20286/000002028615000011/0000020286-15-000011-index.htm",
    "finalLink": "https://www.sec.gov/Archives/edgar/data/20286/000002028615000011/cinf-20141231x10k.htm"
  },
  {
    "date": "2013-12-31",
    "symbol": "CINF",
    "reportedCurrency": "USD",
    "cik": "0000020286",
    "fillingDate": "2014-02-27",
    "acceptedDate": "2014-02-27 15:43:26",
    "calendarYear": "2013",
    "period": "FY",
    "revenue": 4531000000,
    "costOfRevenue": 0,
    "grossProfit": 4531000000,
    "grossProfitRatio": 1,
    "researchAndDevelopmentExpenses": 0,
    "generalAndAdministrativeExpenses": 0,
    "sellingAndMarketingExpenses": 0,
    "sellingGeneralAndAdministrativeExpenses": 3763000000,
    "otherExpenses": 0,
    "operatingExpenses": 3763000000,
    "costAndExpenses": 3763000000,
    "interestIncome": 0,
    "interestExpense": 54000000,
    "depreciationAndAmortization": 50000000,
    "ebitda": 818000000,
    "ebitdaratio": 0.1805340984,
    "operatingIncome": 768000000,
    "operatingIncomeRatio": 0.1694990068,
    "totalOtherIncomeExpensesNet": -54000000,
    "incomeBeforeTax": 714000000,
    "incomeBeforeTaxRatio": 0.1575811079,
    "incomeTaxExpense": 197000000,
    "netIncome": 517000000,
    "netIncomeRatio": 0.1141028471,
    "eps": 3.16,
    "epsdiluted": 3.12,
    "weightedAverageShsOut": 165400000,
    "weightedAverageShsOutDil": 165400000,
    "link": "https://www.sec.gov/Archives/edgar/data/20286/000002028614000009/0000020286-14-000009-index.htm",
    "finalLink": "https://www.sec.gov/Archives/edgar/data/20286/000002028614000009/cinf-20131231x10k.htm"
  },
  {
    "date": "2012-12-31",
    "symbol": "CINF",
    "reportedCurrency": "USD",
    "cik": "0000020286",
    "fillingDate": "2013-02-27",
    "acceptedDate": "2013-02-27 16:19:15",
    "calendarYear": "2012",
    "period": "FY",
    "revenue": 4111000000,
    "costOfRevenue": 0,
    "grossProfit": 4111000000,
    "grossProfitRatio": 1,
    "researchAndDevelopmentExpenses": 0,
    "generalAndAdministrativeExpenses": 0,
    "sellingAndMarketingExpenses": 0,
    "sellingGeneralAndAdministrativeExpenses": 3491000000,
    "otherExpenses": 0,
    "operatingExpenses": 3491000000,
    "costAndExpenses": 3491000000,
    "interestIncome": 0,
    "interestExpense": 54000000,
    "depreciationAndAmortization": 44000000,
    "ebitda": 664000000,
    "ebitdaratio": 0.1615178789,
    "operatingIncome": 620000000,
    "operatingIncomeRatio": 0.1508148869,
    "totalOtherIncomeExpensesNet": -54000000,
    "incomeBeforeTax": 566000000,
    "incomeBeforeTaxRatio": 0.1376793967,
    "incomeTaxExpense": 145000000,
    "netIncome": 421000000,
    "netIncomeRatio": 0.1024081732,
    "eps": 2.59,
    "epsdiluted": 2.57,
    "weightedAverageShsOut": 163661000,
    "weightedAverageShsOutDil": 163661000,
    "link": "https://www.sec.gov/Archives/edgar/data/20286/000114420413011557/0001144204-13-011557-index.htm",
    "finalLink": "https://www.sec.gov/Archives/edgar/data/20286/000114420413011557/v329482_10k.htm"
  },
  {
    "date": "2011-12-31",
    "symbol": "CINF",
    "reportedCurrency": "USD",
    "cik": "0000020286",
    "fillingDate": "2012-02-29",
    "acceptedDate": "2012-02-29 15:04:13",
    "calendarYear": "2011",
    "period": "FY",
    "revenue": 3803000000,
    "costOfRevenue": 13000000,
    "grossProfit": 3790000000,
    "grossProfitRatio": 0.9965816461,
    "researchAndDevelopmentExpenses": 0,
    "generalAndAdministrativeExpenses": 0,
    "sellingAndMarketingExpenses": 0,
    "sellingGeneralAndAdministrativeExpenses": 0,
    "otherExpenses": 3803000000,
    "operatingExpenses": 3803000000,
    "costAndExpenses": 3803000000,
    "interestIncome": 0,
    "interestExpense": 54000000,
    "depreciationAndAmortization": 42000000,
    "ebitda": 269000000,
    "ebitdaratio": 0.0707336313,
    "operatingIncome": 176000000,
    "operatingIncomeRatio": 0.0462792532,
    "totalOtherIncomeExpensesNet": -3000000,
    "incomeBeforeTax": 173000000,
    "incomeBeforeTaxRatio": 0.0454904023,
    "incomeTaxExpense": 9000000,
    "netIncome": 164000000,
    "netIncomeRatio": 0.0431238496,
    "eps": 1.02,
    "epsdiluted": 1.02,
    "weightedAverageShsOut": 163259222,
    "weightedAverageShsOutDil": 163259222,
    "link": "https://www.sec.gov/Archives/edgar/data/20286/000114420412011957/0001144204-12-011957-index.htm",
    "finalLink": "https://www.sec.gov/Archives/edgar/data/20286/000114420412011957/v239554_10k.htm"
  },
  {
    "date": "2010-12-31",
    "symbol": "CINF",
    "reportedCurrency": "USD",
    "cik": "0000020286",
    "fillingDate": "2011-02-25",
    "acceptedDate": "2011-02-25 16:54:26",
    "calendarYear": "2010",
    "period": "FY",
    "revenue": 3772000000,
    "costOfRevenue": 16000000,
    "grossProfit": 3756000000,
    "grossProfitRatio": 0.9957582185,
    "researchAndDevelopmentExpenses": 0,
    "generalAndAdministrativeExpenses": 0,
    "sellingAndMarketingExpenses": 0,
    "sellingGeneralAndAdministrativeExpenses": 16000000,
    "otherExpenses": 3772000000,
    "operatingExpenses": 3772000000,
    "costAndExpenses": 3772000000,
    "interestIncome": 0,
    "interestExpense": 54000000,
    "depreciationAndAmortization": 41000000,
    "ebitda": 596000000,
    "ebitdaratio": 0.1580063627,
    "operatingIncome": 501000000,
    "operatingIncomeRatio": 0.1328207847,
    "totalOtherIncomeExpensesNet": 0,
    "incomeBeforeTax": 501000000,
    "incomeBeforeTaxRatio": 0.1328207847,
    "incomeTaxExpense": 124000000,
    "netIncome": 377000000,
    "netIncomeRatio": 0.0999469777,
    "eps": 2.32,
    "epsdiluted": 2.31,
    "weightedAverageShsOut": 162777695,
    "weightedAverageShsOutDil": 163274491,
    "link": "https://www.sec.gov/Archives/edgar/data/20286/000114420411011090/0001144204-11-011090-index.htm",
    "finalLink": "https://www.sec.gov/Archives/edgar/data/20286/000114420411011090/v212346_10k.htm"
  },
  {
    "date": "2009-12-31",
    "symbol": "CINF",
    "reportedCurrency": "USD",
    "cik": "0000020286",
    "fillingDate": "2010-02-26",
    "acceptedDate": "2010-02-26 11:24:12",
    "calendarYear": "2009",
    "period": "FY",
    "revenue": 3903000000,
    "costOfRevenue": 20000000,
    "grossProfit": 3883000000,
    "grossProfitRatio": 0.9948757366,
    "researchAndDevelopmentExpenses": 0,
    "generalAndAdministrativeExpenses": 0,
    "sellingAndMarketingExpenses": 0,
    "sellingGeneralAndAdministrativeExpenses": 20000000,
    "otherExpenses": 3883000000,
    "operatingExpenses": 3903000000,
    "costAndExpenses": 3903000000,
    "interestIncome": 0,
    "interestExpense": 55000000,
    "depreciationAndAmortization": 48000000,
    "ebitda": 685000000,
    "ebitdaratio": 0.175506021,
    "operatingIncome": 582000000,
    "operatingIncomeRatio": 0.1491160646,
    "totalOtherIncomeExpensesNet": 0,
    "incomeBeforeTax": 582000000,
    "incomeBeforeTaxRatio": 0.1491160646,
    "incomeTaxExpense": 150000000,
    "netIncome": 432000000,
    "netIncomeRatio": 0.1106840892,
    "eps": 2.67,
    "epsdiluted": 2.65,
    "weightedAverageShsOut": 162794767,
    "weightedAverageShsOutDil": 162866863,
    "link": "https://www.sec.gov/Archives/edgar/data/20286/000114420410010174/0001144204-10-010174-index.htm",
    "finalLink": "https://www.sec.gov/Archives/edgar/data/20286/000114420410010174/v175306_10k.htm"
  },
  {
    "date": "2008-12-31",
    "symbol": "CINF",
    "reportedCurrency": "USD",
    "cik": "0000020286",
    "fillingDate": "2009-02-27",
    "acceptedDate": "2009-02-27 13:02:39",
    "calendarYear": "2008",
    "period": "FY",
    "revenue": 3824000000,
    "costOfRevenue": 411000000,
    "grossProfit": 3413000000,
    "grossProfitRatio": 0.8925209205,
    "researchAndDevelopmentExpenses": 0,
    "generalAndAdministrativeExpenses": 411000000,
    "sellingAndMarketingExpenses": 576000000,
    "sellingGeneralAndAdministrativeExpenses": 987000000,
    "otherExpenses": 2837000000,
    "operatingExpenses": 3824000000,
    "costAndExpenses": 3824000000,
    "interestIncome": 0,
    "interestExpense": 53000000,
    "depreciationAndAmortization": 35000000,
    "ebitda": 628000000,
    "ebitdaratio": 0.1642259414,
    "operatingIncome": 540000000,
    "operatingIncomeRatio": 0.1412133891,
    "totalOtherIncomeExpensesNet": 0,
    "incomeBeforeTax": 540000000,
    "incomeBeforeTaxRatio": 0.1412133891,
    "incomeTaxExpense": 111000000,
    "netIncome": 429000000,
    "netIncomeRatio": 0.1121861925,
    "eps": 2.63,
    "epsdiluted": 2.62,
    "weightedAverageShsOut": 163362409,
    "weightedAverageShsOutDil": 163362409,
    "link": "https://www.sec.gov/Archives/edgar/data/20286/000095015209001908/0000950152-09-001908-index.htm",
    "finalLink": "https://www.sec.gov/Archives/edgar/data/20286/000095015209001908/l35496ae10vk.htm"
  },
  {
    "date": "2007-12-31",
    "symbol": "CINF",
    "reportedCurrency": "USD",
    "cik": "0000020286",
    "fillingDate": "2008-02-29",
    "acceptedDate": "2008-02-29 11:02:37",
    "calendarYear": "2007",
    "period": "FY",
    "revenue": 4259000000,
    "costOfRevenue": 362000000,
    "grossProfit": 3897000000,
    "grossProfitRatio": 0.915003522,
    "researchAndDevelopmentExpenses": 0,
    "generalAndAdministrativeExpenses": 362000000,
    "sellingAndMarketingExpenses": 624000000,
    "sellingGeneralAndAdministrativeExpenses": 986000000,
    "otherExpenses": 4246000000,
    "operatingExpenses": 4259000000,
    "costAndExpenses": 4259000000,
    "interestIncome": 0,
    "interestExpense": 52000000,
    "depreciationAndAmortization": 38000000,
    "ebitda": 1282000000,
    "ebitdaratio": 0.3010096267,
    "operatingIncome": 1260000000,
    "operatingIncomeRatio": 0.2958440949,
    "totalOtherIncomeExpensesNet": -68000000,
    "incomeBeforeTax": 1192000000,
    "incomeBeforeTaxRatio": 0.2798779056,
    "incomeTaxExpense": 337000000,
    "netIncome": 855000000,
    "netIncomeRatio": 0.2007513501,
    "eps": 5.01,
    "epsdiluted": 4.97,
    "weightedAverageShsOut": 170595204,
    "weightedAverageShsOutDil": 172167452,
    "link": "https://www.sec.gov/Archives/edgar/data/20286/000095015208001543/0000950152-08-001543-index.htm",
    "finalLink": "https://www.sec.gov/Archives/edgar/data/20286/000095015208001543/l30304ae10vk.htm"
  },
  {
    "date": "2006-12-31",
    "symbol": "CINF",
    "reportedCurrency": "USD",
    "cik": "0000020286",
    "fillingDate": "2007-02-28",
    "acceptedDate": "2007-02-28 16:46:10",
    "calendarYear": "2006",
    "period": "FY",
    "revenue": 4550000000,
    "costOfRevenue": 354000000,
    "grossProfit": 4196000000,
    "grossProfitRatio": 0.9221978022,
    "researchAndDevelopmentExpenses": 0,
    "generalAndAdministrativeExpenses": 354000000,
    "sellingAndMarketingExpenses": 630000000,
    "sellingGeneralAndAdministrativeExpenses": 984000000,
    "otherExpenses": 3566000000,
    "operatingExpenses": 4550000000,
    "costAndExpenses": 4550000000,
    "interestIncome": 0,
    "interestExpense": 53000000,
    "depreciationAndAmortization": 38000000,
    "ebitda": 1420000000,
    "ebitdaratio": 0.3120879121,
    "operatingIncome": 1329000000,
    "operatingIncomeRatio": 0.2920879121,
    "totalOtherIncomeExpensesNet": 0,
    "incomeBeforeTax": 1329000000,
    "incomeBeforeTaxRatio": 0.2920879121,
    "incomeTaxExpense": 399000000,
    "netIncome": 930000000,
    "netIncomeRatio": 0.2043956044,
    "eps": 5.36,
    "epsdiluted": 5.3,
    "weightedAverageShsOut": 173423395,
    "weightedAverageShsOutDil": 175451341,
    "link": "https://www.sec.gov/Archives/edgar/data/20286/000095015207001625/0000950152-07-001625-index.htm",
    "finalLink": "https://www.sec.gov/Archives/edgar/data/20286/000095015207001625/l24955ae10vk.htm"
  },
  {
    "date": "2005-12-31",
    "symbol": "CINF",
    "reportedCurrency": "USD",
    "cik": "0000020286",
    "fillingDate": "2006-03-16",
    "acceptedDate": "2006-03-16 08:32:15",
    "calendarYear": "2005",
    "period": "FY",
    "revenue": 3767000000,
    "costOfRevenue": 290000000,
    "grossProfit": 3477000000,
    "grossProfitRatio": 0.9230156623,
    "researchAndDevelopmentExpenses": 0,
    "generalAndAdministrativeExpenses": 302000000,
    "sellingAndMarketingExpenses": 627000000,
    "sellingGeneralAndAdministrativeExpenses": 929000000,
    "otherExpenses": 2838000000,
    "operatingExpenses": 3767000000,
    "costAndExpenses": 3767000000,
    "interestIncome": 0,
    "interestExpense": 51000000,
    "depreciationAndAmortization": 33000000,
    "ebitda": 907000000,
    "ebitdaratio": 0.2407751526,
    "operatingIncome": 823000000,
    "operatingIncomeRatio": 0.218476241,
    "totalOtherIncomeExpensesNet": 0,
    "incomeBeforeTax": 823000000,
    "incomeBeforeTaxRatio": 0.218476241,
    "incomeTaxExpense": 221000000,
    "netIncome": 602000000,
    "netIncomeRatio": 0.1598088665,
    "eps": 3.44,
    "epsdiluted": 3.4,
    "weightedAverageShsOut": 177116126,
    "weightedAverageShsOutDil": 177116126,
    "link": "https://www.sec.gov/Archives/edgar/data/20286/000095015206002155/0000950152-06-002155-index.htm",
    "finalLink": "https://www.sec.gov/Archives/edgar/data/20286/000095015206002155/l19146ae10vkza.htm"
  },
  {
    "date": "2004-12-31",
    "symbol": "CINF",
    "reportedCurrency": "USD",
    "cik": "0000020286",
    "fillingDate": "2005-03-14",
    "acceptedDate": "2005-03-11 17:56:32",
    "calendarYear": "2004",
    "period": "FY",
    "revenue": 3614000000,
    "costOfRevenue": 260000000,
    "grossProfit": 3354000000,
    "grossProfitRatio": 0.928057554,
    "researchAndDevelopmentExpenses": 0,
    "generalAndAdministrativeExpenses": 260000000,
    "sellingAndMarketingExpenses": 615000000,
    "sellingGeneralAndAdministrativeExpenses": 875000000,
    "otherExpenses": 2729000000,
    "operatingExpenses": 3614000000,
    "costAndExpenses": 3614000000,
    "interestIncome": 0,
    "interestExpense": 38000000,
    "depreciationAndAmortization": 28000000,
    "ebitda": 866000000,
    "ebitdaratio": 0.2396236857,
    "operatingIncome": 800000000,
    "operatingIncomeRatio": 0.2213613724,
    "totalOtherIncomeExpensesNet": 0,
    "incomeBeforeTax": 800000000,
    "incomeBeforeTaxRatio": 0.2213613724,
    "incomeTaxExpense": 216000000,
    "netIncome": 584000000,
    "netIncomeRatio": 0.1615938019,
    "eps": 3.3,
    "epsdiluted": 3.28,
    "weightedAverageShsOut": 178376848,
    "weightedAverageShsOutDil": 178376848,
    "link": "https://www.sec.gov/Archives/edgar/data/20286/000095015205002027/0000950152-05-002027-index.htm",
    "finalLink": "https://www.sec.gov/Archives/edgar/data/20286/000095015205002027/l12577ae10vk.htm"
  },
  {
    "date": "2003-12-31",
    "symbol": "CINF",
    "reportedCurrency": "USD",
    "cik": "0000020286",
    "fillingDate": "2004-03-11",
    "acceptedDate": "2004-03-11 15:11:53",
    "calendarYear": "2003",
    "period": "FY",
    "revenue": 3181000000,
    "costOfRevenue": 204000000,
    "grossProfit": 2977000000,
    "grossProfitRatio": 0.9358692235,
    "researchAndDevelopmentExpenses": 0,
    "generalAndAdministrativeExpenses": 204000000,
    "sellingAndMarketingExpenses": 536000000,
    "sellingGeneralAndAdministrativeExpenses": 740000000,
    "otherExpenses": 2441000000,
    "operatingExpenses": 3181000000,
    "costAndExpenses": 3181000000,
    "interestIncome": 0,
    "interestExpense": 34000000,
    "depreciationAndAmortization": 30000000,
    "ebitda": 510000000,
    "ebitdaratio": 0.1603269412,
    "operatingIncome": 480000000,
    "operatingIncomeRatio": 0.1508959447,
    "totalOtherIncomeExpensesNet": 0,
    "incomeBeforeTax": 480000000,
    "incomeBeforeTaxRatio": 0.1508959447,
    "incomeTaxExpense": 106000000,
    "netIncome": 374000000,
    "netIncomeRatio": 0.1175730902,
    "eps": 2.11,
    "epsdiluted": 2.1,
    "weightedAverageShsOut": 178292248,
    "weightedAverageShsOutDil": 178500000,
    "link": "https://www.sec.gov/Archives/edgar/data/20286/000095015204001818/0000950152-04-001818-index.htm",
    "finalLink": "https://www.sec.gov/Archives/edgar/data/20286/000095015204001818/l05798ae10vk.htm"
  },
  {
    "date": "2002-12-31",
    "symbol": "CINF",
    "reportedCurrency": "USD",
    "cik": "0000020286",
    "fillingDate": "2003-03-14",
    "acceptedDate": "2003-03-14 10:08:43",
    "calendarYear": "2002",
    "period": "FY",
    "revenue": 2843000000,
    "costOfRevenue": 202000000,
    "grossProfit": 2641000000,
    "grossProfitRatio": 0.9289482941,
    "researchAndDevelopmentExpenses": 0,
    "generalAndAdministrativeExpenses": 202000000,
    "sellingAndMarketingExpenses": 472000000,
    "sellingGeneralAndAdministrativeExpenses": 674000000,
    "otherExpenses": 2169000000,
    "operatingExpenses": 2843000000,
    "costAndExpenses": 2843000000,
    "interestIncome": 0,
    "interestExpense": 35000000,
    "depreciationAndAmortization": 22000000,
    "ebitda": 301000000,
    "ebitdaratio": 0.1058740767,
    "operatingIncome": 279000000,
    "operatingIncomeRatio": 0.0981357721,
    "totalOtherIncomeExpensesNet": 0,
    "incomeBeforeTax": 279000000,
    "incomeBeforeTaxRatio": 0.0981357721,
    "incomeTaxExpense": 41000000,
    "netIncome": 238000000,
    "netIncomeRatio": 0.0837143862,
    "eps": 1.33,
    "epsdiluted": 1.32,
    "weightedAverageShsOut": 179920485,
    "weightedAverageShsOutDil": 179920485,
    "link": "https://www.sec.gov/Archives/edgar/data/20286/000095015203002920/0000950152-03-002920-index.htm",
    "finalLink": "https://www.sec.gov/Archives/edgar/data/20286/000095015203002920/l99504ae10vk.htm"
  },
  {
    "date": "2001-12-31",
    "symbol": "CINF",
    "reportedCurrency": "USD",
    "cik": "0000020286",
    "fillingDate": "2002-03-27",
    "acceptedDate": "2002-03-27 00:00:00",
    "calendarYear": "2001",
    "period": "FY",
    "revenue": 2561000000,
    "costOfRevenue": 0,
    "grossProfit": 2561000000,
    "grossProfitRatio": 1,
    "researchAndDevelopmentExpenses": 0,
    "generalAndAdministrativeExpenses": 184000000,
    "sellingAndMarketingExpenses": 392000000,
    "sellingGeneralAndAdministrativeExpenses": 576000000,
    "otherExpenses": 1985000000,
    "operatingExpenses": 2561000000,
    "costAndExpenses": 2561000000,
    "interestIncome": 0,
    "interestExpense": 39000000,
    "depreciationAndAmortization": 25000000,
    "ebitda": 246000000,
    "ebitdaratio": 0.096056228,
    "operatingIncome": -39000000,
    "operatingIncomeRatio": -0.0152284264,
    "totalOtherIncomeExpensesNet": 260000000,
    "incomeBeforeTax": 221000000,
    "incomeBeforeTaxRatio": 0.0862944162,
    "incomeTaxExpense": 28000000,
    "netIncome": 193000000,
    "netIncomeRatio": 0.075361187,
    "eps": 1.09,
    "epsdiluted": 1.08,
    "weightedAverageShsOut": 177066772,
    "weightedAverageShsOutDil": 179044651,
    "link": "https://www.sec.gov/Archives/edgar/data/20286/000095015202002433/0000950152-02-002433-index.htm",
    "finalLink": "https://www.sec.gov/Archives/edgar/data/20286/000095015202002433/l93455ae10-k.txt"
  },
  {
    "date": "2000-12-31",
    "symbol": "CINF",
    "reportedCurrency": "USD",
    "cik": "0000020286",
    "fillingDate": "2001-03-22",
    "acceptedDate": "2001-03-22 00:00:00",
    "calendarYear": "2000",
    "period": "FY",
    "revenue": 2330994000,
    "costOfRevenue": 0,
    "grossProfit": 2330994000,
    "grossProfitRatio": 1,
    "researchAndDevelopmentExpenses": 0,
    "generalAndAdministrativeExpenses": 172000000,
    "sellingAndMarketingExpenses": 351000000,
    "sellingGeneralAndAdministrativeExpenses": 523000000,
    "otherExpenses": 1808000000,
    "operatingExpenses": 2331000000,
    "costAndExpenses": 2331000000,
    "interestIncome": 0,
    "interestExpense": 37000000,
    "depreciationAndAmortization": 18000000,
    "ebitda": 126933000,
    "ebitdaratio": 0.0544544516,
    "operatingIncome": -37336000,
    "operatingIncomeRatio": -0.0160172012,
    "totalOtherIncomeExpensesNet": 146336000,
    "incomeBeforeTax": 109000000,
    "incomeBeforeTaxRatio": 0.0467611671,
    "incomeTaxExpense": -9000000,
    "netIncome": 118000000,
    "netIncomeRatio": 0.0506221809,
    "eps": 0.67,
    "epsdiluted": 0.66,
    "weightedAverageShsOut": 177074008,
    "weightedAverageShsOutDil": 180723030,
    "link": "https://www.sec.gov/Archives/edgar/data/20286/000095015201500561/0000950152-01-500561-index.htm",
    "finalLink": "https://www.sec.gov/Archives/edgar/data/20286/000095015201500561/l87259ae10-k.txt"
  },
  {
    "date": "1999-12-31",
    "symbol": "CINF",
    "reportedCurrency": "USD",
    "cik": "0000020286",
    "fillingDate": "2000-03-23",
    "acceptedDate": "2000-03-23 00:00:00",
    "calendarYear": "1999",
    "period": "FY",
    "revenue": 2128223000,
    "costOfRevenue": 0,
    "grossProfit": 2128223000,
    "grossProfitRatio": 1,
    "researchAndDevelopmentExpenses": 0,
    "generalAndAdministrativeExpenses": 152000000,
    "sellingAndMarketingExpenses": 316000000,
    "sellingGeneralAndAdministrativeExpenses": 468000000,
    "otherExpenses": 1660000000,
    "operatingExpenses": 2128000000,
    "costAndExpenses": 2128000000,
    "interestIncome": 0,
    "interestExpense": 33000000,
    "depreciationAndAmortization": 16000000,
    "ebitda": 337589000,
    "ebitdaratio": 0.1586248246,
    "operatingIncome": -33427000,
    "operatingIncomeRatio": -0.0157065308,
    "totalOtherIncomeExpensesNet": 355427000,
    "incomeBeforeTax": 322000000,
    "incomeBeforeTaxRatio": 0.1512999343,
    "incomeTaxExpense": 67000000,
    "netIncome": 255000000,
    "netIncomeRatio": 0.1198182709,
    "eps": 1.41,
    "epsdiluted": 1.38,
    "weightedAverageShsOut": 181912500,
    "weightedAverageShsOutDil": 186322500,
    "link": "https://www.sec.gov/Archives/edgar/data/20286/000095015200002042/0000950152-00-002042-index.html",
    "finalLink": "https://www.sec.gov/Archives/edgar/data/20286/000095015200002042/"
  },
  {
    "date": "1998-12-31",
    "symbol": "CINF",
    "reportedCurrency": "USD",
    "cik": "0000020286",
    "fillingDate": "1999-03-26",
    "acceptedDate": "1999-03-26 00:00:00",
    "calendarYear": "1998",
    "period": "FY",
    "revenue": 2054289000,
    "costOfRevenue": 0,
    "grossProfit": 2054289000,
    "grossProfitRatio": 1,
    "researchAndDevelopmentExpenses": 0,
    "generalAndAdministrativeExpenses": 145022000,
    "sellingAndMarketingExpenses": 293926000,
    "sellingGeneralAndAdministrativeExpenses": 438948000,
    "otherExpenses": 1615341000,
    "operatingExpenses": 2054289000,
    "costAndExpenses": 2054289000,
    "interestIncome": 0,
    "interestExpense": 28012000,
    "depreciationAndAmortization": 11793000,
    "ebitda": 318900000,
    "ebitdaratio": 0.1552361912,
    "operatingIncome": 307107000,
    "operatingIncomeRatio": 0.1494955189,
    "totalOtherIncomeExpensesNet": 0,
    "incomeBeforeTax": 307107000,
    "incomeBeforeTaxRatio": 0.1494955189,
    "incomeTaxExpense": 65540000,
    "netIncome": 241567000,
    "netIncomeRatio": 0.1175915365,
    "eps": 1.32,
    "epsdiluted": 1.28,
    "weightedAverageShsOut": 183920152,
    "weightedAverageShsOutDil": 189715995,
    "link": "https://www.sec.gov/Archives/edgar/data/20286/000095015299002420/0000950152-99-002420-index.html",
    "finalLink": "https://www.sec.gov/Archives/edgar/data/20286/0000950152-99-002420.txt"
  },
  {
    "date": "1997-12-31",
    "symbol": "CINF",
    "reportedCurrency": "USD",
    "cik": "0000020286",
    "fillingDate": "1998-03-23",
    "acceptedDate": "1998-03-23 00:00:00",
    "calendarYear": "1997",
    "period": "FY",
    "revenue": 1942384000,
    "costOfRevenue": 0,
    "grossProfit": 1942384000,
    "grossProfitRatio": 1,
    "researchAndDevelopmentExpenses": 0,
    "generalAndAdministrativeExpenses": 139030000,
    "sellingAndMarketingExpenses": 282690000,
    "sellingGeneralAndAdministrativeExpenses": 421720000,
    "otherExpenses": 1520664000,
    "operatingExpenses": 1942384000,
    "costAndExpenses": 1942384000,
    "interestIncome": 0,
    "interestExpense": 20821000,
    "depreciationAndAmortization": 11327000,
    "ebitda": 405886000,
    "ebitdaratio": 0.2089628004,
    "operatingIncome": -20821000,
    "operatingIncomeRatio": -0.0107193016,
    "totalOtherIncomeExpensesNet": 415380000,
    "incomeBeforeTax": 394559000,
    "incomeBeforeTaxRatio": 0.2031313067,
    "incomeTaxExpense": 95184000,
    "netIncome": 299375000,
    "netIncomeRatio": 0.1541276081,
    "eps": 1.64,
    "epsdiluted": 1.61,
    "weightedAverageShsOut": 182505645,
    "weightedAverageShsOutDil": 188301487,
    "link": "https://www.sec.gov/Archives/edgar/data/20286/000095015298002276/0000950152-98-002276-index.html",
    "finalLink": "https://www.sec.gov/Archives/edgar/data/20286/0000950152-98-002276.txt"
  },
  {
    "date": "1996-12-31",
    "symbol": "CINF",
    "reportedCurrency": "USD",
    "cik": "0000020286",
    "fillingDate": "1997-03-27",
    "acceptedDate": "1997-03-27 00:00:00",
    "calendarYear": "1996",
    "period": "FY",
    "revenue": 1808749000,
    "costOfRevenue": 0,
    "grossProfit": 1808749000,
    "grossProfitRatio": 1,
    "researchAndDevelopmentExpenses": 0,
    "generalAndAdministrativeExpenses": 117034000,
    "sellingAndMarketingExpenses": 259291000,
    "sellingGeneralAndAdministrativeExpenses": 376325000,
    "otherExpenses": 1432424000,
    "operatingExpenses": 1808749000,
    "costAndExpenses": 1808749000,
    "interestIncome": 0,
    "interestExpense": 20102000,
    "depreciationAndAmortization": 7100000,
    "ebitda": 289521000,
    "ebitdaratio": 0.1600669855,
    "operatingIncome": -20102000,
    "operatingIncomeRatio": -0.0111137587,
    "totalOtherIncomeExpensesNet": 302523000,
    "incomeBeforeTax": 282421000,
    "incomeBeforeTaxRatio": 0.1561416205,
    "incomeTaxExpense": 58661000,
    "netIncome": 223760000,
    "netIncomeRatio": 0.1237098127,
    "eps": 1.22,
    "epsdiluted": 1.19,
    "weightedAverageShsOut": 184347922,
    "weightedAverageShsOutDil": 191113965,
    "link": "https://www.sec.gov/Archives/edgar/data/20286/000095015297002224/0000950152-97-002224-index.html",
    "finalLink": "https://www.sec.gov/Archives/edgar/data/20286/"
  },
  {
    "date": "1995-12-31",
    "symbol": "CINF",
    "reportedCurrency": "USD",
    "cik": "0000020286",
    "fillingDate": "1996-03-22",
    "acceptedDate": "1996-03-22 00:00:00",
    "calendarYear": "1995",
    "period": "FY",
    "revenue": 1655651000,
    "costOfRevenue": 0,
    "grossProfit": 1655651000,
    "grossProfitRatio": 1,
    "researchAndDevelopmentExpenses": 0,
    "generalAndAdministrativeExpenses": 97909000,
    "sellingAndMarketingExpenses": 244862000,
    "sellingGeneralAndAdministrativeExpenses": 342771000,
    "otherExpenses": 1312880000,
    "operatingExpenses": 1655651000,
    "costAndExpenses": 1655651000,
    "interestIncome": 0,
    "interestExpense": 17231000,
    "depreciationAndAmortization": 9641000,
    "ebitda": 304829000,
    "ebitdaratio": 0.184114285,
    "operatingIncome": -17231000,
    "operatingIncomeRatio": -0.0104073866,
    "totalOtherIncomeExpensesNet": 312419000,
    "incomeBeforeTax": 295188000,
    "incomeBeforeTaxRatio": 0.1782911978,
    "incomeTaxExpense": 67838000,
    "netIncome": 227350000,
    "netIncomeRatio": 0.1373175869,
    "eps": 1.23,
    "epsdiluted": 1.21,
    "weightedAverageShsOut": 184121910,
    "weightedAverageShsOutDil": 190783215,
    "link": "https://www.sec.gov/Archives/edgar/data/20286/000095015296001100/0000950152-96-001100-index.html",
    "finalLink": "https://www.sec.gov/Archives/edgar/data/20286/"
  },
  {
    "date": "1994-12-31",
    "symbol": "CINF",
    "reportedCurrency": "USD",
    "cik": "0000020286",
    "fillingDate": "1995-03-30",
    "acceptedDate": "1995-03-30 00:00:00",
    "calendarYear": "1994",
    "period": "FY",
    "revenue": 1512506000,
    "costOfRevenue": 0,
    "grossProfit": 1512506000,
    "grossProfitRatio": 1,
    "researchAndDevelopmentExpenses": 0,
    "generalAndAdministrativeExpenses": 85405000,
    "sellingAndMarketingExpenses": 230551000,
    "sellingGeneralAndAdministrativeExpenses": 315956000,
    "otherExpenses": 1196550000,
    "operatingExpenses": 1512506000,
    "costAndExpenses": 1512506000,
    "interestIncome": 0,
    "interestExpense": 9961000,
    "depreciationAndAmortization": 9923000,
    "ebitda": 259251000,
    "ebitdaratio": 0.1714049399,
    "operatingIncome": -9961000,
    "operatingIncomeRatio": -0.006585759,
    "totalOtherIncomeExpensesNet": 259289000,
    "incomeBeforeTax": 249328000,
    "incomeBeforeTaxRatio": 0.1648443047,
    "incomeTaxExpense": 48098000,
    "netIncome": 201230000,
    "netIncomeRatio": 0.1330441003,
    "eps": 1.07,
    "epsdiluted": 1.07,
    "weightedAverageShsOut": 188013623,
    "weightedAverageShsOutDil": 188013623,
    "link": "https://www.sec.gov/Archives/edgar/data/20286/000095015295000507/0000950152-95-000507-index.html",
    "finalLink": "https://www.sec.gov/Archives/edgar/data/20286/0000950152-95-000507.txt"
  },
  {
    "date": "1993-12-31",
    "symbol": "CINF",
    "reportedCurrency": "USD",
    "cik": "0000020286",
    "fillingDate": "1994-03-30",
    "acceptedDate": "1994-03-30 00:00:00",
    "calendarYear": "1993",
    "period": "FY",
    "revenue": 1442200000,
    "costOfRevenue": 0,
    "grossProfit": 1442200000,
    "grossProfitRatio": 1,
    "researchAndDevelopmentExpenses": 0,
    "generalAndAdministrativeExpenses": 83357000,
    "sellingAndMarketingExpenses": 220830000,
    "sellingGeneralAndAdministrativeExpenses": 304187000,
    "otherExpenses": 1137965000,
    "operatingExpenses": 1442152000,
    "costAndExpenses": 1442152000,
    "interestIncome": 0,
    "interestExpense": 7389000,
    "depreciationAndAmortization": 10500000,
    "ebitda": 1224500000,
    "ebitdaratio": 0.8490500624,
    "operatingIncome": 939616000,
    "operatingIncomeRatio": 0.6515157398,
    "totalOtherIncomeExpensesNet": -672621000,
    "incomeBeforeTax": 266995000,
    "incomeBeforeTaxRatio": 0.1851303564,
    "incomeTaxExpense": -64816000,
    "netIncome": 216024000,
    "netIncomeRatio": 0.1497878242,
    "eps": 1.15,
    "epsdiluted": 1.15,
    "weightedAverageShsOut": 187556087,
    "weightedAverageShsOutDil": 187556087,
    "link": "https://www.sec.gov/Archives/edgar/data/20286/000095015294000353/0000950152-94-000353-index.html",
    "finalLink": "https://www.sec.gov/Archives/edgar/data/20286/0000950152-94-000353.txt"
  },
  {
    "date": "1992-12-31",
    "symbol": "CINF",
    "reportedCurrency": "USD",
    "cik": "0000020286",
    "fillingDate": "1992-12-31",
    "acceptedDate": "1992-12-30 19:00:00",
    "calendarYear": "1992",
    "period": "FY",
    "revenue": 1304200000,
    "costOfRevenue": 0,
    "grossProfit": 1304200000,
    "grossProfitRatio": 1,
    "researchAndDevelopmentExpenses": 0,
    "generalAndAdministrativeExpenses": 79545000,
    "sellingAndMarketingExpenses": 209204000,
    "sellingGeneralAndAdministrativeExpenses": 288749000,
    "otherExpenses": 1015402000,
    "operatingExpenses": 1304151000,
    "costAndExpenses": 1304151000,
    "interestIncome": 0,
    "interestExpense": 6690000,
    "depreciationAndAmortization": 10100000,
    "ebitda": 988300000,
    "ebitdaratio": 0.7577825487,
    "operatingIncome": 762316000,
    "operatingIncomeRatio": 0.584508511,
    "totalOtherIncomeExpensesNet": -553122000,
    "incomeBeforeTax": 209194000,
    "incomeBeforeTaxRatio": 0.1604002454,
    "incomeTaxExpense": -37869000,
    "netIncome": 171325000,
    "netIncomeRatio": 0.1313640546,
    "eps": 0.93,
    "epsdiluted": 0.93,
    "weightedAverageShsOut": 184289034,
    "weightedAverageShsOutDil": 184289034,
    "link": "",
    "finalLink": ""
  },
  {
    "date": "1991-12-31",
    "symbol": "CINF",
    "reportedCurrency": "USD",
    "cik": "0000020286",
    "fillingDate": "1991-12-31",
    "acceptedDate": "1991-12-30 19:00:00",
    "calendarYear": "1991",
    "period": "FY",
    "revenue": 1161100000,
    "costOfRevenue": 0,
    "grossProfit": 1161100000,
    "grossProfitRatio": 1,
    "researchAndDevelopmentExpenses": 0,
    "generalAndAdministrativeExpenses": 0,
    "sellingAndMarketingExpenses": 0,
    "sellingGeneralAndAdministrativeExpenses": 0,
    "otherExpenses": 1161100000,
    "operatingExpenses": 1161100000,
    "costAndExpenses": 1161100000,
    "interestIncome": 0,
    "interestExpense": 6600000,
    "depreciationAndAmortization": 6000000,
    "ebitda": 867000000,
    "ebitdaratio": 0.7467057101,
    "operatingIncome": 0,
    "operatingIncomeRatio": 0,
    "totalOtherIncomeExpensesNet": 0,
    "incomeBeforeTax": 177200000,
    "incomeBeforeTaxRatio": 0.1526139006,
    "incomeTaxExpense": 30900000,
    "netIncome": 146300000,
    "netIncomeRatio": 0.1260012058,
    "eps": 0.82,
    "epsdiluted": 0.81,
    "weightedAverageShsOut": 179360872,
    "weightedAverageShsOutDil": 181376153,
    "link": "",
    "finalLink": ""
  },
  {
    "date": "1990-12-31",
    "symbol": "CINF",
    "reportedCurrency": "USD",
    "cik": "0000020286",
    "fillingDate": "1990-12-31",
    "acceptedDate": "1990-12-30 19:00:00",
    "calendarYear": "1990",
    "period": "FY",
    "revenue": 1048900000,
    "costOfRevenue": 0,
    "grossProfit": 1048900000,
    "grossProfitRatio": 1,
    "researchAndDevelopmentExpenses": 0,
    "generalAndAdministrativeExpenses": 0,
    "sellingAndMarketingExpenses": 0,
    "sellingGeneralAndAdministrativeExpenses": 0,
    "otherExpenses": 1048900000,
    "operatingExpenses": 1048900000,
    "costAndExpenses": 1048900000,
    "interestIncome": 0,
    "interestExpense": 6400000,
    "depreciationAndAmortization": 5000000,
    "ebitda": 872900000,
    "ebitdaratio": 0.8322051673,
    "operatingIncome": 0,
    "operatingIncomeRatio": 0,
    "totalOtherIncomeExpensesNet": 0,
    "incomeBeforeTax": 149800000,
    "incomeBeforeTaxRatio": 0.1428162837,
    "incomeTaxExpense": 20800000,
    "netIncome": 129000000,
    "netIncomeRatio": 0.1229859853,
    "eps": 0.72,
    "epsdiluted": 0.72,
    "weightedAverageShsOut": 180172631,
    "weightedAverageShsOutDil": 180172631,
    "link": "",
    "finalLink": ""
  },
  {
    "date": "1989-12-31",
    "symbol": "CINF",
    "reportedCurrency": "USD",
    "cik": "0000020286",
    "fillingDate": "1989-12-31",
    "acceptedDate": "1989-12-30 19:00:00",
    "calendarYear": "1989",
    "period": "FY",
    "revenue": 974400000,
    "costOfRevenue": 0,
    "grossProfit": 974400000,
    "grossProfitRatio": 1,
    "researchAndDevelopmentExpenses": 0,
    "generalAndAdministrativeExpenses": 0,
    "sellingAndMarketingExpenses": 0,
    "sellingGeneralAndAdministrativeExpenses": 0,
    "otherExpenses": 974400000,
    "operatingExpenses": 974400000,
    "costAndExpenses": 974400000,
    "interestIncome": 0,
    "interestExpense": 6600000,
    "depreciationAndAmortization": 6300000,
    "ebitda": 805000000,
    "ebitdaratio": 0.8261494253,
    "operatingIncome": 0,
    "operatingIncomeRatio": 0,
    "totalOtherIncomeExpensesNet": 0,
    "incomeBeforeTax": 133200000,
    "incomeBeforeTaxRatio": 0.1366995074,
    "incomeTaxExpense": 18700000,
    "netIncome": 114500000,
    "netIncomeRatio": 0.1175082102,
    "eps": 0.64,
    "epsdiluted": 0.63,
    "weightedAverageShsOut": 177939814,
    "weightedAverageShsOutDil": 180481800,
    "link": "",
    "finalLink": ""
  },
  {
    "date": "1988-12-31",
    "symbol": "CINF",
    "reportedCurrency": "USD",
    "cik": "0000020286",
    "fillingDate": "1988-12-31",
    "acceptedDate": "1988-12-30 19:00:00",
    "calendarYear": "1988",
    "period": "FY",
    "revenue": 916000000,
    "costOfRevenue": 0,
    "grossProfit": 916000000,
    "grossProfitRatio": 1,
    "researchAndDevelopmentExpenses": 0,
    "generalAndAdministrativeExpenses": 0,
    "sellingAndMarketingExpenses": 0,
    "sellingGeneralAndAdministrativeExpenses": 0,
    "otherExpenses": 916000000,
    "operatingExpenses": 916000000,
    "costAndExpenses": 916000000,
    "interestIncome": 0,
    "interestExpense": 5500000,
    "depreciationAndAmortization": 0,
    "ebitda": 0,
    "ebitdaratio": 0,
    "operatingIncome": 0,
    "operatingIncomeRatio": 0,
    "totalOtherIncomeExpensesNet": 0,
    "incomeBeforeTax": 153200000,
    "incomeBeforeTaxRatio": 0.1672489083,
    "incomeTaxExpense": 24500000,
    "netIncome": 128700000,
    "netIncomeRatio": 0.1405021834,
    "eps": 0.73,
    "epsdiluted": 0.73,
    "weightedAverageShsOut": 175315281,
    "weightedAverageShsOutDil": 177506713,
    "link": "",
    "finalLink": ""
  },
  {
    "date": "1987-12-31",
    "symbol": "CINF",
    "reportedCurrency": "USD",
    "cik": "0000020286",
    "fillingDate": "1987-12-31",
    "acceptedDate": "1987-12-30 19:00:00",
    "calendarYear": "1987",
    "period": "FY",
    "revenue": 883100000,
    "costOfRevenue": 0,
    "grossProfit": 883100000,
    "grossProfitRatio": 1,
    "researchAndDevelopmentExpenses": 0,
    "generalAndAdministrativeExpenses": 0,
    "sellingAndMarketingExpenses": 0,
    "sellingGeneralAndAdministrativeExpenses": 0,
    "otherExpenses": 883100000,
    "operatingExpenses": 883100000,
    "costAndExpenses": 883100000,
    "interestIncome": 0,
    "interestExpense": 5200000,
    "depreciationAndAmortization": 0,
    "ebitda": 0,
    "ebitdaratio": 0,
    "operatingIncome": 0,
    "operatingIncomeRatio": 0,
    "totalOtherIncomeExpensesNet": 0,
    "incomeBeforeTax": 98800000,
    "incomeBeforeTaxRatio": 0.1118786094,
    "incomeTaxExpense": 8100000,
    "netIncome": 90700000,
    "netIncomeRatio": 0.1027063753,
    "eps": 0.54,
    "epsdiluted": 0.54,
    "weightedAverageShsOut": 166794782,
    "weightedAverageShsOutDil": 166794782,
    "link": "",
    "finalLink": ""
  },
  {
    "date": "1986-12-31",
    "symbol": "CINF",
    "reportedCurrency": "USD",
    "cik": "0000020286",
    "fillingDate": "1986-12-31",
    "acceptedDate": "1986-12-30 19:00:00",
    "calendarYear": "1986",
    "period": "FY",
    "revenue": 775800000,
    "costOfRevenue": 0,
    "grossProfit": 775800000,
    "grossProfitRatio": 1,
    "researchAndDevelopmentExpenses": 0,
    "generalAndAdministrativeExpenses": 0,
    "sellingAndMarketingExpenses": 0,
    "sellingGeneralAndAdministrativeExpenses": 0,
    "otherExpenses": 775800000,
    "operatingExpenses": 775800000,
    "costAndExpenses": 775800000,
    "interestIncome": 0,
    "interestExpense": 5100000,
    "depreciationAndAmortization": 0,
    "ebitda": 0,
    "ebitdaratio": 0,
    "operatingIncome": 0,
    "operatingIncomeRatio": 0,
    "totalOtherIncomeExpensesNet": 0,
    "incomeBeforeTax": 91900000,
    "incomeBeforeTaxRatio": 0.1184583656,
    "incomeTaxExpense": 8400000,
    "netIncome": 83500000,
    "netIncomeRatio": 0.1076308327,
    "eps": 0.5,
    "epsdiluted": 0.5,
    "weightedAverageShsOut": 167513597,
    "weightedAverageShsOutDil": 167513597,
    "link": "",
    "finalLink": ""
  },
  {
    "date": "1985-12-31",
    "symbol": "CINF",
    "reportedCurrency": "USD",
    "cik": "0000020286",
    "fillingDate": "1985-12-31",
    "acceptedDate": "1985-12-30 19:00:00",
    "calendarYear": "1985",
    "period": "FY",
    "revenue": 607900000,
    "costOfRevenue": 0,
    "grossProfit": 607900000,
    "grossProfitRatio": 1,
    "researchAndDevelopmentExpenses": 0,
    "generalAndAdministrativeExpenses": 0,
    "sellingAndMarketingExpenses": 0,
    "sellingGeneralAndAdministrativeExpenses": 0,
    "otherExpenses": 607900000,
    "operatingExpenses": 607900000,
    "costAndExpenses": 607900000,
    "interestIncome": 0,
    "interestExpense": 2000000,
    "depreciationAndAmortization": 0,
    "ebitda": 0,
    "ebitdaratio": 0,
    "operatingIncome": 0,
    "operatingIncomeRatio": 0,
    "totalOtherIncomeExpensesNet": 0,
    "incomeBeforeTax": 58500000,
    "incomeBeforeTaxRatio": 0.096232933,
    "incomeTaxExpense": 6000000,
    "netIncome": 52500000,
    "netIncomeRatio": 0.0863628886,
    "eps": 0.32,
    "epsdiluted": 0.32,
    "weightedAverageShsOut": 165507588,
    "weightedAverageShsOutDil": 165507588,
    "link": "",
    "finalLink": ""
  }
]