[
  {
    "date": "2025-06-30",
    "symbol": "CINF",
    "reportedCurrency": "USD",
    "cik": "0000020286",
    "fillingDate": "2025-07-28",
    "acceptedDate": "2025-07-28 16:19:15",
    "calendarYear": "2025",
    "period": "Q2",
    "revenue": 3248000000,
    "costOfRevenue": 1660000000,
    "grossProfit": 1588000000,
    "grossProfitRatio": 0.4889162562,
    "researchAndDevelopmentExpenses": 0,
    "generalAndAdministrativeExpenses": 0,
    "sellingAndMarketingExpenses": 0,
    "sellingGeneralAndAdministrativeExpenses": 0,
    "otherExpenses": 733000000,
    "operatingExpenses": 733000000,
    "costAndExpenses": 2379000000,
    "interestIncome": 0,
    "interestExpense": 14000000,
    "depreciationAndAmortization": 46000000,
    "ebitda": 915000000,
    "ebitdaratio": 0.2817118227,
    "operatingIncome": 869000000,
    "operatingIncomeRatio": 0.2675492611,
    "totalOtherIncomeExpensesNet": -14000000,
    "incomeBeforeTax": 855000000,
    "incomeBeforeTaxRatio": 0.2632389163,
    "incomeTaxExpense": 170000000,
    "netIncome": 685000000,
    "netIncomeRatio": 0.2108990148,
    "eps": 4.38,
    "epsdiluted": 4.34,
    "weightedAverageShsOut": 156300000,
    "weightedAverageShsOutDil": 157800000,
    "link": "https://www.sec.gov/Archives/edgar/data/20286/000002028625000045/0000020286-25-000045-index.htm",
    "finalLink": "https://www.sec.gov/Archives/edgar/data/20286/000002028625000045/cinf-20250630.htm"
  },
  {
    "date": "2025-03-31",
    "symbol": "CINF",
    "reportedCurrency": "USD",
    "cik": "0000020286",
    "fillingDate": "2025-04-28",
    "acceptedDate": "2025-04-28 16:14:39",
    "calendarYear": "2025",
    "period": "Q1",
    "revenue": 2566000000,
    "costOfRevenue": 1968000000,
    "grossProfit": 598000000,
    "grossProfitRatio": 0.2330475448,
    "researchAndDevelopmentExpenses": 0,
    "generalAndAdministrativeExpenses": 0,
    "sellingAndMarketingExpenses": 0,
    "sellingGeneralAndAdministrativeExpenses": 0,
    "otherExpenses": 726000000,
    "operatingExpenses": 726000000,
    "costAndExpenses": 2694000000,
    "interestIncome": 277000000,
    "interestExpense": 13000000,
    "depreciationAndAmortization": 47000000,
    "ebitda": -68000000,
    "ebitdaratio": -0.0265003897,
    "operatingIncome": -115000000,
    "operatingIncomeRatio": -0.0448168355,
    "totalOtherIncomeExpensesNet": -13000000,
    "incomeBeforeTax": -128000000,
    "incomeBeforeTaxRatio": -0.0498830865,
    "incomeTaxExpense": -38000000,
    "netIncome": -90000000,
    "netIncomeRatio": -0.0350740452,
    "eps": -0.58,
    "epsdiluted": -0.58,
    "weightedAverageShsOut": 156400000,
    "weightedAverageShsOutDil": 156400000,
    "link": "https://www.sec.gov/Archives/edgar/data/20286/000002028625000029/0000020286-25-000029-index.htm",
    "finalLink": "https://www.sec.gov/Archives/edgar/data/20286/000002028625000029/cinf-20250331.htm"
  },
  {
    "date": "2024-12-31",
    "symbol": "CINF",
    "reportedCurrency": "USD",
    "cik": "0000020286",
    "fillingDate": "2025-02-24",
    "acceptedDate": "2025-02-24 14:41:13",
    "calendarYear": "2024",
    "period": "Q4",
    "revenue": 2538000000,
    "costOfRevenue": 1330000000,
    "grossProfit": 2538000000,
    "grossProfitRatio": 1,
    "researchAndDevelopmentExpenses": 0,
    "generalAndAdministrativeExpenses": 0,
    "sellingAndMarketingExpenses": 0,
    "sellingGeneralAndAdministrativeExpenses": 0,
    "otherExpenses": 2059000000,
    "operatingExpenses": 2059000000,
    "costAndExpenses": 2059000000,
    "interestIncome": 0,
    "interestExpense": 13000000,
    "depreciationAndAmortization": 15000000,
    "ebitda": 507000000,
    "ebitdaratio": 0.1997635934,
    "operatingIncome": 479000000,
    "operatingIncomeRatio": 0.1887312845,
    "totalOtherIncomeExpensesNet": 0,
    "incomeBeforeTax": 479000000,
    "incomeBeforeTaxRatio": 0.1887312845,
    "incomeTaxExpense": 74000000,
    "netIncome": 405000000,
    "netIncomeRatio": 0.1595744681,
    "eps": 2.59,
    "epsdiluted": 2.57,
    "weightedAverageShsOut": 156200000,
    "weightedAverageShsOutDil": 157700000,
    "link": "https://www.sec.gov/Archives/edgar/data/20286/000002028625000009/0000020286-25-000009-index.htm",
    "finalLink": "https://www.sec.gov/Archives/edgar/data/20286/000002028625000009/cinf-20241231.htm"
  },
  {
    "date": "2024-09-30",
    "symbol": "CINF",
    "reportedCurrency": "USD",
    "cik": "0000020286",
    "fillingDate": "2024-10-24",
    "acceptedDate": "2024-10-24 16:10:03",
    "calendarYear": "2024",
    "period": "Q3",
    "revenue": 3320000000,
    "costOfRevenue": 6000000,
    "grossProfit": 3320000000,
    "grossProfitRatio": 1,
    "researchAndDevelopmentExpenses": 0,
    "generalAndAdministrativeExpenses": 0,
    "sellingAndMarketingExpenses": 0,
    "sellingGeneralAndAdministrativeExpenses": 0,
    "otherExpenses": 2280000000,
    "operatingExpenses": 2280000000,
    "costAndExpenses": 2280000000,
    "interestIncome": 0,
    "interestExpense": 13000000,
    "depreciationAndAmortization": 39000000,
    "ebitda": 1092000000,
    "ebitdaratio": 0.3289156627,
    "operatingIncome": 1040000000,
    "operatingIncomeRatio": 0.313253012,
    "totalOtherIncomeExpensesNet": 0,
    "incomeBeforeTax": 1040000000,
    "incomeBeforeTaxRatio": 0.313253012,
    "incomeTaxExpense": 220000000,
    "netIncome": 820000000,
    "netIncomeRatio": 0.2469879518,
    "eps": 5.25,
    "epsdiluted": 5.2,
    "weightedAverageShsOut": 156200000,
    "weightedAverageShsOutDil": 157700000,
    "link": "https://www.sec.gov/Archives/edgar/data/20286/000002028624000063/0000020286-24-000063-index.htm",
    "finalLink": "https://www.sec.gov/Archives/edgar/data/20286/000002028624000063/cinf-20240930.htm"
  },
  {
    "date": "2024-06-30",
    "symbol": "CINF",
    "reportedCurrency": "USD",
    "cik": "0000020286",
    "fillingDate": "2024-07-25",
    "acceptedDate": "2024-07-25 16:11:07",
    "calendarYear": "2024",
    "period": "Q2",
    "revenue": 2544000000,
    "costOfRevenue": 0,
    "grossProfit": 2544000000,
    "grossProfitRatio": 1,
    "researchAndDevelopmentExpenses": 0,
    "generalAndAdministrativeExpenses": 0,
    "sellingAndMarketingExpenses": 0,
    "sellingGeneralAndAdministrativeExpenses": 2144000000,
    "otherExpenses": 0,
    "operatingExpenses": 2144000000,
    "costAndExpenses": 2144000000,
    "interestIncome": 0,
    "interestExpense": 14000000,
    "depreciationAndAmortization": 42000000,
    "ebitda": 442000000,
    "ebitdaratio": 0.1737421384,
    "operatingIncome": 400000000,
    "operatingIncomeRatio": 0.1572327044,
    "totalOtherIncomeExpensesNet": -14000000,
    "incomeBeforeTax": 386000000,
    "incomeBeforeTaxRatio": 0.1517295597,
    "incomeTaxExpense": 74000000,
    "netIncome": 312000000,
    "netIncomeRatio": 0.1226415094,
    "eps": 2,
    "epsdiluted": 1.98,
    "weightedAverageShsOut": 156300000,
    "weightedAverageShsOutDil": 157500000,
    "link": "https://www.sec.gov/Archives/edgar/data/20286/000002028624000048/0000020286-24-000048-index.htm",
    "finalLink": "https://www.sec.gov/Archives/edgar/data/20286/000002028624000048/cinf-20240630.htm"
  },
  {
    "date": "2024-03-31",
    "symbol": "CINF",
    "reportedCurrency": "USD",
    "cik": "0000020286",
    "fillingDate": "2024-04-25",
    "acceptedDate": "2024-04-25 16:09:12",
    "calendarYear": "2024",
    "period": "Q1",
    "revenue": 2935000000,
    "costOfRevenue": 0,
    "grossProfit": 2935000000,
    "grossProfitRatio": 1,
    "researchAndDevelopmentExpenses": 0,
    "generalAndAdministrativeExpenses": 0,
    "sellingAndMarketingExpenses": 0,
    "sellingGeneralAndAdministrativeExpenses": 0,
    "otherExpenses": 1969000000,
    "operatingExpenses": 1969000000,
    "costAndExpenses": 1969000000,
    "interestIncome": 0,
    "interestExpense": 13000000,
    "depreciationAndAmortization": 34000000,
    "ebitda": 1000000000,
    "ebitdaratio": 0.3407155026,
    "operatingIncome": 966000000,
    "operatingIncomeRatio": 0.3291311755,
    "totalOtherIncomeExpensesNet": -13000000,
    "incomeBeforeTax": 953000000,
    "incomeBeforeTaxRatio": 0.3247018739,
    "incomeTaxExpense": 198000000,
    "netIncome": 755000000,
    "netIncomeRatio": 0.2572402044,
    "eps": 4.82,
    "epsdiluted": 4.78,
    "weightedAverageShsOut": 156800000,
    "weightedAverageShsOutDil": 157900000,
    "link": "https://www.sec.gov/Archives/edgar/data/20286/000002028624000030/0000020286-24-000030-index.htm",
    "finalLink": "https://www.sec.gov/Archives/edgar/data/20286/000002028624000030/cinf-20240331.htm"
  },
  {
    "date": "2023-12-31",
    "symbol": "CINF",
    "reportedCurrency": "USD",
    "cik": "0000020286",
    "fillingDate": "2024-02-26",
    "acceptedDate": "2024-02-26 14:04:30",
    "calendarYear": "2023",
    "period": "Q4",
    "revenue": 3356000000,
    "costOfRevenue": 0,
    "grossProfit": 3356000000,
    "grossProfitRatio": 1,
    "researchAndDevelopmentExpenses": 0,
    "generalAndAdministrativeExpenses": 0,
    "sellingAndMarketingExpenses": 0,
    "sellingGeneralAndAdministrativeExpenses": 0,
    "otherExpenses": 1852000000,
    "operatingExpenses": 1852000000,
    "costAndExpenses": 1866000000,
    "interestIncome": 0,
    "interestExpense": 14000000,
    "depreciationAndAmortization": 24000000,
    "ebitda": 1528000000,
    "ebitdaratio": 0.4553039333,
    "operatingIncome": 1490000000,
    "operatingIncomeRatio": 0.4439809297,
    "totalOtherIncomeExpensesNet": 0,
    "incomeBeforeTax": 1490000000,
    "incomeBeforeTaxRatio": 0.4439809297,
    "incomeTaxExpense": 307000000,
    "netIncome": 1183000000,
    "netIncomeRatio": 0.3525029797,
    "eps": 7.54,
    "epsdiluted": 7.5,
    "weightedAverageShsOut": 157699774,
    "weightedAverageShsOutDil": 157800000,
    "link": "https://www.sec.gov/Archives/edgar/data/20286/000002028624000014/0000020286-24-000014-index.htm",
    "finalLink": "https://www.sec.gov/Archives/edgar/data/20286/000002028624000014/cinf-20231231.htm"
  },
  {
    "date": "2023-09-30",
    "symbol": "CINF",
    "reportedCurrency": "USD",
    "cik": "0000020286",
    "fillingDate": "2023-10-26",
    "acceptedDate": "2023-10-26 16:19:26",
    "calendarYear": "2023",
    "period": "Q3",
    "revenue": 1811000000,
    "costOfRevenue": 0,
    "grossProfit": 1811000000,
    "grossProfitRatio": 1,
    "researchAndDevelopmentExpenses": 0,
    "generalAndAdministrativeExpenses": 0,
    "sellingAndMarketingExpenses": 0,
    "sellingGeneralAndAdministrativeExpenses": 1946000000,
    "otherExpenses": 0,
    "operatingExpenses": 1946000000,
    "costAndExpenses": 1946000000,
    "interestIncome": 0,
    "interestExpense": 13000000,
    "depreciationAndAmortization": 14000000,
    "ebitda": -121000000,
    "ebitdaratio": -0.066813915,
    "operatingIncome": -135000000,
    "operatingIncomeRatio": -0.0745444506,
    "totalOtherIncomeExpensesNet": -13000000,
    "incomeBeforeTax": -148000000,
    "incomeBeforeTaxRatio": -0.0817228051,
    "incomeTaxExpense": -49000000,
    "netIncome": -99000000,
    "netIncomeRatio": -0.0546659304,
    "eps": -0.63,
    "epsdiluted": -0.63,
    "weightedAverageShsOut": 156900000,
    "weightedAverageShsOutDil": 156900000,
    "link": "https://www.sec.gov/Archives/edgar/data/20286/000002028623000075/0000020286-23-000075-index.htm",
    "finalLink": "https://www.sec.gov/Archives/edgar/data/20286/000002028623000075/cinf-20230930.htm"
  },
  {
    "date": "2023-06-30",
    "symbol": "CINF",
    "reportedCurrency": "USD",
    "cik": "0000020286",
    "fillingDate": "2023-07-27",
    "acceptedDate": "2023-07-27 16:11:01",
    "calendarYear": "2023",
    "period": "Q2",
    "revenue": 2605000000,
    "costOfRevenue": 0,
    "grossProfit": 2605000000,
    "grossProfitRatio": 1,
    "researchAndDevelopmentExpenses": 0,
    "generalAndAdministrativeExpenses": 0,
    "sellingAndMarketingExpenses": 0,
    "sellingGeneralAndAdministrativeExpenses": 0,
    "otherExpenses": 2605000000,
    "operatingExpenses": 2605000000,
    "costAndExpenses": 2605000000,
    "interestIncome": 0,
    "interestExpense": 13000000,
    "depreciationAndAmortization": 34000000,
    "ebitda": 713000000,
    "ebitdaratio": 0.2737044146,
    "operatingIncome": 679000000,
    "operatingIncomeRatio": 0.2606525912,
    "totalOtherIncomeExpensesNet": -13000000,
    "incomeBeforeTax": 666000000,
    "incomeBeforeTaxRatio": 0.2556621881,
    "incomeTaxExpense": 132000000,
    "netIncome": 534000000,
    "netIncomeRatio": 0.2049904031,
    "eps": 3.4,
    "epsdiluted": 3.38,
    "weightedAverageShsOut": 157000000,
    "weightedAverageShsOutDil": 158000000,
    "link": "https://www.sec.gov/Archives/edgar/data/20286/000002028623000058/0000020286-23-000058-index.htm",
    "finalLink": "https://www.sec.gov/Archives/edgar/data/20286/000002028623000058/cinf-20230630.htm"
  },
  {
    "date": "2023-03-31",
    "symbol": "CINF",
    "reportedCurrency": "USD",
    "cik": "0000020286",
    "fillingDate": "2023-04-27",
    "acceptedDate": "2023-04-27 16:12:04",
    "calendarYear": "2023",
    "period": "Q1",
    "revenue": 2241000000,
    "costOfRevenue": 0,
    "grossProfit": 2241000000,
    "grossProfitRatio": 1,
    "researchAndDevelopmentExpenses": 0,
    "generalAndAdministrativeExpenses": 0,
    "sellingAndMarketingExpenses": 0,
    "sellingGeneralAndAdministrativeExpenses": 0,
    "otherExpenses": 2241000000,
    "operatingExpenses": 2241000000,
    "costAndExpenses": 2241000000,
    "interestIncome": 0,
    "interestExpense": 14000000,
    "depreciationAndAmortization": 40000000,
    "ebitda": 322000000,
    "ebitdaratio": 0.1436858545,
    "operatingIncome": 0,
    "operatingIncomeRatio": 0,
    "totalOtherIncomeExpensesNet": 268000000,
    "incomeBeforeTax": 268000000,
    "incomeBeforeTaxRatio": 0.119589469,
    "incomeTaxExpense": 43000000,
    "netIncome": 225000000,
    "netIncomeRatio": 0.1004016064,
    "eps": 1.43,
    "epsdiluted": 1.42,
    "weightedAverageShsOut": 157200000,
    "weightedAverageShsOutDil": 158500000,
    "link": "https://www.sec.gov/Archives/edgar/data/20286/000002028623000044/0000020286-23-000044-index.htm",
    "finalLink": "https://www.sec.gov/Archives/edgar/data/20286/000002028623000044/cinf-20230331.htm"
  },
  {
    "date": "2022-12-31",
    "symbol": "CINF",
    "reportedCurrency": "USD",
    "cik": "0000020286",
    "fillingDate": "2023-02-23",
    "acceptedDate": "2023-02-23 12:01:58",
    "calendarYear": "2022",
    "period": "Q4",
    "revenue": 3114000000,
    "costOfRevenue": 23000000,
    "grossProfit": 3091000000,
    "grossProfitRatio": 0.9926140013,
    "researchAndDevelopmentExpenses": 0,
    "generalAndAdministrativeExpenses": 0,
    "sellingAndMarketingExpenses": 0,
    "sellingGeneralAndAdministrativeExpenses": 0,
    "otherExpenses": 1815000000,
    "operatingExpenses": 1815000000,
    "costAndExpenses": 1815000000,
    "interestIncome": 0,
    "interestExpense": 13000000,
    "depreciationAndAmortization": 46000000,
    "ebitda": 1346000000,
    "ebitdaratio": 0.43224149,
    "operatingIncome": 1300000000,
    "operatingIncomeRatio": 0.4174694926,
    "totalOtherIncomeExpensesNet": -13000000,
    "incomeBeforeTax": 1287000000,
    "incomeBeforeTaxRatio": 0.4132947977,
    "incomeTaxExpense": 274000000,
    "netIncome": 1013000000,
    "netIncomeRatio": 0.3253050739,
    "eps": 6.45,
    "epsdiluted": 6.4,
    "weightedAverageShsOut": 157938400,
    "weightedAverageShsOutDil": 158200000,
    "link": "https://www.sec.gov/Archives/edgar/data/20286/000002028623000008/0000020286-23-000008-index.htm",
    "finalLink": "https://www.sec.gov/Archives/edgar/data/20286/000002028623000008/cinf-20221231.htm"
  },
  {
    "date": "2022-09-30",
    "symbol": "CINF",
    "reportedCurrency": "USD",
    "cik": "0000020286",
    "fillingDate": "2022-10-31",
    "acceptedDate": "2022-10-31 16:09:39",
    "calendarYear": "2022",
    "period": "Q3",
    "revenue": 1410000000,
    "costOfRevenue": 0,
    "grossProfit": 1410000000,
    "grossProfitRatio": 1,
    "researchAndDevelopmentExpenses": 0,
    "generalAndAdministrativeExpenses": 0,
    "sellingAndMarketingExpenses": 0,
    "sellingGeneralAndAdministrativeExpenses": 1973000000,
    "otherExpenses": 0,
    "operatingExpenses": 1973000000,
    "costAndExpenses": 1973000000,
    "interestIncome": 0,
    "interestExpense": 14000000,
    "depreciationAndAmortization": 26000000,
    "ebitda": -539000000,
    "ebitdaratio": -0.3822695035,
    "operatingIncome": -563000000,
    "operatingIncomeRatio": -0.3992907801,
    "totalOtherIncomeExpensesNet": -16000000,
    "incomeBeforeTax": -579000000,
    "incomeBeforeTaxRatio": -0.4106382979,
    "incomeTaxExpense": -161000000,
    "netIncome": -418000000,
    "netIncomeRatio": -0.2964539007,
    "eps": -2.63,
    "epsdiluted": -2.63,
    "weightedAverageShsOut": 158000000,
    "weightedAverageShsOutDil": 158000000,
    "link": "https://www.sec.gov/Archives/edgar/data/20286/000002028622000066/0000020286-22-000066-index.htm",
    "finalLink": "https://www.sec.gov/Archives/edgar/data/20286/000002028622000066/cinf-20220930.htm"
  },
  {
    "date": "2022-06-30",
    "symbol": "CINF",
    "reportedCurrency": "USD",
    "cik": "0000020286",
    "fillingDate": "2022-07-27",
    "acceptedDate": "2022-07-27 16:12:38",
    "calendarYear": "2022",
    "period": "Q2",
    "revenue": 820000000,
    "costOfRevenue": 0,
    "grossProfit": 820000000,
    "grossProfitRatio": 1,
    "researchAndDevelopmentExpenses": 0,
    "generalAndAdministrativeExpenses": 0,
    "sellingAndMarketingExpenses": 0,
    "sellingGeneralAndAdministrativeExpenses": 820000000,
    "otherExpenses": 0,
    "operatingExpenses": 820000000,
    "costAndExpenses": 820000000,
    "interestIncome": 0,
    "interestExpense": 13000000,
    "depreciationAndAmortization": 41000000,
    "ebitda": -987000000,
    "ebitdaratio": -1.2036585366,
    "operatingIncome": -1040000000,
    "operatingIncomeRatio": -1.2682926829,
    "totalOtherIncomeExpensesNet": -13000000,
    "incomeBeforeTax": -1053000000,
    "incomeBeforeTaxRatio": -1.2841463415,
    "incomeTaxExpense": -235000000,
    "netIncome": -818000000,
    "netIncomeRatio": -0.9975609756,
    "eps": -5.13,
    "epsdiluted": -5.13,
    "weightedAverageShsOut": 159600000,
    "weightedAverageShsOutDil": 159600000,
    "link": "https://www.sec.gov/Archives/edgar/data/20286/000002028622000048/0000020286-22-000048-index.htm",
    "finalLink": "https://www.sec.gov/Archives/edgar/data/20286/000002028622000048/cinf-20220630.htm"
  },
  {
    "date": "2022-03-31",
    "symbol": "CINF",
    "reportedCurrency": "USD",
    "cik": "0000020286",
    "fillingDate": "2022-04-28",
    "acceptedDate": "2022-04-28 16:12:41",
    "calendarYear": "2022",
    "period": "Q1",
    "revenue": 1218000000,
    "costOfRevenue": 0,
    "grossProfit": 1218000000,
    "grossProfitRatio": 1,
    "researchAndDevelopmentExpenses": 0,
    "generalAndAdministrativeExpenses": 0,
    "sellingAndMarketingExpenses": 0,
    "sellingGeneralAndAdministrativeExpenses": 1556000000,
    "otherExpenses": 0,
    "operatingExpenses": 1556000000,
    "costAndExpenses": 1556000000,
    "interestIncome": 0,
    "interestExpense": 13000000,
    "depreciationAndAmortization": 37000000,
    "ebitda": -310000000,
    "ebitdaratio": -0.2545155993,
    "operatingIncome": -338000000,
    "operatingIncomeRatio": -0.2775041051,
    "totalOtherIncomeExpensesNet": -22000000,
    "incomeBeforeTax": -360000000,
    "incomeBeforeTaxRatio": -0.2955665025,
    "incomeTaxExpense": -87000000,
    "netIncome": -273000000,
    "netIncomeRatio": -0.224137931,
    "eps": -1.7,
    "epsdiluted": -1.7,
    "weightedAverageShsOut": 160400000,
    "weightedAverageShsOutDil": 160400000,
    "link": "https://www.sec.gov/Archives/edgar/data/20286/000002028622000030/0000020286-22-000030-index.htm",
    "finalLink": "https://www.sec.gov/Archives/edgar/data/20286/000002028622000030/cinf-20220331.htm"
  },
  {
    "date": "2021-12-31",
    "symbol": "CINF",
    "reportedCurrency": "USD",
    "cik": "0000020286",
    "fillingDate": "2022-02-24",
    "acceptedDate": "2022-02-24 12:22:35",
    "calendarYear": "2021",
    "period": "Q4",
    "revenue": 3323000000,
    "costOfRevenue": -6287000000,
    "grossProfit": 9610000000,
    "grossProfitRatio": 2.8919650918,
    "researchAndDevelopmentExpenses": 0,
    "generalAndAdministrativeExpenses": 0,
    "sellingAndMarketingExpenses": 0,
    "sellingGeneralAndAdministrativeExpenses": 0,
    "otherExpenses": 1804000000,
    "operatingExpenses": 1804000000,
    "costAndExpenses": 1463000000,
    "interestIncome": 0,
    "interestExpense": 14000000,
    "depreciationAndAmortization": 24000000,
    "ebitda": 1884000000,
    "ebitdaratio": 0.5669575685,
    "operatingIncome": 1860000000,
    "operatingIncomeRatio": 0.5597351791,
    "totalOtherIncomeExpensesNet": -14000000,
    "incomeBeforeTax": 1846000000,
    "incomeBeforeTaxRatio": 0.5555221186,
    "incomeTaxExpense": 376000000,
    "netIncome": 1470000000,
    "netIncomeRatio": 0.4423713512,
    "eps": 9.14,
    "epsdiluted": 9.04,
    "weightedAverageShsOut": 162500000,
    "weightedAverageShsOutDil": 162500000,
    "link": "https://www.sec.gov/Archives/edgar/data/20286/000002028622000012/0000020286-22-000012-index.htm",
    "finalLink": "https://www.sec.gov/Archives/edgar/data/20286/000002028622000012/cinf-20211231.htm"
  },
  {
    "date": "2021-09-30",
    "symbol": "CINF",
    "reportedCurrency": "USD",
    "cik": "0000020286",
    "fillingDate": "2021-10-27",
    "acceptedDate": "2021-10-27 16:13:49",
    "calendarYear": "2021",
    "period": "Q3",
    "revenue": 1785000000,
    "costOfRevenue": 0,
    "grossProfit": 1785000000,
    "grossProfitRatio": 1,
    "researchAndDevelopmentExpenses": 0,
    "generalAndAdministrativeExpenses": 0,
    "sellingAndMarketingExpenses": 0,
    "sellingGeneralAndAdministrativeExpenses": 1588000000,
    "otherExpenses": 0,
    "operatingExpenses": 1588000000,
    "costAndExpenses": 1588000000,
    "interestIncome": 0,
    "interestExpense": 13000000,
    "depreciationAndAmortization": 23000000,
    "ebitda": 220000000,
    "ebitdaratio": 0.1232492997,
    "operatingIncome": 197000000,
    "operatingIncomeRatio": 0.1103641457,
    "totalOtherIncomeExpensesNet": -13000000,
    "incomeBeforeTax": 184000000,
    "incomeBeforeTaxRatio": 0.1030812325,
    "incomeTaxExpense": 31000000,
    "netIncome": 153000000,
    "netIncomeRatio": 0.0857142857,
    "eps": 0.95,
    "epsdiluted": 0.94,
    "weightedAverageShsOut": 161100000,
    "weightedAverageShsOutDil": 162900000,
    "link": "https://www.sec.gov/Archives/edgar/data/20286/000002028621000066/0000020286-21-000066-index.htm",
    "finalLink": "https://www.sec.gov/Archives/edgar/data/20286/000002028621000066/cinf-20210930.htm"
  },
  {
    "date": "2021-06-30",
    "symbol": "CINF",
    "reportedCurrency": "USD",
    "cik": "0000020286",
    "fillingDate": "2021-07-28",
    "acceptedDate": "2021-07-28 16:09:13",
    "calendarYear": "2021",
    "period": "Q2",
    "revenue": 2295000000,
    "costOfRevenue": 0,
    "grossProfit": 2295000000,
    "grossProfitRatio": 1,
    "researchAndDevelopmentExpenses": 0,
    "generalAndAdministrativeExpenses": 0,
    "sellingAndMarketingExpenses": 0,
    "sellingGeneralAndAdministrativeExpenses": 1410000000,
    "otherExpenses": 0,
    "operatingExpenses": 1410000000,
    "costAndExpenses": 1410000000,
    "interestIncome": 0,
    "interestExpense": 13000000,
    "depreciationAndAmortization": 23000000,
    "ebitda": 908000000,
    "ebitdaratio": 0.3956427015,
    "operatingIncome": 885000000,
    "operatingIncomeRatio": 0.385620915,
    "totalOtherIncomeExpensesNet": -13000000,
    "incomeBeforeTax": 872000000,
    "incomeBeforeTaxRatio": 0.379956427,
    "incomeTaxExpense": 169000000,
    "netIncome": 703000000,
    "netIncomeRatio": 0.3063180828,
    "eps": 4.36,
    "epsdiluted": 4.31,
    "weightedAverageShsOut": 161100000,
    "weightedAverageShsOutDil": 162900000,
    "link": "https://www.sec.gov/Archives/edgar/data/20286/000002028621000050/0000020286-21-000050-index.htm",
    "finalLink": "https://www.sec.gov/Archives/edgar/data/20286/000002028621000050/cinf-20210630.htm"
  },
  {
    "date": "2021-03-31",
    "symbol": "CINF",
    "reportedCurrency": "USD",
    "cik": "0000020286",
    "fillingDate": "2021-04-28",
    "acceptedDate": "2021-04-28 16:14:25",
    "calendarYear": "2021",
    "period": "Q1",
    "revenue": 2227000000,
    "costOfRevenue": 0,
    "grossProfit": 2227000000,
    "grossProfitRatio": 1,
    "researchAndDevelopmentExpenses": 0,
    "generalAndAdministrativeExpenses": 0,
    "sellingAndMarketingExpenses": 0,
    "sellingGeneralAndAdministrativeExpenses": 1446000000,
    "otherExpenses": 0,
    "operatingExpenses": 1446000000,
    "costAndExpenses": 1446000000,
    "interestIncome": 0,
    "interestExpense": 13000000,
    "depreciationAndAmortization": 23000000,
    "ebitda": 804000000,
    "ebitdaratio": 0.3610237988,
    "operatingIncome": 781000000,
    "operatingIncomeRatio": 0.3506960036,
    "totalOtherIncomeExpensesNet": -13000000,
    "incomeBeforeTax": 768000000,
    "incomeBeforeTaxRatio": 0.3448585541,
    "incomeTaxExpense": 148000000,
    "netIncome": 620000000,
    "netIncomeRatio": 0.2784014369,
    "eps": 3.85,
    "epsdiluted": 3.82,
    "weightedAverageShsOut": 161000000,
    "weightedAverageShsOutDil": 162500000,
    "link": "https://www.sec.gov/Archives/edgar/data/20286/000002028621000033/0000020286-21-000033-index.htm",
    "finalLink": "https://www.sec.gov/Archives/edgar/data/20286/000002028621000033/cinf-20210331.htm"
  },
  {
    "date": "2020-12-31",
    "symbol": "CINF",
    "reportedCurrency": "USD",
    "cik": "0000020286",
    "fillingDate": "2021-02-25",
    "acceptedDate": "2021-02-25 09:20:12",
    "calendarYear": "2020",
    "period": "Q4",
    "revenue": 2694000000,
    "costOfRevenue": 0,
    "grossProfit": 2694000000,
    "grossProfitRatio": 1,
    "researchAndDevelopmentExpenses": 0,
    "generalAndAdministrativeExpenses": 0,
    "sellingAndMarketingExpenses": 0,
    "sellingGeneralAndAdministrativeExpenses": 0,
    "otherExpenses": 1364000000,
    "operatingExpenses": 1364000000,
    "costAndExpenses": 1364000000,
    "interestIncome": 0,
    "interestExpense": 14000000,
    "depreciationAndAmortization": 19000000,
    "ebitda": 1349000000,
    "ebitdaratio": 0.5007423905,
    "operatingIncome": 1330000000,
    "operatingIncomeRatio": 0.4936896808,
    "totalOtherIncomeExpensesNet": -14000000,
    "incomeBeforeTax": 1316000000,
    "incomeBeforeTaxRatio": 0.4884929473,
    "incomeTaxExpense": 267000000,
    "netIncome": 1049000000,
    "netIncomeRatio": 0.3893838159,
    "eps": 6.52,
    "epsdiluted": 6.47,
    "weightedAverageShsOut": 162099849,
    "weightedAverageShsOutDil": 162100000,
    "link": "https://www.sec.gov/Archives/edgar/data/20286/000002028621000013/0000020286-21-000013-index.htm",
    "finalLink": "https://www.sec.gov/Archives/edgar/data/20286/000002028621000013/cinf-20201231.htm"
  },
  {
    "date": "2020-09-30",
    "symbol": "CINF",
    "reportedCurrency": "USD",
    "cik": "0000020286",
    "fillingDate": "2020-10-26",
    "acceptedDate": "2020-10-26 16:11:21",
    "calendarYear": "2020",
    "period": "Q3",
    "revenue": 2227000000,
    "costOfRevenue": 0,
    "grossProfit": 2227000000,
    "grossProfitRatio": 1,
    "researchAndDevelopmentExpenses": 0,
    "generalAndAdministrativeExpenses": 0,
    "sellingAndMarketingExpenses": 0,
    "sellingGeneralAndAdministrativeExpenses": 1600000000,
    "otherExpenses": 0,
    "operatingExpenses": 1600000000,
    "costAndExpenses": 1600000000,
    "interestIncome": 0,
    "interestExpense": 13000000,
    "depreciationAndAmortization": 20000000,
    "ebitda": 647000000,
    "ebitdaratio": 0.2905253705,
    "operatingIncome": 627000000,
    "operatingIncomeRatio": 0.2815446789,
    "totalOtherIncomeExpensesNet": -13000000,
    "incomeBeforeTax": 614000000,
    "incomeBeforeTaxRatio": 0.2757072295,
    "incomeTaxExpense": 130000000,
    "netIncome": 484000000,
    "netIncomeRatio": 0.2173327346,
    "eps": 3.01,
    "epsdiluted": 2.99,
    "weightedAverageShsOut": 160900000,
    "weightedAverageShsOutDil": 162000000,
    "link": "https://www.sec.gov/Archives/edgar/data/20286/000002028620000082/0000020286-20-000082-index.htm",
    "finalLink": "https://www.sec.gov/Archives/edgar/data/20286/000002028620000082/cinf-20200930.htm"
  },
  {
    "date": "2020-06-30",
    "symbol": "CINF",
    "reportedCurrency": "USD",
    "cik": "0000020286",
    "fillingDate": "2020-07-27",
    "acceptedDate": "2020-07-27 16:26:23",
    "calendarYear": "2020",
    "period": "Q2",
    "revenue": 2714000000,
    "costOfRevenue": 0,
    "grossProfit": 2714000000,
    "grossProfitRatio": 1,
    "researchAndDevelopmentExpenses": 0,
    "generalAndAdministrativeExpenses": 0,
    "sellingAndMarketingExpenses": 0,
    "sellingGeneralAndAdministrativeExpenses": 1555000000,
    "otherExpenses": 0,
    "operatingExpenses": 1555000000,
    "costAndExpenses": 1555000000,
    "interestIncome": 0,
    "interestExpense": 14000000,
    "depreciationAndAmortization": 20000000,
    "ebitda": 1179000000,
    "ebitdaratio": 0.4344141489,
    "operatingIncome": 1159000000,
    "operatingIncomeRatio": 0.4270449521,
    "totalOtherIncomeExpensesNet": -14000000,
    "incomeBeforeTax": 1145000000,
    "incomeBeforeTaxRatio": 0.4218865144,
    "incomeTaxExpense": 236000000,
    "netIncome": 909000000,
    "netIncomeRatio": 0.3349299926,
    "eps": 5.65,
    "epsdiluted": 5.63,
    "weightedAverageShsOut": 160800000,
    "weightedAverageShsOutDil": 161500000,
    "link": "https://www.sec.gov/Archives/edgar/data/20286/000002028620000060/0000020286-20-000060-index.htm",
    "finalLink": "https://www.sec.gov/Archives/edgar/data/20286/000002028620000060/cinf-20200630.htm"
  },
  {
    "date": "2020-03-31",
    "symbol": "CINF",
    "reportedCurrency": "USD",
    "cik": "0000020286",
    "fillingDate": "2020-04-27",
    "acceptedDate": "2020-04-27 16:18:40",
    "calendarYear": "2020",
    "period": "Q1",
    "revenue": -99000000,
    "costOfRevenue": 0,
    "grossProfit": -99000000,
    "grossProfitRatio": 1,
    "researchAndDevelopmentExpenses": 0,
    "generalAndAdministrativeExpenses": 0,
    "sellingAndMarketingExpenses": 0,
    "sellingGeneralAndAdministrativeExpenses": -99000000,
    "otherExpenses": 0,
    "operatingExpenses": -99000000,
    "costAndExpenses": -99000000,
    "interestIncome": 0,
    "interestExpense": 13000000,
    "depreciationAndAmortization": 22000000,
    "ebitda": -1541000000,
    "ebitdaratio": 15.5656565657,
    "operatingIncome": -1563000000,
    "operatingIncomeRatio": 15.7878787879,
    "totalOtherIncomeExpensesNet": -13000000,
    "incomeBeforeTax": -1576000000,
    "incomeBeforeTaxRatio": 15.9191919192,
    "incomeTaxExpense": -350000000,
    "netIncome": -1226000000,
    "netIncomeRatio": 12.3838383838,
    "eps": -7.56,
    "epsdiluted": -7.56,
    "weightedAverageShsOut": 162200000,
    "weightedAverageShsOutDil": 162200000,
    "link": "https://www.sec.gov/Archives/edgar/data/20286/000002028620000041/0000020286-20-000041-index.htm",
    "finalLink": "https://www.sec.gov/Archives/edgar/data/20286/000002028620000041/cinf-2020331x10q.htm"
  },
  {
    "date": "2019-12-31",
    "symbol": "CINF",
    "reportedCurrency": "USD",
    "cik": "0000020286",
    "fillingDate": "2020-02-25",
    "acceptedDate": "2020-02-25 11:05:54",
    "calendarYear": "2019",
    "period": "Q4",
    "revenue": 2152000000,
    "costOfRevenue": 0,
    "grossProfit": 2152000000,
    "grossProfitRatio": 1,
    "researchAndDevelopmentExpenses": 0,
    "generalAndAdministrativeExpenses": 0,
    "sellingAndMarketingExpenses": 0,
    "sellingGeneralAndAdministrativeExpenses": 0,
    "otherExpenses": 1668000000,
    "operatingExpenses": 1668000000,
    "costAndExpenses": 1358000000,
    "interestIncome": 0,
    "interestExpense": 13000000,
    "depreciationAndAmortization": 18000000,
    "ebitda": 812000000,
    "ebitdaratio": 0.3773234201,
    "operatingIncome": 794000000,
    "operatingIncomeRatio": 0.3689591078,
    "totalOtherIncomeExpensesNet": -13000000,
    "incomeBeforeTax": 781000000,
    "incomeBeforeTaxRatio": 0.3629182156,
    "incomeTaxExpense": 155000000,
    "netIncome": 626000000,
    "netIncomeRatio": 0.2908921933,
    "eps": 3.84,
    "epsdiluted": 3.79,
    "weightedAverageShsOut": 164936415,
    "weightedAverageShsOutDil": 165300000,
    "link": "https://www.sec.gov/Archives/edgar/data/20286/000002028620000011/0000020286-20-000011-index.htm",
    "finalLink": "https://www.sec.gov/Archives/edgar/data/20286/000002028620000011/cinf-20191231x10k.htm"
  },
  {
    "date": "2019-09-30",
    "symbol": "CINF",
    "reportedCurrency": "USD",
    "cik": "0000020286",
    "fillingDate": "2019-10-24",
    "acceptedDate": "2019-10-25 07:37:03",
    "calendarYear": "2019",
    "period": "Q3",
    "revenue": 1700000000,
    "costOfRevenue": 0,
    "grossProfit": 1700000000,
    "grossProfitRatio": 1,
    "researchAndDevelopmentExpenses": 0,
    "generalAndAdministrativeExpenses": 0,
    "sellingAndMarketingExpenses": 0,
    "sellingGeneralAndAdministrativeExpenses": 1392000000,
    "otherExpenses": 0,
    "operatingExpenses": 1392000000,
    "costAndExpenses": 1392000000,
    "interestIncome": 0,
    "interestExpense": 14000000,
    "depreciationAndAmortization": 18000000,
    "ebitda": 326000000,
    "ebitdaratio": 0.1917647059,
    "operatingIncome": 308000000,
    "operatingIncomeRatio": 0.1811764706,
    "totalOtherIncomeExpensesNet": -14000000,
    "incomeBeforeTax": 294000000,
    "incomeBeforeTaxRatio": 0.1729411765,
    "incomeTaxExpense": 46000000,
    "netIncome": 248000000,
    "netIncomeRatio": 0.1458823529,
    "eps": 1.51,
    "epsdiluted": 1.49,
    "weightedAverageShsOut": 165600000,
    "weightedAverageShsOutDil": 165600000,
    "link": "https://www.sec.gov/Archives/edgar/data/20286/000002028619000065/0000020286-19-000065-index.htm",
    "finalLink": "https://www.sec.gov/Archives/edgar/data/20286/000002028619000065/cinf-2019930x10q.htm"
  },
  {
    "date": "2019-06-30",
    "symbol": "CINF",
    "reportedCurrency": "USD",
    "cik": "0000020286",
    "fillingDate": "2019-07-30",
    "acceptedDate": "2019-07-30 16:09:44",
    "calendarYear": "2019",
    "period": "Q2",
    "revenue": 1913000000,
    "costOfRevenue": 0,
    "grossProfit": 1913000000,
    "grossProfitRatio": 1,
    "researchAndDevelopmentExpenses": 0,
    "generalAndAdministrativeExpenses": 0,
    "sellingAndMarketingExpenses": 0,
    "sellingGeneralAndAdministrativeExpenses": 1370000000,
    "otherExpenses": 0,
    "operatingExpenses": 1370000000,
    "costAndExpenses": 1370000000,
    "interestIncome": 0,
    "interestExpense": 13000000,
    "depreciationAndAmortization": 17000000,
    "ebitda": 560000000,
    "ebitdaratio": 0.2927339258,
    "operatingIncome": 543000000,
    "operatingIncomeRatio": 0.2838473602,
    "totalOtherIncomeExpensesNet": -13000000,
    "incomeBeforeTax": 530000000,
    "incomeBeforeTaxRatio": 0.2770517512,
    "incomeTaxExpense": 102000000,
    "netIncome": 428000000,
    "netIncomeRatio": 0.2237323576,
    "eps": 2.62,
    "epsdiluted": 2.59,
    "weightedAverageShsOut": 163300000,
    "weightedAverageShsOutDil": 165200000,
    "link": "https://www.sec.gov/Archives/edgar/data/20286/000002028619000047/0000020286-19-000047-index.htm",
    "finalLink": "https://www.sec.gov/Archives/edgar/data/20286/000002028619000047/cinf-2019630x10q.htm"
  },
  {
    "date": "2019-03-31",
    "symbol": "CINF",
    "reportedCurrency": "USD",
    "cik": "0000020286",
    "fillingDate": "2019-04-24",
    "acceptedDate": "2019-04-24 16:14:58",
    "calendarYear": "2019",
    "period": "Q1",
    "revenue": 2159000000,
    "costOfRevenue": 0,
    "grossProfit": 2159000000,
    "grossProfitRatio": 1,
    "researchAndDevelopmentExpenses": 0,
    "generalAndAdministrativeExpenses": 0,
    "sellingAndMarketingExpenses": 0,
    "sellingGeneralAndAdministrativeExpenses": 1279000000,
    "otherExpenses": 0,
    "operatingExpenses": 1279000000,
    "costAndExpenses": 1279000000,
    "interestIncome": 0,
    "interestExpense": 13000000,
    "depreciationAndAmortization": 19000000,
    "ebitda": 899000000,
    "ebitdaratio": 0.4163964799,
    "operatingIncome": 880000000,
    "operatingIncomeRatio": 0.4075961093,
    "totalOtherIncomeExpensesNet": -13000000,
    "incomeBeforeTax": 867000000,
    "incomeBeforeTaxRatio": 0.4015748031,
    "incomeTaxExpense": 172000000,
    "netIncome": 695000000,
    "netIncomeRatio": 0.3219082909,
    "eps": 4.26,
    "epsdiluted": 4.26,
    "weightedAverageShsOut": 164600000,
    "weightedAverageShsOutDil": 164600000,
    "link": "https://www.sec.gov/Archives/edgar/data/20286/000002028619000029/0000020286-19-000029-index.htm",
    "finalLink": "https://www.sec.gov/Archives/edgar/data/20286/000002028619000029/cinf-2019331x10q.htm"
  },
  {
    "date": "2018-12-31",
    "symbol": "CINF",
    "reportedCurrency": "USD",
    "cik": "0000020286",
    "fillingDate": "2019-02-22",
    "acceptedDate": "2019-02-22 12:23:06",
    "calendarYear": "2018",
    "period": "Q4",
    "revenue": 710000000,
    "costOfRevenue": 0,
    "grossProfit": 710000000,
    "grossProfitRatio": 1,
    "researchAndDevelopmentExpenses": 0,
    "generalAndAdministrativeExpenses": 0,
    "sellingAndMarketingExpenses": 0,
    "sellingGeneralAndAdministrativeExpenses": 106000000,
    "otherExpenses": 710000000,
    "operatingExpenses": 816000000,
    "costAndExpenses": 710000000,
    "interestIncome": 0,
    "interestExpense": 13000000,
    "depreciationAndAmortization": 15000000,
    "ebitda": -553000000,
    "ebitdaratio": -0.7788732394,
    "operatingIncome": -594000000,
    "operatingIncomeRatio": -0.8366197183,
    "totalOtherIncomeExpensesNet": 13000000,
    "incomeBeforeTax": -581000000,
    "incomeBeforeTaxRatio": -0.8183098592,
    "incomeTaxExpense": -129000000,
    "netIncome": -452000000,
    "netIncomeRatio": -0.6366197183,
    "eps": -2.78,
    "epsdiluted": -2.78,
    "weightedAverageShsOut": 162589928,
    "weightedAverageShsOutDil": 162800000,
    "link": "https://www.sec.gov/Archives/edgar/data/20286/000002028619000012/0000020286-19-000012-index.htm",
    "finalLink": "https://www.sec.gov/Archives/edgar/data/20286/000002028619000012/cinf-20181231x10k.htm"
  },
  {
    "date": "2018-09-30",
    "symbol": "CINF",
    "reportedCurrency": "USD",
    "cik": "0000020286",
    "fillingDate": "2018-10-25",
    "acceptedDate": "2018-10-25 16:16:31",
    "calendarYear": "2018",
    "period": "Q3",
    "revenue": 1915000000,
    "costOfRevenue": 0,
    "grossProfit": 1915000000,
    "grossProfitRatio": 1,
    "researchAndDevelopmentExpenses": 0,
    "generalAndAdministrativeExpenses": 0,
    "sellingAndMarketingExpenses": 0,
    "sellingGeneralAndAdministrativeExpenses": 1283000000,
    "otherExpenses": 0,
    "operatingExpenses": 1283000000,
    "costAndExpenses": 1283000000,
    "interestIncome": 0,
    "interestExpense": 14000000,
    "depreciationAndAmortization": 16000000,
    "ebitda": 648000000,
    "ebitdaratio": 0.338381201,
    "operatingIncome": 632000000,
    "operatingIncomeRatio": 0.3300261097,
    "totalOtherIncomeExpensesNet": -14000000,
    "incomeBeforeTax": 618000000,
    "incomeBeforeTaxRatio": 0.3227154047,
    "incomeTaxExpense": 65000000,
    "netIncome": 553000000,
    "netIncomeRatio": 0.288772846,
    "eps": 3.4,
    "epsdiluted": 3.38,
    "weightedAverageShsOut": 162700000,
    "weightedAverageShsOutDil": 164000000,
    "link": "https://www.sec.gov/Archives/edgar/data/20286/000002028618000074/0000020286-18-000074-index.htm",
    "finalLink": "https://www.sec.gov/Archives/edgar/data/20286/000002028618000074/cinf-2018930x10q.htm"
  },
  {
    "date": "2018-06-30",
    "symbol": "CINF",
    "reportedCurrency": "USD",
    "cik": "0000020286",
    "fillingDate": "2018-07-26",
    "acceptedDate": "2018-07-26 16:12:28",
    "calendarYear": "2018",
    "period": "Q2",
    "revenue": 1558000000,
    "costOfRevenue": 0,
    "grossProfit": 1558000000,
    "grossProfitRatio": 1,
    "researchAndDevelopmentExpenses": 0,
    "generalAndAdministrativeExpenses": 0,
    "sellingAndMarketingExpenses": 0,
    "sellingGeneralAndAdministrativeExpenses": 1281000000,
    "otherExpenses": 0,
    "operatingExpenses": 1281000000,
    "costAndExpenses": 1281000000,
    "interestIncome": 0,
    "interestExpense": 13000000,
    "depreciationAndAmortization": 14000000,
    "ebitda": 291000000,
    "ebitdaratio": 0.1867779204,
    "operatingIncome": 277000000,
    "operatingIncomeRatio": 0.1777920411,
    "totalOtherIncomeExpensesNet": -13000000,
    "incomeBeforeTax": 264000000,
    "incomeBeforeTaxRatio": 0.1694480103,
    "incomeTaxExpense": 47000000,
    "netIncome": 217000000,
    "netIncomeRatio": 0.1392811297,
    "eps": 1.33,
    "epsdiluted": 1.32,
    "weightedAverageShsOut": 163200000,
    "weightedAverageShsOutDil": 164500000,
    "link": "https://www.sec.gov/Archives/edgar/data/20286/000002028618000047/0000020286-18-000047-index.htm",
    "finalLink": "https://www.sec.gov/Archives/edgar/data/20286/000002028618000047/cinf-2018630x10q.htm"
  },
  {
    "date": "2018-03-31",
    "symbol": "CINF",
    "reportedCurrency": "USD",
    "cik": "0000020286",
    "fillingDate": "2018-04-25",
    "acceptedDate": "2018-04-25 16:17:30",
    "calendarYear": "2018",
    "period": "Q1",
    "revenue": 1224000000,
    "costOfRevenue": 0,
    "grossProfit": 1224000000,
    "grossProfitRatio": 1,
    "researchAndDevelopmentExpenses": 0,
    "generalAndAdministrativeExpenses": 0,
    "sellingAndMarketingExpenses": 0,
    "sellingGeneralAndAdministrativeExpenses": 1261000000,
    "otherExpenses": 0,
    "operatingExpenses": 1261000000,
    "costAndExpenses": 1261000000,
    "interestIncome": 0,
    "interestExpense": 13000000,
    "depreciationAndAmortization": 18000000,
    "ebitda": -19000000,
    "ebitdaratio": -0.0155228758,
    "operatingIncome": -37000000,
    "operatingIncomeRatio": -0.0302287582,
    "totalOtherIncomeExpensesNet": -13000000,
    "incomeBeforeTax": -50000000,
    "incomeBeforeTaxRatio": -0.0408496732,
    "incomeTaxExpense": -19000000,
    "netIncome": -31000000,
    "netIncomeRatio": -0.0253267974,
    "eps": -0.19,
    "epsdiluted": -0.19,
    "weightedAverageShsOut": 164000000,
    "weightedAverageShsOutDil": 164000000,
    "link": "https://www.sec.gov/Archives/edgar/data/20286/000002028618000030/0000020286-18-000030-index.htm",
    "finalLink": "https://www.sec.gov/Archives/edgar/data/20286/000002028618000030/cinf-2018331x10q.htm"
  },
  {
    "date": "2017-12-31",
    "symbol": "CINF",
    "reportedCurrency": "USD",
    "cik": "0000020286",
    "fillingDate": "2018-02-23",
    "acceptedDate": "2018-02-23 09:55:38",
    "calendarYear": "2017",
    "period": "Q4",
    "revenue": 1411000000,
    "costOfRevenue": 0,
    "grossProfit": 1411000000,
    "grossProfitRatio": 1,
    "researchAndDevelopmentExpenses": 0,
    "generalAndAdministrativeExpenses": 0,
    "sellingAndMarketingExpenses": 0,
    "sellingGeneralAndAdministrativeExpenses": 0,
    "otherExpenses": 1411000000,
    "operatingExpenses": 1411000000,
    "costAndExpenses": 1411000000,
    "interestIncome": 0,
    "interestExpense": 14000000,
    "depreciationAndAmortization": 15000000,
    "ebitda": 226000000,
    "ebitdaratio": 0.1601700921,
    "operatingIncome": 183000000,
    "operatingIncomeRatio": 0.1296952516,
    "totalOtherIncomeExpensesNet": 14000000,
    "incomeBeforeTax": 197000000,
    "incomeBeforeTaxRatio": 0.1396172927,
    "incomeTaxExpense": -445000000,
    "netIncome": 642000000,
    "netIncomeRatio": 0.4549964564,
    "eps": 3.92,
    "epsdiluted": 3.88,
    "weightedAverageShsOut": 165554118,
    "weightedAverageShsOutDil": 165600000,
    "link": "https://www.sec.gov/Archives/edgar/data/20286/000002028618000012/0000020286-18-000012-index.htm",
    "finalLink": "https://www.sec.gov/Archives/edgar/data/20286/000002028618000012/cinf-20171231x10k.htm"
  },
  {
    "date": "2017-09-30",
    "symbol": "CINF",
    "reportedCurrency": "USD",
    "cik": "0000020286",
    "fillingDate": "2017-10-26",
    "acceptedDate": "2017-10-26 16:12:55",
    "calendarYear": "2017",
    "period": "Q3",
    "revenue": 1412000000,
    "costOfRevenue": 0,
    "grossProfit": 1412000000,
    "grossProfitRatio": 1,
    "researchAndDevelopmentExpenses": 0,
    "generalAndAdministrativeExpenses": 0,
    "sellingAndMarketingExpenses": 0,
    "sellingGeneralAndAdministrativeExpenses": 1270000000,
    "otherExpenses": 0,
    "operatingExpenses": 1270000000,
    "costAndExpenses": 1270000000,
    "interestIncome": 0,
    "interestExpense": 13000000,
    "depreciationAndAmortization": 13000000,
    "ebitda": 155000000,
    "ebitdaratio": 0.1097733711,
    "operatingIncome": 142000000,
    "operatingIncomeRatio": 0.1005665722,
    "totalOtherIncomeExpensesNet": -13000000,
    "incomeBeforeTax": 129000000,
    "incomeBeforeTaxRatio": 0.0913597734,
    "incomeTaxExpense": 27000000,
    "netIncome": 102000000,
    "netIncomeRatio": 0.0722379603,
    "eps": 0.62,
    "epsdiluted": 0.61,
    "weightedAverageShsOut": 164000000,
    "weightedAverageShsOutDil": 165900000,
    "link": "https://www.sec.gov/Archives/edgar/data/20286/000002028617000069/0000020286-17-000069-index.htm",
    "finalLink": "https://www.sec.gov/Archives/edgar/data/20286/000002028617000069/cinf-2017930x10q.htm"
  },
  {
    "date": "2017-06-30",
    "symbol": "CINF",
    "reportedCurrency": "USD",
    "cik": "0000020286",
    "fillingDate": "2017-08-02",
    "acceptedDate": "2017-08-02 16:10:25",
    "calendarYear": "2017",
    "period": "Q2",
    "revenue": 1386000000,
    "costOfRevenue": 0,
    "grossProfit": 1386000000,
    "grossProfitRatio": 1,
    "researchAndDevelopmentExpenses": 0,
    "generalAndAdministrativeExpenses": 0,
    "sellingAndMarketingExpenses": 0,
    "sellingGeneralAndAdministrativeExpenses": 1245000000,
    "otherExpenses": 0,
    "operatingExpenses": 1245000000,
    "costAndExpenses": 1245000000,
    "interestIncome": 0,
    "interestExpense": 13000000,
    "depreciationAndAmortization": 13000000,
    "ebitda": 154000000,
    "ebitdaratio": 0.1111111111,
    "operatingIncome": 141000000,
    "operatingIncomeRatio": 0.1017316017,
    "totalOtherIncomeExpensesNet": -13000000,
    "incomeBeforeTax": 128000000,
    "incomeBeforeTaxRatio": 0.0923520924,
    "incomeTaxExpense": 28000000,
    "netIncome": 100000000,
    "netIncomeRatio": 0.0721500722,
    "eps": 0.61,
    "epsdiluted": 0.6,
    "weightedAverageShsOut": 164300000,
    "weightedAverageShsOutDil": 166000000,
    "link": "https://www.sec.gov/Archives/edgar/data/20286/000002028617000049/0000020286-17-000049-index.htm",
    "finalLink": "https://www.sec.gov/Archives/edgar/data/20286/000002028617000049/cinf-2017630x10q.htm"
  },
  {
    "date": "2017-03-31",
    "symbol": "CINF",
    "reportedCurrency": "USD",
    "cik": "0000020286",
    "fillingDate": "2017-04-26",
    "acceptedDate": "2017-04-26 16:11:18",
    "calendarYear": "2017",
    "period": "Q1",
    "revenue": 1523000000,
    "costOfRevenue": 0,
    "grossProfit": 1523000000,
    "grossProfitRatio": 1,
    "researchAndDevelopmentExpenses": 0,
    "generalAndAdministrativeExpenses": 0,
    "sellingAndMarketingExpenses": 0,
    "sellingGeneralAndAdministrativeExpenses": 1234000000,
    "otherExpenses": 0,
    "operatingExpenses": 1234000000,
    "costAndExpenses": 1234000000,
    "interestIncome": 0,
    "interestExpense": 13000000,
    "depreciationAndAmortization": 14000000,
    "ebitda": 303000000,
    "ebitdaratio": 0.1989494419,
    "operatingIncome": 289000000,
    "operatingIncomeRatio": 0.1897570584,
    "totalOtherIncomeExpensesNet": -13000000,
    "incomeBeforeTax": 276000000,
    "incomeBeforeTaxRatio": 0.1812212738,
    "incomeTaxExpense": 75000000,
    "netIncome": 201000000,
    "netIncomeRatio": 0.1319763624,
    "eps": 1.22,
    "epsdiluted": 1.21,
    "weightedAverageShsOut": 164600000,
    "weightedAverageShsOutDil": 166500000,
    "link": "https://www.sec.gov/Archives/edgar/data/20286/000002028617000034/0000020286-17-000034-index.htm",
    "finalLink": "https://www.sec.gov/Archives/edgar/data/20286/000002028617000034/cinf-2017331x10q.htm"
  },
  {
    "date": "2016-12-31",
    "symbol": "CINF",
    "reportedCurrency": "USD",
    "cik": "0000020286",
    "fillingDate": "2017-02-24",
    "acceptedDate": "2017-02-24 09:06:54",
    "calendarYear": "2016",
    "period": "Q4",
    "revenue": 1312000000,
    "costOfRevenue": 0,
    "grossProfit": 1312000000,
    "grossProfitRatio": 1,
    "researchAndDevelopmentExpenses": 0,
    "generalAndAdministrativeExpenses": 0,
    "sellingAndMarketingExpenses": 0,
    "sellingGeneralAndAdministrativeExpenses": 0,
    "otherExpenses": 1312000000,
    "operatingExpenses": 1312000000,
    "costAndExpenses": 1312000000,
    "interestIncome": 0,
    "interestExpense": 14000000,
    "depreciationAndAmortization": 14000000,
    "ebitda": 156000000,
    "ebitdaratio": 0.118902439,
    "operatingIncome": 0,
    "operatingIncomeRatio": 0,
    "totalOtherIncomeExpensesNet": 128000000,
    "incomeBeforeTax": 128000000,
    "incomeBeforeTaxRatio": 0.0975609756,
    "incomeTaxExpense": 28000000,
    "netIncome": 100000000,
    "netIncomeRatio": 0.0762195122,
    "eps": 0.61,
    "epsdiluted": 0.6,
    "weightedAverageShsOut": 166500000,
    "weightedAverageShsOutDil": 166500000,
    "link": "https://www.sec.gov/Archives/edgar/data/20286/000002028617000013/0000020286-17-000013-index.htm",
    "finalLink": "https://www.sec.gov/Archives/edgar/data/20286/000002028617000013/cinf-20161231x10k.htm"
  },
  {
    "date": "2016-09-30",
    "symbol": "CINF",
    "reportedCurrency": "USD",
    "cik": "0000020286",
    "fillingDate": "2016-10-25",
    "acceptedDate": "2016-10-25 16:10:47",
    "calendarYear": "2016",
    "period": "Q3",
    "revenue": 1402000000,
    "costOfRevenue": 0,
    "grossProfit": 1402000000,
    "grossProfitRatio": 1,
    "researchAndDevelopmentExpenses": 0,
    "generalAndAdministrativeExpenses": 0,
    "sellingAndMarketingExpenses": 0,
    "sellingGeneralAndAdministrativeExpenses": 1136000000,
    "otherExpenses": 0,
    "operatingExpenses": 1136000000,
    "costAndExpenses": 1136000000,
    "interestIncome": 0,
    "interestExpense": 13000000,
    "depreciationAndAmortization": 10000000,
    "ebitda": 276000000,
    "ebitdaratio": 0.1968616262,
    "operatingIncome": 266000000,
    "operatingIncomeRatio": 0.1897289586,
    "totalOtherIncomeExpensesNet": -13000000,
    "incomeBeforeTax": 253000000,
    "incomeBeforeTaxRatio": 0.1804564907,
    "incomeTaxExpense": 73000000,
    "netIncome": 180000000,
    "netIncomeRatio": 0.1283880171,
    "eps": 1.09,
    "epsdiluted": 1.08,
    "weightedAverageShsOut": 164600000,
    "weightedAverageShsOutDil": 166800000,
    "link": "https://www.sec.gov/Archives/edgar/data/20286/000002028616000100/0000020286-16-000100-index.htm",
    "finalLink": "https://www.sec.gov/Archives/edgar/data/20286/000002028616000100/cinf-2016930x10q.htm"
  },
  {
    "date": "2016-06-30",
    "symbol": "CINF",
    "reportedCurrency": "USD",
    "cik": "0000020286",
    "fillingDate": "2016-07-26",
    "acceptedDate": "2016-07-26 16:10:19",
    "calendarYear": "2016",
    "period": "Q2",
    "revenue": 1371000000,
    "costOfRevenue": 0,
    "grossProfit": 1371000000,
    "grossProfitRatio": 1,
    "researchAndDevelopmentExpenses": 0,
    "generalAndAdministrativeExpenses": 0,
    "sellingAndMarketingExpenses": 0,
    "sellingGeneralAndAdministrativeExpenses": 1192000000,
    "otherExpenses": 0,
    "operatingExpenses": 1192000000,
    "costAndExpenses": 1192000000,
    "interestIncome": 0,
    "interestExpense": 13000000,
    "depreciationAndAmortization": 0,
    "ebitda": 0,
    "ebitdaratio": 0,
    "operatingIncome": 179000000,
    "operatingIncomeRatio": 0.1305616338,
    "totalOtherIncomeExpensesNet": -13000000,
    "incomeBeforeTax": 166000000,
    "incomeBeforeTaxRatio": 0.121079504,
    "incomeTaxExpense": 43000000,
    "netIncome": 123000000,
    "netIncomeRatio": 0.0897155361,
    "eps": 0.75,
    "epsdiluted": 0.74,
    "weightedAverageShsOut": 166216216,
    "weightedAverageShsOutDil": 166500000,
    "link": "https://www.sec.gov/Archives/edgar/data/20286/000002028616000084/0000020286-16-000084-index.htm",
    "finalLink": "https://www.sec.gov/Archives/edgar/data/20286/000002028616000084/cinf-2016630x10q.htm"
  },
  {
    "date": "2016-03-31",
    "symbol": "CINF",
    "reportedCurrency": "USD",
    "cik": "0000020286",
    "fillingDate": "2016-04-26",
    "acceptedDate": "2016-04-26 16:10:53",
    "calendarYear": "2016",
    "period": "Q1",
    "revenue": 1364000000,
    "costOfRevenue": 0,
    "grossProfit": 1364000000,
    "grossProfitRatio": 1,
    "researchAndDevelopmentExpenses": 0,
    "generalAndAdministrativeExpenses": 0,
    "sellingAndMarketingExpenses": 0,
    "sellingGeneralAndAdministrativeExpenses": 1086000000,
    "otherExpenses": 0,
    "operatingExpenses": 1086000000,
    "costAndExpenses": 1086000000,
    "interestIncome": 0,
    "interestExpense": 13000000,
    "depreciationAndAmortization": 0,
    "ebitda": 0,
    "ebitdaratio": 0,
    "operatingIncome": 278000000,
    "operatingIncomeRatio": 0.2038123167,
    "totalOtherIncomeExpensesNet": -13000000,
    "incomeBeforeTax": 265000000,
    "incomeBeforeTaxRatio": 0.1942815249,
    "incomeTaxExpense": 77000000,
    "netIncome": 188000000,
    "netIncomeRatio": 0.137829912,
    "eps": 1.14,
    "epsdiluted": 1.13,
    "weightedAverageShsOut": 166000000,
    "weightedAverageShsOutDil": 166000000,
    "link": "https://www.sec.gov/Archives/edgar/data/20286/000002028616000065/0000020286-16-000065-index.htm",
    "finalLink": "https://www.sec.gov/Archives/edgar/data/20286/000002028616000065/cinf-2016331x10q.htm"
  },
  {
    "date": "2015-12-31",
    "symbol": "CINF",
    "reportedCurrency": "USD",
    "cik": "0000020286",
    "fillingDate": "2016-02-26",
    "acceptedDate": "2016-02-26 11:07:26",
    "calendarYear": "2015",
    "period": "Q4",
    "revenue": 1263000000,
    "costOfRevenue": 0,
    "grossProfit": 1263000000,
    "grossProfitRatio": 1,
    "researchAndDevelopmentExpenses": 0,
    "generalAndAdministrativeExpenses": 0,
    "sellingAndMarketingExpenses": 0,
    "sellingGeneralAndAdministrativeExpenses": 0,
    "otherExpenses": 1263000000,
    "operatingExpenses": 1263000000,
    "costAndExpenses": 1034000000,
    "interestIncome": 0,
    "interestExpense": 13000000,
    "depreciationAndAmortization": -39000000,
    "ebitda": 190000000,
    "ebitdaratio": 0.1504354711,
    "operatingIncome": 229000000,
    "operatingIncomeRatio": 0.181314331,
    "totalOtherIncomeExpensesNet": -13000000,
    "incomeBeforeTax": 216000000,
    "incomeBeforeTaxRatio": 0.1710213777,
    "incomeTaxExpense": 60000000,
    "netIncome": 156000000,
    "netIncomeRatio": 0.1235154394,
    "eps": 0.95,
    "epsdiluted": 0.94,
    "weightedAverageShsOut": 165700000,
    "weightedAverageShsOutDil": 165700000,
    "link": "https://www.sec.gov/Archives/edgar/data/20286/000002028616000055/0000020286-16-000055-index.htm",
    "finalLink": "https://www.sec.gov/Archives/edgar/data/20286/000002028616000055/cinf-20151231x10k.htm"
  },
  {
    "date": "2015-09-30",
    "symbol": "CINF",
    "reportedCurrency": "USD",
    "cik": "0000020286",
    "fillingDate": "2015-10-27",
    "acceptedDate": "2015-10-27 16:09:51",
    "calendarYear": "2015",
    "period": "Q3",
    "revenue": 1278000000,
    "costOfRevenue": 0,
    "grossProfit": 1278000000,
    "grossProfitRatio": 1,
    "researchAndDevelopmentExpenses": 0,
    "generalAndAdministrativeExpenses": 0,
    "sellingAndMarketingExpenses": 0,
    "sellingGeneralAndAdministrativeExpenses": 1021000000,
    "otherExpenses": 0,
    "operatingExpenses": 1021000000,
    "costAndExpenses": 1021000000,
    "interestIncome": 0,
    "interestExpense": 14000000,
    "depreciationAndAmortization": 0,
    "ebitda": 0,
    "ebitdaratio": 0,
    "operatingIncome": 257000000,
    "operatingIncomeRatio": 0.2010954617,
    "totalOtherIncomeExpensesNet": -14000000,
    "incomeBeforeTax": 243000000,
    "incomeBeforeTaxRatio": 0.1901408451,
    "incomeTaxExpense": 69000000,
    "netIncome": 174000000,
    "netIncomeRatio": 0.1361502347,
    "eps": 1.06,
    "epsdiluted": 1.05,
    "weightedAverageShsOut": 165500000,
    "weightedAverageShsOutDil": 165500000,
    "link": "https://www.sec.gov/Archives/edgar/data/20286/000002028615000040/0000020286-15-000040-index.htm",
    "finalLink": "https://www.sec.gov/Archives/edgar/data/20286/000002028615000040/cinf-2015930x10q.htm"
  },
  {
    "date": "2015-06-30",
    "symbol": "CINF",
    "reportedCurrency": "USD",
    "cik": "0000020286",
    "fillingDate": "2015-07-28",
    "acceptedDate": "2015-07-28 16:10:16",
    "calendarYear": "2015",
    "period": "Q2",
    "revenue": 1316000000,
    "costOfRevenue": 0,
    "grossProfit": 1316000000,
    "grossProfitRatio": 1,
    "researchAndDevelopmentExpenses": 0,
    "generalAndAdministrativeExpenses": 0,
    "sellingAndMarketingExpenses": 0,
    "sellingGeneralAndAdministrativeExpenses": 1055000000,
    "otherExpenses": 0,
    "operatingExpenses": 1055000000,
    "costAndExpenses": 1055000000,
    "interestIncome": 0,
    "interestExpense": 13000000,
    "depreciationAndAmortization": 0,
    "ebitda": 0,
    "ebitdaratio": 0,
    "operatingIncome": 261000000,
    "operatingIncomeRatio": 0.1983282675,
    "totalOtherIncomeExpensesNet": -13000000,
    "incomeBeforeTax": 248000000,
    "incomeBeforeTaxRatio": 0.188449848,
    "incomeTaxExpense": 72000000,
    "netIncome": 176000000,
    "netIncomeRatio": 0.1337386018,
    "eps": 1.07,
    "epsdiluted": 1.06,
    "weightedAverageShsOut": 165500000,
    "weightedAverageShsOutDil": 165500000,
    "link": "https://www.sec.gov/Archives/edgar/data/20286/000002028615000032/0000020286-15-000032-index.htm",
    "finalLink": "https://www.sec.gov/Archives/edgar/data/20286/000002028615000032/cinf-2015630x10q.htm"
  },
  {
    "date": "2015-03-31",
    "symbol": "CINF",
    "reportedCurrency": "USD",
    "cik": "0000020286",
    "fillingDate": "2015-04-28",
    "acceptedDate": "2015-04-28 16:09:46",
    "calendarYear": "2015",
    "period": "Q1",
    "revenue": 1285000000,
    "costOfRevenue": 0,
    "grossProfit": 1285000000,
    "grossProfitRatio": 1,
    "researchAndDevelopmentExpenses": 0,
    "generalAndAdministrativeExpenses": 0,
    "sellingAndMarketingExpenses": 0,
    "sellingGeneralAndAdministrativeExpenses": 1098000000,
    "otherExpenses": 0,
    "operatingExpenses": 1098000000,
    "costAndExpenses": 1098000000,
    "interestIncome": 0,
    "interestExpense": 13000000,
    "depreciationAndAmortization": 0,
    "ebitda": 0,
    "ebitdaratio": 0,
    "operatingIncome": 187000000,
    "operatingIncomeRatio": 0.1455252918,
    "totalOtherIncomeExpensesNet": -13000000,
    "incomeBeforeTax": 174000000,
    "incomeBeforeTaxRatio": 0.1354085603,
    "incomeTaxExpense": 46000000,
    "netIncome": 128000000,
    "netIncomeRatio": 0.0996108949,
    "eps": 0.78,
    "epsdiluted": 0.77,
    "weightedAverageShsOut": 165600000,
    "weightedAverageShsOutDil": 165600000,
    "link": "https://www.sec.gov/Archives/edgar/data/20286/000002028615000021/0000020286-15-000021-index.htm",
    "finalLink": "https://www.sec.gov/Archives/edgar/data/20286/000002028615000021/cinf-2015331x10q.htm"
  },
  {
    "date": "2014-12-31",
    "symbol": "CINF",
    "reportedCurrency": "USD",
    "cik": "0000020286",
    "fillingDate": "2015-02-27",
    "acceptedDate": "2015-02-27 08:07:25",
    "calendarYear": "2014",
    "period": "Q4",
    "revenue": 1262000000,
    "costOfRevenue": 0,
    "grossProfit": 1262000000,
    "grossProfitRatio": 1,
    "researchAndDevelopmentExpenses": 0,
    "generalAndAdministrativeExpenses": 0,
    "sellingAndMarketingExpenses": 0,
    "sellingGeneralAndAdministrativeExpenses": 0,
    "otherExpenses": 1262000000,
    "operatingExpenses": 1262000000,
    "costAndExpenses": 1013000000,
    "interestIncome": 0,
    "interestExpense": 13000000,
    "depreciationAndAmortization": -38000000,
    "ebitda": 211000000,
    "ebitdaratio": 0.1671949287,
    "operatingIncome": 249000000,
    "operatingIncomeRatio": 0.1973058637,
    "totalOtherIncomeExpensesNet": -13000000,
    "incomeBeforeTax": 236000000,
    "incomeBeforeTaxRatio": 0.1870047544,
    "incomeTaxExpense": 69000000,
    "netIncome": 167000000,
    "netIncomeRatio": 0.1323296355,
    "eps": 1.03,
    "epsdiluted": 1.02,
    "weightedAverageShsOut": 165300000,
    "weightedAverageShsOutDil": 165300000,
    "link": "https://www.sec.gov/Archives/edgar/data/20286/000002028615000011/0000020286-15-000011-index.htm",
    "finalLink": "https://www.sec.gov/Archives/edgar/data/20286/000002028615000011/cinf-20141231x10k.htm"
  },
  {
    "date": "2014-09-30",
    "symbol": "CINF",
    "reportedCurrency": "USD",
    "cik": "0000020286",
    "fillingDate": "2014-10-28",
    "acceptedDate": "2014-10-28 16:08:05",
    "calendarYear": "2014",
    "period": "Q3",
    "revenue": 1280000000,
    "costOfRevenue": 0,
    "grossProfit": 1280000000,
    "grossProfitRatio": 1,
    "researchAndDevelopmentExpenses": 0,
    "generalAndAdministrativeExpenses": 0,
    "sellingAndMarketingExpenses": 0,
    "sellingGeneralAndAdministrativeExpenses": 1008000000,
    "otherExpenses": 0,
    "operatingExpenses": 1008000000,
    "costAndExpenses": 1008000000,
    "interestIncome": 0,
    "interestExpense": 13000000,
    "depreciationAndAmortization": 0,
    "ebitda": 0,
    "ebitdaratio": 0,
    "operatingIncome": 272000000,
    "operatingIncomeRatio": 0.2125,
    "totalOtherIncomeExpensesNet": -13000000,
    "incomeBeforeTax": 259000000,
    "incomeBeforeTaxRatio": 0.20234375,
    "incomeTaxExpense": 76000000,
    "netIncome": 183000000,
    "netIncomeRatio": 0.14296875,
    "eps": 1.12,
    "epsdiluted": 1.11,
    "weightedAverageShsOut": 164864864,
    "weightedAverageShsOutDil": 165000000,
    "link": "https://www.sec.gov/Archives/edgar/data/20286/000002028614000040/0000020286-14-000040-index.htm",
    "finalLink": "https://www.sec.gov/Archives/edgar/data/20286/000002028614000040/cinf-2014930x10q.htm"
  },
  {
    "date": "2014-06-30",
    "symbol": "CINF",
    "reportedCurrency": "USD",
    "cik": "0000020286",
    "fillingDate": "2014-07-29",
    "acceptedDate": "2014-07-29 16:05:51",
    "calendarYear": "2014",
    "period": "Q2",
    "revenue": 1214000000,
    "costOfRevenue": 0,
    "grossProfit": 1214000000,
    "grossProfitRatio": 1,
    "researchAndDevelopmentExpenses": 0,
    "generalAndAdministrativeExpenses": 0,
    "sellingAndMarketingExpenses": 0,
    "sellingGeneralAndAdministrativeExpenses": 1094000000,
    "otherExpenses": 0,
    "operatingExpenses": 1094000000,
    "costAndExpenses": 1094000000,
    "interestIncome": 0,
    "interestExpense": 13000000,
    "depreciationAndAmortization": 0,
    "ebitda": 0,
    "ebitdaratio": 0,
    "operatingIncome": 120000000,
    "operatingIncomeRatio": 0.0988467875,
    "totalOtherIncomeExpensesNet": -13000000,
    "incomeBeforeTax": 107000000,
    "incomeBeforeTaxRatio": 0.0881383855,
    "incomeTaxExpense": 23000000,
    "netIncome": 84000000,
    "netIncomeRatio": 0.0691927512,
    "eps": 0.51,
    "epsdiluted": 0.51,
    "weightedAverageShsOut": 163500000,
    "weightedAverageShsOutDil": 165100000,
    "link": "https://www.sec.gov/Archives/edgar/data/20286/000002028614000031/0000020286-14-000031-index.htm",
    "finalLink": "https://www.sec.gov/Archives/edgar/data/20286/000002028614000031/cinf-2014630x10q.htm"
  },
  {
    "date": "2014-03-31",
    "symbol": "CINF",
    "reportedCurrency": "USD",
    "cik": "0000020286",
    "fillingDate": "2014-04-24",
    "acceptedDate": "2014-04-24 16:06:20",
    "calendarYear": "2014",
    "period": "Q1",
    "revenue": 1189000000,
    "costOfRevenue": 0,
    "grossProfit": 1189000000,
    "grossProfitRatio": 1,
    "researchAndDevelopmentExpenses": 0,
    "generalAndAdministrativeExpenses": 0,
    "sellingAndMarketingExpenses": 0,
    "sellingGeneralAndAdministrativeExpenses": 1056000000,
    "otherExpenses": 0,
    "operatingExpenses": 1056000000,
    "costAndExpenses": 1056000000,
    "interestIncome": 0,
    "interestExpense": 14000000,
    "depreciationAndAmortization": 0,
    "ebitda": 0,
    "ebitdaratio": 0,
    "operatingIncome": 133000000,
    "operatingIncomeRatio": 0.1118587048,
    "totalOtherIncomeExpensesNet": -14000000,
    "incomeBeforeTax": 119000000,
    "incomeBeforeTaxRatio": 0.1000841043,
    "incomeTaxExpense": 28000000,
    "netIncome": 91000000,
    "netIncomeRatio": 0.0765349033,
    "eps": 0.56,
    "epsdiluted": 0.55,
    "weightedAverageShsOut": 165000000,
    "weightedAverageShsOutDil": 165000000,
    "link": "https://www.sec.gov/Archives/edgar/data/20286/000002028614000016/0000020286-14-000016-index.htm",
    "finalLink": "https://www.sec.gov/Archives/edgar/data/20286/000002028614000016/cinf-2014331x10q.htm"
  },
  {
    "date": "2013-12-31",
    "symbol": "CINF",
    "reportedCurrency": "USD",
    "cik": "0000020286",
    "fillingDate": "2014-02-27",
    "acceptedDate": "2014-02-27 15:43:26",
    "calendarYear": "2013",
    "period": "Q4",
    "revenue": 1172000000,
    "costOfRevenue": 0,
    "grossProfit": 1172000000,
    "grossProfitRatio": 1,
    "researchAndDevelopmentExpenses": 0,
    "generalAndAdministrativeExpenses": 0,
    "sellingAndMarketingExpenses": 0,
    "sellingGeneralAndAdministrativeExpenses": 0,
    "otherExpenses": 1172000000,
    "operatingExpenses": 1172000000,
    "costAndExpenses": 991000000,
    "interestIncome": 0,
    "interestExpense": 14000000,
    "depreciationAndAmortization": -30000000,
    "ebitda": 151000000,
    "ebitdaratio": 0.1288395904,
    "operatingIncome": 181000000,
    "operatingIncomeRatio": 0.1544368601,
    "totalOtherIncomeExpensesNet": -14000000,
    "incomeBeforeTax": 167000000,
    "incomeBeforeTaxRatio": 0.1424914676,
    "incomeTaxExpense": 45000000,
    "netIncome": 122000000,
    "netIncomeRatio": 0.1040955631,
    "eps": 0.75,
    "epsdiluted": 0.74,
    "weightedAverageShsOut": 165748000,
    "weightedAverageShsOutDil": 165748000,
    "link": "https://www.sec.gov/Archives/edgar/data/20286/000002028614000009/0000020286-14-000009-index.htm",
    "finalLink": "https://www.sec.gov/Archives/edgar/data/20286/000002028614000009/cinf-20131231x10k.htm"
  },
  {
    "date": "2013-09-30",
    "symbol": "CINF",
    "reportedCurrency": "USD",
    "cik": "0000020286",
    "fillingDate": "2013-10-24",
    "acceptedDate": "2013-10-24 16:12:39",
    "calendarYear": "2013",
    "period": "Q3",
    "revenue": 1152000000,
    "costOfRevenue": 0,
    "grossProfit": 1152000000,
    "grossProfitRatio": 1,
    "researchAndDevelopmentExpenses": 0,
    "generalAndAdministrativeExpenses": 0,
    "sellingAndMarketingExpenses": 0,
    "sellingGeneralAndAdministrativeExpenses": 957000000,
    "otherExpenses": 0,
    "operatingExpenses": 957000000,
    "costAndExpenses": 957000000,
    "interestIncome": 0,
    "interestExpense": 13000000,
    "depreciationAndAmortization": 10000000,
    "ebitda": 205000000,
    "ebitdaratio": 0.1779513889,
    "operatingIncome": 195000000,
    "operatingIncomeRatio": 0.1692708333,
    "totalOtherIncomeExpensesNet": -13000000,
    "incomeBeforeTax": 182000000,
    "incomeBeforeTaxRatio": 0.1579861111,
    "incomeTaxExpense": 51000000,
    "netIncome": 131000000,
    "netIncomeRatio": 0.1137152778,
    "eps": 0.8,
    "epsdiluted": 0.79,
    "weightedAverageShsOut": 165600000,
    "weightedAverageShsOutDil": 165600000,
    "link": "https://www.sec.gov/Archives/edgar/data/20286/000002028613000021/0000020286-13-000021-index.htm",
    "finalLink": "https://www.sec.gov/Archives/edgar/data/20286/000002028613000021/cinf-2013930x10q.htm"
  },
  {
    "date": "2013-06-30",
    "symbol": "CINF",
    "reportedCurrency": "USD",
    "cik": "0000020286",
    "fillingDate": "2013-07-25",
    "acceptedDate": "2013-07-25 16:17:51",
    "calendarYear": "2013",
    "period": "Q2",
    "revenue": 1104000000,
    "costOfRevenue": 0,
    "grossProfit": 1104000000,
    "grossProfitRatio": 1,
    "researchAndDevelopmentExpenses": 0,
    "generalAndAdministrativeExpenses": 0,
    "sellingAndMarketingExpenses": 0,
    "sellingGeneralAndAdministrativeExpenses": 942000000,
    "otherExpenses": 0,
    "operatingExpenses": 942000000,
    "costAndExpenses": 942000000,
    "interestIncome": 0,
    "interestExpense": 14000000,
    "depreciationAndAmortization": 11000000,
    "ebitda": 173000000,
    "ebitdaratio": 0.1567028986,
    "operatingIncome": 162000000,
    "operatingIncomeRatio": 0.1467391304,
    "totalOtherIncomeExpensesNet": -14000000,
    "incomeBeforeTax": 148000000,
    "incomeBeforeTaxRatio": 0.134057971,
    "incomeTaxExpense": 38000000,
    "netIncome": 110000000,
    "netIncomeRatio": 0.0996376812,
    "eps": 0.67,
    "epsdiluted": 0.66,
    "weightedAverageShsOut": 165400000,
    "weightedAverageShsOutDil": 165400000,
    "link": "https://www.sec.gov/Archives/edgar/data/20286/000002028613000013/0000020286-13-000013-index.htm",
    "finalLink": "https://www.sec.gov/Archives/edgar/data/20286/000002028613000013/cinf-2013630x10q.htm"
  },
  {
    "date": "2013-03-31",
    "symbol": "CINF",
    "reportedCurrency": "USD",
    "cik": "0000020286",
    "fillingDate": "2013-04-25",
    "acceptedDate": "2013-04-25 16:14:43",
    "calendarYear": "2013",
    "period": "Q1",
    "revenue": 1103000000,
    "costOfRevenue": 0,
    "grossProfit": 1103000000,
    "grossProfitRatio": 1,
    "researchAndDevelopmentExpenses": 0,
    "generalAndAdministrativeExpenses": 0,
    "sellingAndMarketingExpenses": 0,
    "sellingGeneralAndAdministrativeExpenses": 873000000,
    "otherExpenses": 0,
    "operatingExpenses": 873000000,
    "costAndExpenses": 873000000,
    "interestIncome": 0,
    "interestExpense": 13000000,
    "depreciationAndAmortization": 9000000,
    "ebitda": 239000000,
    "ebitdaratio": 0.216681777,
    "operatingIncome": 230000000,
    "operatingIncomeRatio": 0.2085222121,
    "totalOtherIncomeExpensesNet": -13000000,
    "incomeBeforeTax": 217000000,
    "incomeBeforeTaxRatio": 0.1967361741,
    "incomeTaxExpense": 63000000,
    "netIncome": 154000000,
    "netIncomeRatio": 0.1396192203,
    "eps": 0.95,
    "epsdiluted": 0.94,
    "weightedAverageShsOut": 163829787,
    "weightedAverageShsOutDil": 164900000,
    "link": "https://www.sec.gov/Archives/edgar/data/20286/000002028613000004/0000020286-13-000004-index.htm",
    "finalLink": "https://www.sec.gov/Archives/edgar/data/20286/000002028613000004/cinf-2013331x10q.htm"
  },
  {
    "date": "2012-12-31",
    "symbol": "CINF",
    "reportedCurrency": "USD",
    "cik": "0000020286",
    "fillingDate": "2013-02-27",
    "acceptedDate": "2013-02-27 16:19:15",
    "calendarYear": "2012",
    "period": "Q4",
    "revenue": 1070000000,
    "costOfRevenue": 0,
    "grossProfit": 1070000000,
    "grossProfitRatio": 1,
    "researchAndDevelopmentExpenses": 0,
    "generalAndAdministrativeExpenses": 0,
    "sellingAndMarketingExpenses": 0,
    "sellingGeneralAndAdministrativeExpenses": 0,
    "otherExpenses": 784000000,
    "operatingExpenses": 784000000,
    "costAndExpenses": 784000000,
    "interestIncome": 0,
    "interestExpense": 13000000,
    "depreciationAndAmortization": 12000000,
    "ebitda": 298000000,
    "ebitdaratio": 0.2785046729,
    "operatingIncome": 286000000,
    "operatingIncomeRatio": 0.2672897196,
    "totalOtherIncomeExpensesNet": -13000000,
    "incomeBeforeTax": 273000000,
    "incomeBeforeTaxRatio": 0.2551401869,
    "incomeTaxExpense": 81000000,
    "netIncome": 192000000,
    "netIncomeRatio": 0.1794392523,
    "eps": 1.18,
    "epsdiluted": 1.17,
    "weightedAverageShsOut": 164160000,
    "weightedAverageShsOutDil": 164160000,
    "link": "https://www.sec.gov/Archives/edgar/data/20286/000114420413011557/0001144204-13-011557-index.htm",
    "finalLink": "https://www.sec.gov/Archives/edgar/data/20286/000114420413011557/v329482_10k.htm"
  },
  {
    "date": "2012-09-30",
    "symbol": "CINF",
    "reportedCurrency": "USD",
    "cik": "0000020286",
    "fillingDate": "2012-10-25",
    "acceptedDate": "2012-10-25 16:39:03",
    "calendarYear": "2012",
    "period": "Q3",
    "revenue": 1035000000,
    "costOfRevenue": 0,
    "grossProfit": 1035000000,
    "grossProfitRatio": 1,
    "researchAndDevelopmentExpenses": 0,
    "generalAndAdministrativeExpenses": 0,
    "sellingAndMarketingExpenses": 0,
    "sellingGeneralAndAdministrativeExpenses": 1035000000,
    "otherExpenses": 0,
    "operatingExpenses": 1035000000,
    "costAndExpenses": -869000000,
    "interestIncome": 0,
    "interestExpense": 14000000,
    "depreciationAndAmortization": 10000000,
    "ebitda": 138000000,
    "ebitdaratio": 0.1333333333,
    "operatingIncome": 0,
    "operatingIncomeRatio": 0,
    "totalOtherIncomeExpensesNet": 152000000,
    "incomeBeforeTax": 152000000,
    "incomeBeforeTaxRatio": 0.1468599034,
    "incomeTaxExpense": 41000000,
    "netIncome": 111000000,
    "netIncomeRatio": 0.1072463768,
    "eps": 0.69,
    "epsdiluted": 0.68,
    "weightedAverageShsOut": 163235294,
    "weightedAverageShsOutDil": 163857000,
    "link": "https://www.sec.gov/Archives/edgar/data/20286/000114420412057761/0001144204-12-057761-index.htm",
    "finalLink": "https://www.sec.gov/Archives/edgar/data/20286/000114420412057761/v322568_10q.htm"
  },
  {
    "date": "2012-06-30",
    "symbol": "CINF",
    "reportedCurrency": "USD",
    "cik": "0000020286",
    "fillingDate": "2012-07-26",
    "acceptedDate": "2012-07-26 16:47:38",
    "calendarYear": "2012",
    "period": "Q2",
    "revenue": 1020000000,
    "costOfRevenue": 4000000,
    "grossProfit": 1016000000,
    "grossProfitRatio": 0.9960784314,
    "researchAndDevelopmentExpenses": 0,
    "generalAndAdministrativeExpenses": 0,
    "sellingAndMarketingExpenses": 0,
    "sellingGeneralAndAdministrativeExpenses": 0,
    "otherExpenses": 1020000000,
    "operatingExpenses": 1020000000,
    "costAndExpenses": 1020000000,
    "interestIncome": 0,
    "interestExpense": 13000000,
    "depreciationAndAmortization": 11000000,
    "ebitda": 40000000,
    "ebitdaratio": 0.0392156863,
    "operatingIncome": 29000000,
    "operatingIncomeRatio": 0.0284313725,
    "totalOtherIncomeExpensesNet": 0,
    "incomeBeforeTax": 29000000,
    "incomeBeforeTaxRatio": 0.0284313725,
    "incomeTaxExpense": -3000000,
    "netIncome": 32000000,
    "netIncomeRatio": 0.031372549,
    "eps": 0.2,
    "epsdiluted": 0.2,
    "weightedAverageShsOut": 162425000,
    "weightedAverageShsOutDil": 163514000,
    "link": "https://www.sec.gov/Archives/edgar/data/20286/000114420412041164/0001144204-12-041164-index.htm",
    "finalLink": "https://www.sec.gov/Archives/edgar/data/20286/000114420412041164/v315817_10q.htm"
  },
  {
    "date": "2012-03-31",
    "symbol": "CINF",
    "reportedCurrency": "USD",
    "cik": "0000020286",
    "fillingDate": "2012-04-26",
    "acceptedDate": "2012-04-26 16:45:32",
    "calendarYear": "2012",
    "period": "Q1",
    "revenue": 986000000,
    "costOfRevenue": 4000000,
    "grossProfit": 982000000,
    "grossProfitRatio": 0.9959432049,
    "researchAndDevelopmentExpenses": 0,
    "generalAndAdministrativeExpenses": 0,
    "sellingAndMarketingExpenses": 0,
    "sellingGeneralAndAdministrativeExpenses": 4000000,
    "otherExpenses": 982000000,
    "operatingExpenses": 986000000,
    "costAndExpenses": 986000000,
    "interestIncome": 0,
    "interestExpense": 14000000,
    "depreciationAndAmortization": 11000000,
    "ebitda": 123000000,
    "ebitdaratio": 0.1247464503,
    "operatingIncome": 112000000,
    "operatingIncomeRatio": 0.1135902637,
    "totalOtherIncomeExpensesNet": 0,
    "incomeBeforeTax": 112000000,
    "incomeBeforeTaxRatio": 0.1135902637,
    "incomeTaxExpense": 26000000,
    "netIncome": 86000000,
    "netIncomeRatio": 0.0872210953,
    "eps": 0.53,
    "epsdiluted": 0.53,
    "weightedAverageShsOut": 162277000,
    "weightedAverageShsOutDil": 163145000,
    "link": "https://www.sec.gov/Archives/edgar/data/20286/000114420412024089/0001144204-12-024089-index.htm",
    "finalLink": "https://www.sec.gov/Archives/edgar/data/20286/000114420412024089/v309050_10q.htm"
  },
  {
    "date": "2011-12-31",
    "symbol": "CINF",
    "reportedCurrency": "USD",
    "cik": "0000020286",
    "fillingDate": "2012-02-29",
    "acceptedDate": "2012-02-29 15:04:13",
    "calendarYear": "2011",
    "period": "Q4",
    "revenue": 955000000,
    "costOfRevenue": -2835000000,
    "grossProfit": 3790000000,
    "grossProfitRatio": 3.9685863874,
    "researchAndDevelopmentExpenses": 0,
    "generalAndAdministrativeExpenses": 0,
    "sellingAndMarketingExpenses": 0,
    "sellingGeneralAndAdministrativeExpenses": 3000000,
    "otherExpenses": 955000000,
    "operatingExpenses": 955000000,
    "costAndExpenses": 955000000,
    "interestIncome": 0,
    "interestExpense": 14000000,
    "depreciationAndAmortization": -38000000,
    "ebitda": 162000000,
    "ebitdaratio": 0.1696335079,
    "operatingIncome": -14000000,
    "operatingIncomeRatio": -0.0146596859,
    "totalOtherIncomeExpensesNet": 200000000,
    "incomeBeforeTax": 186000000,
    "incomeBeforeTaxRatio": 0.1947643979,
    "incomeTaxExpense": 52000000,
    "netIncome": 134000000,
    "netIncomeRatio": 0.1403141361,
    "eps": 0.83,
    "epsdiluted": 0.83,
    "weightedAverageShsOut": 162679294,
    "weightedAverageShsOutDil": 162679294,
    "link": "https://www.sec.gov/Archives/edgar/data/20286/000114420412011957/0001144204-12-011957-index.htm",
    "finalLink": "https://www.sec.gov/Archives/edgar/data/20286/000114420412011957/v239554_10k.htm"
  },
  {
    "date": "2011-09-30",
    "symbol": "CINF",
    "reportedCurrency": "USD",
    "cik": "0000020286",
    "fillingDate": "2011-10-27",
    "acceptedDate": "2011-10-27 16:31:51",
    "calendarYear": "2011",
    "period": "Q3",
    "revenue": 944000000,
    "costOfRevenue": 4000000,
    "grossProfit": 940000000,
    "grossProfitRatio": 0.9957627119,
    "researchAndDevelopmentExpenses": 0,
    "generalAndAdministrativeExpenses": 0,
    "sellingAndMarketingExpenses": 0,
    "sellingGeneralAndAdministrativeExpenses": 0,
    "otherExpenses": 944000000,
    "operatingExpenses": 944000000,
    "costAndExpenses": 933000000,
    "interestIncome": 0,
    "interestExpense": 13000000,
    "depreciationAndAmortization": 15000000,
    "ebitda": 26000000,
    "ebitdaratio": 0.0275423729,
    "operatingIncome": 11000000,
    "operatingIncomeRatio": 0.0116525424,
    "totalOtherIncomeExpensesNet": 0,
    "incomeBeforeTax": 11000000,
    "incomeBeforeTaxRatio": 0.0116525424,
    "incomeTaxExpense": -8000000,
    "netIncome": 19000000,
    "netIncomeRatio": 0.0201271186,
    "eps": 0.12,
    "epsdiluted": 0.12,
    "weightedAverageShsOut": 162538000,
    "weightedAverageShsOutDil": 163086000,
    "link": "https://www.sec.gov/Archives/edgar/data/20286/000114420411059805/0001144204-11-059805-index.htm",
    "finalLink": "https://www.sec.gov/Archives/edgar/data/20286/000114420411059805/v237330_10q.htm"
  },
  {
    "date": "2011-06-30",
    "symbol": "CINF",
    "reportedCurrency": "USD",
    "cik": "0000020286",
    "fillingDate": "2011-07-27",
    "acceptedDate": "2011-07-27 16:31:03",
    "calendarYear": "2011",
    "period": "Q2",
    "revenue": 975000000,
    "costOfRevenue": 6000000,
    "grossProfit": 969000000,
    "grossProfitRatio": 0.9938461538,
    "researchAndDevelopmentExpenses": 0,
    "generalAndAdministrativeExpenses": 0,
    "sellingAndMarketingExpenses": 0,
    "sellingGeneralAndAdministrativeExpenses": 0,
    "otherExpenses": 975000000,
    "operatingExpenses": 975000000,
    "costAndExpenses": 975000000,
    "interestIncome": 0,
    "interestExpense": 14000000,
    "depreciationAndAmortization": 12000000,
    "ebitda": -85000000,
    "ebitdaratio": -0.0871794872,
    "operatingIncome": -97000000,
    "operatingIncomeRatio": -0.0994871795,
    "totalOtherIncomeExpensesNet": -2000000,
    "incomeBeforeTax": -99000000,
    "incomeBeforeTaxRatio": -0.1015384615,
    "incomeTaxExpense": -49000000,
    "netIncome": -50000000,
    "netIncomeRatio": -0.0512820513,
    "eps": -0.3,
    "epsdiluted": -0.31,
    "weightedAverageShsOut": 163069000,
    "weightedAverageShsOutDil": 163069000,
    "link": "https://www.sec.gov/Archives/edgar/data/20286/000114420411042390/0001144204-11-042390-index.htm",
    "finalLink": "https://www.sec.gov/Archives/edgar/data/20286/000114420411042390/v225535_10q.htm"
  },
  {
    "date": "2011-03-31",
    "symbol": "CINF",
    "reportedCurrency": "USD",
    "cik": "0000020286",
    "fillingDate": "2011-04-27",
    "acceptedDate": "2011-04-27 16:56:00",
    "calendarYear": "2011",
    "period": "Q1",
    "revenue": 929000000,
    "costOfRevenue": 4000000,
    "grossProfit": 925000000,
    "grossProfitRatio": 0.9956942949,
    "researchAndDevelopmentExpenses": 0,
    "generalAndAdministrativeExpenses": 0,
    "sellingAndMarketingExpenses": 0,
    "sellingGeneralAndAdministrativeExpenses": 4000000,
    "otherExpenses": 925000000,
    "operatingExpenses": 929000000,
    "costAndExpenses": 929000000,
    "interestIncome": 0,
    "interestExpense": 13000000,
    "depreciationAndAmortization": 11000000,
    "ebitda": 87000000,
    "ebitdaratio": 0.093649085,
    "operatingIncome": 76000000,
    "operatingIncomeRatio": 0.0818083961,
    "totalOtherIncomeExpensesNet": -1000000,
    "incomeBeforeTax": 75000000,
    "incomeBeforeTaxRatio": 0.0807319699,
    "incomeTaxExpense": 14000000,
    "netIncome": 61000000,
    "netIncomeRatio": 0.0656620022,
    "eps": 0.38,
    "epsdiluted": 0.38,
    "weightedAverageShsOut": 162940000,
    "weightedAverageShsOutDil": 163670000,
    "link": "https://www.sec.gov/Archives/edgar/data/20286/000114420411024317/0001144204-11-024317-index.htm",
    "finalLink": "https://www.sec.gov/Archives/edgar/data/20286/000114420411024317/v217903_10q.htm"
  },
  {
    "date": "2010-12-31",
    "symbol": "CINF",
    "reportedCurrency": "USD",
    "cik": "0000020286",
    "fillingDate": "2011-02-25",
    "acceptedDate": "2011-02-25 16:54:26",
    "calendarYear": "2010",
    "period": "Q4",
    "revenue": 936000000,
    "costOfRevenue": -2820000000,
    "grossProfit": 3756000000,
    "grossProfitRatio": 4.0128205128,
    "researchAndDevelopmentExpenses": 0,
    "generalAndAdministrativeExpenses": 0,
    "sellingAndMarketingExpenses": 0,
    "sellingGeneralAndAdministrativeExpenses": -11000000,
    "otherExpenses": 936000000,
    "operatingExpenses": 936000000,
    "costAndExpenses": 936000000,
    "interestIncome": 0,
    "interestExpense": 14000000,
    "depreciationAndAmortization": -30000000,
    "ebitda": 158000000,
    "ebitdaratio": 0.1688034188,
    "operatingIncome": -14000000,
    "operatingIncomeRatio": -0.014957265,
    "totalOtherIncomeExpensesNet": 188000000,
    "incomeBeforeTax": 174000000,
    "incomeBeforeTaxRatio": 0.1858974359,
    "incomeTaxExpense": 48000000,
    "netIncome": 126000000,
    "netIncomeRatio": 0.1346153846,
    "eps": 0.77,
    "epsdiluted": 0.77,
    "weightedAverageShsOut": 161357116,
    "weightedAverageShsOutDil": 163175682,
    "link": "https://www.sec.gov/Archives/edgar/data/20286/000114420411011090/0001144204-11-011090-index.htm",
    "finalLink": "https://www.sec.gov/Archives/edgar/data/20286/000114420411011090/v212346_10k.htm"
  },
  {
    "date": "2010-09-30",
    "symbol": "CINF",
    "reportedCurrency": "USD",
    "cik": "0000020286",
    "fillingDate": "2010-10-27",
    "acceptedDate": "2010-10-27 16:51:28",
    "calendarYear": "2010",
    "period": "Q3",
    "revenue": 1071000000,
    "costOfRevenue": 4000000,
    "grossProfit": 1067000000,
    "grossProfitRatio": 0.9962651727,
    "researchAndDevelopmentExpenses": 0,
    "generalAndAdministrativeExpenses": 0,
    "sellingAndMarketingExpenses": 0,
    "sellingGeneralAndAdministrativeExpenses": 4000000,
    "otherExpenses": 1067000000,
    "operatingExpenses": 1071000000,
    "costAndExpenses": 1071000000,
    "interestIncome": 0,
    "interestExpense": 13000000,
    "depreciationAndAmortization": 13000000,
    "ebitda": 234000000,
    "ebitdaratio": 0.218487395,
    "operatingIncome": 221000000,
    "operatingIncomeRatio": 0.2063492063,
    "totalOtherIncomeExpensesNet": 0,
    "incomeBeforeTax": 221000000,
    "incomeBeforeTaxRatio": 0.2063492063,
    "incomeTaxExpense": 65000000,
    "netIncome": 156000000,
    "netIncomeRatio": 0.1456582633,
    "eps": 0.95,
    "epsdiluted": 0.95,
    "weightedAverageShsOut": 163175682,
    "weightedAverageShsOutDil": 163175682,
    "link": "https://www.sec.gov/Archives/edgar/data/20286/000114420410055835/0001144204-10-055835-index.htm",
    "finalLink": "https://www.sec.gov/Archives/edgar/data/20286/000114420410055835/v199897_10q.htm"
  },
  {
    "date": "2010-06-30",
    "symbol": "CINF",
    "reportedCurrency": "USD",
    "cik": "0000020286",
    "fillingDate": "2010-07-29",
    "acceptedDate": "2010-07-28 19:05:51",
    "calendarYear": "2010",
    "period": "Q2",
    "revenue": 878000000,
    "costOfRevenue": 3000000,
    "grossProfit": 875000000,
    "grossProfitRatio": 0.9965831435,
    "researchAndDevelopmentExpenses": 0,
    "generalAndAdministrativeExpenses": 0,
    "sellingAndMarketingExpenses": 0,
    "sellingGeneralAndAdministrativeExpenses": 3000000,
    "otherExpenses": 875000000,
    "operatingExpenses": 878000000,
    "costAndExpenses": 857000000,
    "interestIncome": 0,
    "interestExpense": 13000000,
    "depreciationAndAmortization": 7000000,
    "ebitda": 28000000,
    "ebitdaratio": 0.0318906606,
    "operatingIncome": 21000000,
    "operatingIncomeRatio": 0.0239179954,
    "totalOtherIncomeExpensesNet": 0,
    "incomeBeforeTax": 21000000,
    "incomeBeforeTaxRatio": 0.0239179954,
    "incomeTaxExpense": -6000000,
    "netIncome": 27000000,
    "netIncomeRatio": 0.0307517084,
    "eps": 0.17,
    "epsdiluted": 0.17,
    "weightedAverageShsOut": 163310451,
    "weightedAverageShsOutDil": 163310451,
    "link": "https://www.sec.gov/Archives/edgar/data/20286/000114420410039885/0001144204-10-039885-index.htm",
    "finalLink": "https://www.sec.gov/Archives/edgar/data/20286/000114420410039885/v191493_10q.htm"
  },
  {
    "date": "2010-03-31",
    "symbol": "CINF",
    "reportedCurrency": "USD",
    "cik": "0000020286",
    "fillingDate": "2010-04-28",
    "acceptedDate": "2010-04-28 16:46:34",
    "calendarYear": "2010",
    "period": "Q1",
    "revenue": 887000000,
    "costOfRevenue": 4000000,
    "grossProfit": 883000000,
    "grossProfitRatio": 0.9954904171,
    "researchAndDevelopmentExpenses": 0,
    "generalAndAdministrativeExpenses": 0,
    "sellingAndMarketingExpenses": 0,
    "sellingGeneralAndAdministrativeExpenses": 4000000,
    "otherExpenses": 883000000,
    "operatingExpenses": 887000000,
    "costAndExpenses": 887000000,
    "interestIncome": 0,
    "interestExpense": 14000000,
    "depreciationAndAmortization": 10000000,
    "ebitda": 95000000,
    "ebitdaratio": 0.107102593,
    "operatingIncome": 85000000,
    "operatingIncomeRatio": 0.0958286359,
    "totalOtherIncomeExpensesNet": 0,
    "incomeBeforeTax": 85000000,
    "incomeBeforeTaxRatio": 0.0958286359,
    "incomeTaxExpense": 17000000,
    "netIncome": 68000000,
    "netIncomeRatio": 0.0766629087,
    "eps": 0.42,
    "epsdiluted": 0.42,
    "weightedAverageShsOut": 163310451,
    "weightedAverageShsOutDil": 163310451,
    "link": "https://www.sec.gov/Archives/edgar/data/20286/000114420410022715/0001144204-10-022715-index.htm",
    "finalLink": "https://www.sec.gov/Archives/edgar/data/20286/000114420410022715/v182149_10-q.htm"
  },
  {
    "date": "2009-12-31",
    "symbol": "CINF",
    "reportedCurrency": "USD",
    "cik": "0000020286",
    "fillingDate": "2010-02-26",
    "acceptedDate": "2010-02-26 11:24:12",
    "calendarYear": "2009",
    "period": "Q4",
    "revenue": 1133000000,
    "costOfRevenue": -2750000000,
    "grossProfit": 3883000000,
    "grossProfitRatio": 3.427184466,
    "researchAndDevelopmentExpenses": 0,
    "generalAndAdministrativeExpenses": 158000000,
    "sellingAndMarketingExpenses": -152000000,
    "sellingGeneralAndAdministrativeExpenses": 6000000,
    "otherExpenses": 1127000000,
    "operatingExpenses": 1133000000,
    "costAndExpenses": 1133000000,
    "interestIncome": 0,
    "interestExpense": 13000000,
    "depreciationAndAmortization": -21000000,
    "ebitda": 346000000,
    "ebitdaratio": 0.3053839365,
    "operatingIncome": -13000000,
    "operatingIncomeRatio": -0.0114739629,
    "totalOtherIncomeExpensesNet": 368000000,
    "incomeBeforeTax": 355000000,
    "incomeBeforeTaxRatio": 0.3133274492,
    "incomeTaxExpense": 110000000,
    "netIncome": 245000000,
    "netIncomeRatio": 0.2162400706,
    "eps": 1.5,
    "epsdiluted": 1.5,
    "weightedAverageShsOut": 161995863,
    "weightedAverageShsOutDil": 162901396,
    "link": "https://www.sec.gov/Archives/edgar/data/20286/000114420410010174/0001144204-10-010174-index.htm",
    "finalLink": "https://www.sec.gov/Archives/edgar/data/20286/000114420410010174/v175306_10k.htm"
  },
  {
    "date": "2009-09-30",
    "symbol": "CINF",
    "reportedCurrency": "USD",
    "cik": "0000020286",
    "fillingDate": "2009-10-29",
    "acceptedDate": "2009-10-29 08:07:53",
    "calendarYear": "2009",
    "period": "Q3",
    "revenue": 1007000000,
    "costOfRevenue": 4000000,
    "grossProfit": 1003000000,
    "grossProfitRatio": 0.9960278054,
    "researchAndDevelopmentExpenses": 0,
    "generalAndAdministrativeExpenses": 0,
    "sellingAndMarketingExpenses": 0,
    "sellingGeneralAndAdministrativeExpenses": 4000000,
    "otherExpenses": 1003000000,
    "operatingExpenses": 1007000000,
    "costAndExpenses": 1007000000,
    "interestIncome": 0,
    "interestExpense": 14000000,
    "depreciationAndAmortization": 7000000,
    "ebitda": 251000000,
    "ebitdaratio": 0.2492552135,
    "operatingIncome": 244000000,
    "operatingIncomeRatio": 0.2423038729,
    "totalOtherIncomeExpensesNet": 0,
    "incomeBeforeTax": 244000000,
    "incomeBeforeTaxRatio": 0.2423038729,
    "incomeTaxExpense": 73000000,
    "netIncome": 171000000,
    "netIncomeRatio": 0.1698113208,
    "eps": 1.05,
    "epsdiluted": 1.05,
    "weightedAverageShsOut": 162901396,
    "weightedAverageShsOutDil": 162901396,
    "link": "https://www.sec.gov/Archives/edgar/data/20286/000095012309054521/0000950123-09-054521-index.htm",
    "finalLink": "https://www.sec.gov/Archives/edgar/data/20286/000095012309054521/l37872e10vq.htm"
  },
  {
    "date": "2009-06-30",
    "symbol": "CINF",
    "reportedCurrency": "USD",
    "cik": "0000020286",
    "fillingDate": "2009-08-07",
    "acceptedDate": "2009-08-07 14:19:48",
    "calendarYear": "2009",
    "period": "Q2",
    "revenue": 874000000,
    "costOfRevenue": 4000000,
    "grossProfit": 870000000,
    "grossProfitRatio": 0.995423341,
    "researchAndDevelopmentExpenses": 0,
    "generalAndAdministrativeExpenses": 0,
    "sellingAndMarketingExpenses": 0,
    "sellingGeneralAndAdministrativeExpenses": 4000000,
    "otherExpenses": 870000000,
    "operatingExpenses": 874000000,
    "costAndExpenses": 874000000,
    "interestIncome": 0,
    "interestExpense": 14000000,
    "depreciationAndAmortization": 6000000,
    "ebitda": -44000000,
    "ebitdaratio": -0.0503432494,
    "operatingIncome": -50000000,
    "operatingIncomeRatio": -0.057208238,
    "totalOtherIncomeExpensesNet": 0,
    "incomeBeforeTax": -50000000,
    "incomeBeforeTaxRatio": -0.057208238,
    "incomeTaxExpense": -31000000,
    "netIncome": -19000000,
    "netIncomeRatio": -0.0217391304,
    "eps": -0.12,
    "epsdiluted": -0.12,
    "weightedAverageShsOut": 162663625,
    "weightedAverageShsOutDil": 162663625,
    "link": "https://www.sec.gov/Archives/edgar/data/20286/000095012309031962/0000950123-09-031962-index.htm",
    "finalLink": "https://www.sec.gov/Archives/edgar/data/20286/000095012309031962/l37139e10vq.htm"
  },
  {
    "date": "2009-03-31",
    "symbol": "CINF",
    "reportedCurrency": "USD",
    "cik": "0000020286",
    "fillingDate": "2009-04-30",
    "acceptedDate": "2009-04-30 08:10:26",
    "calendarYear": "2009",
    "period": "Q1",
    "revenue": 890000000,
    "costOfRevenue": 99000000,
    "grossProfit": 791000000,
    "grossProfitRatio": 0.8887640449,
    "researchAndDevelopmentExpenses": 0,
    "generalAndAdministrativeExpenses": 99000000,
    "sellingAndMarketingExpenses": 152000000,
    "sellingGeneralAndAdministrativeExpenses": 251000000,
    "otherExpenses": 884000000,
    "operatingExpenses": 890000000,
    "costAndExpenses": 890000000,
    "interestIncome": 0,
    "interestExpense": 14000000,
    "depreciationAndAmortization": 8000000,
    "ebitda": 42000000,
    "ebitdaratio": 0.0471910112,
    "operatingIncome": 34000000,
    "operatingIncomeRatio": 0.0382022472,
    "totalOtherIncomeExpensesNet": 0,
    "incomeBeforeTax": 34000000,
    "incomeBeforeTaxRatio": 0.0382022472,
    "incomeTaxExpense": -1000000,
    "netIncome": 35000000,
    "netIncomeRatio": 0.0393258427,
    "eps": 0.22,
    "epsdiluted": 0.22,
    "weightedAverageShsOut": 162663625,
    "weightedAverageShsOutDil": 162663625,
    "link": "https://www.sec.gov/Archives/edgar/data/20286/000095015209004408/0000950152-09-004408-index.htm",
    "finalLink": "https://www.sec.gov/Archives/edgar/data/20286/000095015209004408/l36267ae10vq.htm"
  },
  {
    "date": "2008-12-31",
    "symbol": "CINF",
    "reportedCurrency": "USD",
    "cik": "0000020286",
    "fillingDate": "2009-02-27",
    "acceptedDate": "2009-02-27 13:02:39",
    "calendarYear": "2008",
    "period": "Q4",
    "revenue": 1018000000,
    "costOfRevenue": 0,
    "grossProfit": 1018000000,
    "grossProfitRatio": 1,
    "researchAndDevelopmentExpenses": 0,
    "generalAndAdministrativeExpenses": 119000000,
    "sellingAndMarketingExpenses": 148000000,
    "sellingGeneralAndAdministrativeExpenses": 267000000,
    "otherExpenses": 751000000,
    "operatingExpenses": 1018000000,
    "costAndExpenses": 1018000000,
    "interestIncome": 0,
    "interestExpense": 14000000,
    "depreciationAndAmortization": 5000000,
    "ebitda": 225000000,
    "ebitdaratio": 0.221021611,
    "operatingIncome": -14000000,
    "operatingIncomeRatio": -0.0137524558,
    "totalOtherIncomeExpensesNet": 234000000,
    "incomeBeforeTax": 220000000,
    "incomeBeforeTaxRatio": 0.2161100196,
    "incomeTaxExpense": 59000000,
    "netIncome": 161000000,
    "netIncomeRatio": 0.1581532417,
    "eps": 0.98,
    "epsdiluted": 0.98,
    "weightedAverageShsOut": 161098827,
    "weightedAverageShsOutDil": 164242185,
    "link": "https://www.sec.gov/Archives/edgar/data/20286/000095015209001908/0000950152-09-001908-index.htm",
    "finalLink": "https://www.sec.gov/Archives/edgar/data/20286/000095015209001908/l35496ae10vk.htm"
  },
  {
    "date": "2008-09-30",
    "symbol": "CINF",
    "reportedCurrency": "USD",
    "cik": "0000020286",
    "fillingDate": "2008-10-29",
    "acceptedDate": "2008-10-29 07:32:19",
    "calendarYear": "2008",
    "period": "Q3",
    "revenue": 1186000000,
    "costOfRevenue": 108000000,
    "grossProfit": 1078000000,
    "grossProfitRatio": 0.9089376054,
    "researchAndDevelopmentExpenses": 0,
    "generalAndAdministrativeExpenses": 0,
    "sellingAndMarketingExpenses": 0,
    "sellingGeneralAndAdministrativeExpenses": 5000000,
    "otherExpenses": 1181000000,
    "operatingExpenses": 1186000000,
    "costAndExpenses": 1186000000,
    "interestIncome": 0,
    "interestExpense": 14000000,
    "depreciationAndAmortization": 8000000,
    "ebitda": 364000000,
    "ebitdaratio": 0.3069139966,
    "operatingIncome": -14000000,
    "operatingIncomeRatio": -0.0118043845,
    "totalOtherIncomeExpensesNet": 370000000,
    "incomeBeforeTax": 356000000,
    "incomeBeforeTaxRatio": 0.3001686341,
    "incomeTaxExpense": 109000000,
    "netIncome": 247000000,
    "netIncomeRatio": 0.2082630691,
    "eps": 1.51,
    "epsdiluted": 1.5,
    "weightedAverageShsOut": 164242185,
    "weightedAverageShsOutDil": 164242185,
    "link": "https://www.sec.gov/Archives/edgar/data/20286/000095015208008305/0000950152-08-008305-index.htm",
    "finalLink": "https://www.sec.gov/Archives/edgar/data/20286/000095015208008305/l34226ae10vq.htm"
  },
  {
    "date": "2008-06-30",
    "symbol": "CINF",
    "reportedCurrency": "USD",
    "cik": "0000020286",
    "fillingDate": "2008-08-06",
    "acceptedDate": "2008-08-06 08:01:20",
    "calendarYear": "2008",
    "period": "Q2",
    "revenue": 917000000,
    "costOfRevenue": 93000000,
    "grossProfit": 824000000,
    "grossProfitRatio": 0.8985823337,
    "researchAndDevelopmentExpenses": 0,
    "generalAndAdministrativeExpenses": 93000000,
    "sellingAndMarketingExpenses": 148000000,
    "sellingGeneralAndAdministrativeExpenses": 241000000,
    "otherExpenses": 911000000,
    "operatingExpenses": 917000000,
    "costAndExpenses": 917000000,
    "interestIncome": 0,
    "interestExpense": 13000000,
    "depreciationAndAmortization": 11000000,
    "ebitda": 75000000,
    "ebitdaratio": 0.0817884406,
    "operatingIncome": 64000000,
    "operatingIncomeRatio": 0.0697928026,
    "totalOtherIncomeExpensesNet": 0,
    "incomeBeforeTax": 64000000,
    "incomeBeforeTaxRatio": 0.0697928026,
    "incomeTaxExpense": 1000000,
    "netIncome": 63000000,
    "netIncomeRatio": 0.0687022901,
    "eps": 0.38,
    "epsdiluted": 0.38,
    "weightedAverageShsOut": 165044463,
    "weightedAverageShsOutDil": 165044463,
    "link": "https://www.sec.gov/Archives/edgar/data/20286/000095015208006047/0000950152-08-006047-index.htm",
    "finalLink": "https://www.sec.gov/Archives/edgar/data/20286/000095015208006047/l32719ae10vq.htm"
  },
  {
    "date": "2008-03-31",
    "symbol": "CINF",
    "reportedCurrency": "USD",
    "cik": "0000020286",
    "fillingDate": "2008-04-30",
    "acceptedDate": "2008-04-30 08:18:15",
    "calendarYear": "2008",
    "period": "Q1",
    "revenue": 704000000,
    "costOfRevenue": 91000000,
    "grossProfit": 613000000,
    "grossProfitRatio": 0.8707386364,
    "researchAndDevelopmentExpenses": 0,
    "generalAndAdministrativeExpenses": 91000000,
    "sellingAndMarketingExpenses": 150000000,
    "sellingGeneralAndAdministrativeExpenses": 241000000,
    "otherExpenses": 463000000,
    "operatingExpenses": 704000000,
    "costAndExpenses": 804000000,
    "interestIncome": 0,
    "interestExpense": 12000000,
    "depreciationAndAmortization": 8000000,
    "ebitda": -92000000,
    "ebitdaratio": -0.1306818182,
    "operatingIncome": -100000000,
    "operatingIncomeRatio": -0.1420454545,
    "totalOtherIncomeExpensesNet": 0,
    "incomeBeforeTax": -100000000,
    "incomeBeforeTaxRatio": -0.1420454545,
    "incomeTaxExpense": -58000000,
    "netIncome": -42000000,
    "netIncomeRatio": -0.0596590909,
    "eps": -0.26,
    "epsdiluted": -0.26,
    "weightedAverageShsOut": 165105311,
    "weightedAverageShsOutDil": 165105311,
    "link": "https://www.sec.gov/Archives/edgar/data/20286/000095015208003198/0000950152-08-003198-index.htm",
    "finalLink": "https://www.sec.gov/Archives/edgar/data/20286/000095015208003198/l31258ae10vq.htm"
  },
  {
    "date": "2007-12-31",
    "symbol": "CINF",
    "reportedCurrency": "USD",
    "cik": "0000020286",
    "fillingDate": "2008-02-29",
    "acceptedDate": "2008-02-29 11:02:37",
    "calendarYear": "2007",
    "period": "Q4",
    "revenue": 976000000,
    "costOfRevenue": 0,
    "grossProfit": 976000000,
    "grossProfitRatio": 1,
    "researchAndDevelopmentExpenses": 0,
    "generalAndAdministrativeExpenses": 96000000,
    "sellingAndMarketingExpenses": 158000000,
    "sellingGeneralAndAdministrativeExpenses": 254000000,
    "otherExpenses": 722000000,
    "operatingExpenses": 976000000,
    "costAndExpenses": 976000000,
    "interestIncome": 0,
    "interestExpense": 13000000,
    "depreciationAndAmortization": 10000000,
    "ebitda": 263000000,
    "ebitdaratio": 0.2694672131,
    "operatingIncome": 253000000,
    "operatingIncomeRatio": 0.2592213115,
    "totalOtherIncomeExpensesNet": 0,
    "incomeBeforeTax": 253000000,
    "incomeBeforeTaxRatio": 0.2592213115,
    "incomeTaxExpense": 67000000,
    "netIncome": 186000000,
    "netIncomeRatio": 0.1905737705,
    "eps": 1.08,
    "epsdiluted": 1.08,
    "weightedAverageShsOut": 172399539,
    "weightedAverageShsOutDil": 172399539,
    "link": "https://www.sec.gov/Archives/edgar/data/20286/000095015208001543/0000950152-08-001543-index.htm",
    "finalLink": "https://www.sec.gov/Archives/edgar/data/20286/000095015208001543/l30304ae10vk.htm"
  },
  {
    "date": "2007-09-30",
    "symbol": "CINF",
    "reportedCurrency": "USD",
    "cik": "0000020286",
    "fillingDate": "2007-11-05",
    "acceptedDate": "2007-11-05 10:42:57",
    "calendarYear": "2007",
    "period": "Q3",
    "revenue": 982000000,
    "costOfRevenue": 90000000,
    "grossProfit": 892000000,
    "grossProfitRatio": 0.9083503055,
    "researchAndDevelopmentExpenses": 0,
    "generalAndAdministrativeExpenses": 90000000,
    "sellingAndMarketingExpenses": 136000000,
    "sellingGeneralAndAdministrativeExpenses": 226000000,
    "otherExpenses": 756000000,
    "operatingExpenses": 982000000,
    "costAndExpenses": 822000000,
    "interestIncome": 0,
    "interestExpense": 13000000,
    "depreciationAndAmortization": 10000000,
    "ebitda": 170000000,
    "ebitdaratio": 0.1731160896,
    "operatingIncome": 160000000,
    "operatingIncomeRatio": 0.1629327902,
    "totalOtherIncomeExpensesNet": 0,
    "incomeBeforeTax": 160000000,
    "incomeBeforeTaxRatio": 0.1629327902,
    "incomeTaxExpense": 36000000,
    "netIncome": 124000000,
    "netIncomeRatio": 0.1262729124,
    "eps": 0.72,
    "epsdiluted": 0.72,
    "weightedAverageShsOut": 172399539,
    "weightedAverageShsOutDil": 172399539,
    "link": "https://www.sec.gov/Archives/edgar/data/20286/000095015207008552/0000950152-07-008552-index.htm",
    "finalLink": "https://www.sec.gov/Archives/edgar/data/20286/000095015207008552/l28489ae10vq.htm"
  },
  {
    "date": "2007-06-30",
    "symbol": "CINF",
    "reportedCurrency": "USD",
    "cik": "0000020286",
    "fillingDate": "2007-08-07",
    "acceptedDate": "2007-08-07 07:41:38",
    "calendarYear": "2007",
    "period": "Q2",
    "revenue": 1270000000,
    "costOfRevenue": 87000000,
    "grossProfit": 1183000000,
    "grossProfitRatio": 0.931496063,
    "researchAndDevelopmentExpenses": 0,
    "generalAndAdministrativeExpenses": 87000000,
    "sellingAndMarketingExpenses": 160000000,
    "sellingGeneralAndAdministrativeExpenses": 247000000,
    "otherExpenses": 1023000000,
    "operatingExpenses": 1270000000,
    "costAndExpenses": 1270000000,
    "interestIncome": 0,
    "interestExpense": 13000000,
    "depreciationAndAmortization": 9000000,
    "ebitda": 517000000,
    "ebitdaratio": 0.4070866142,
    "operatingIncome": -13000000,
    "operatingIncomeRatio": -0.0102362205,
    "totalOtherIncomeExpensesNet": 521000000,
    "incomeBeforeTax": 508000000,
    "incomeBeforeTaxRatio": 0.4,
    "incomeTaxExpense": 157000000,
    "netIncome": 351000000,
    "netIncomeRatio": 0.2763779528,
    "eps": 2.04,
    "epsdiluted": 2.02,
    "weightedAverageShsOut": 173423572,
    "weightedAverageShsOutDil": 173762376,
    "link": "https://www.sec.gov/Archives/edgar/data/20286/000095015207006446/0000950152-07-006446-index.htm",
    "finalLink": "https://www.sec.gov/Archives/edgar/data/20286/000095015207006446/l27270ae10vq.htm"
  },
  {
    "date": "2007-03-31",
    "symbol": "CINF",
    "reportedCurrency": "USD",
    "cik": "0000020286",
    "fillingDate": "2007-05-02",
    "acceptedDate": "2007-05-02 07:30:58",
    "calendarYear": "2007",
    "period": "Q1",
    "revenue": 1031000000,
    "costOfRevenue": 88000000,
    "grossProfit": 943000000,
    "grossProfitRatio": 0.9146459748,
    "researchAndDevelopmentExpenses": 0,
    "generalAndAdministrativeExpenses": 88000000,
    "sellingAndMarketingExpenses": 170000000,
    "sellingGeneralAndAdministrativeExpenses": 258000000,
    "otherExpenses": 773000000,
    "operatingExpenses": 1031000000,
    "costAndExpenses": 1031000000,
    "interestIncome": 0,
    "interestExpense": 13000000,
    "depreciationAndAmortization": 7000000,
    "ebitda": 278000000,
    "ebitdaratio": 0.2696411251,
    "operatingIncome": 271000000,
    "operatingIncomeRatio": 0.2628516004,
    "totalOtherIncomeExpensesNet": 0,
    "incomeBeforeTax": 271000000,
    "incomeBeforeTaxRatio": 0.2628516004,
    "incomeTaxExpense": 77000000,
    "netIncome": 194000000,
    "netIncomeRatio": 0.1881668283,
    "eps": 1.12,
    "epsdiluted": 1.11,
    "weightedAverageShsOut": 174274157,
    "weightedAverageShsOutDil": 174774775,
    "link": "https://www.sec.gov/Archives/edgar/data/20286/000095015207003818/0000950152-07-003818-index.htm",
    "finalLink": "https://www.sec.gov/Archives/edgar/data/20286/000095015207003818/l25934ae10vq.htm"
  },
  {
    "date": "2006-12-31",
    "symbol": "CINF",
    "reportedCurrency": "USD",
    "cik": "0000020286",
    "fillingDate": "2007-02-28",
    "acceptedDate": "2007-02-28 16:46:10",
    "calendarYear": "2006",
    "period": "Q4",
    "revenue": 994000000,
    "costOfRevenue": 0,
    "grossProfit": 994000000,
    "grossProfitRatio": 1,
    "researchAndDevelopmentExpenses": 0,
    "generalAndAdministrativeExpenses": 111000000,
    "sellingAndMarketingExpenses": 152000000,
    "sellingGeneralAndAdministrativeExpenses": 263000000,
    "otherExpenses": 731000000,
    "operatingExpenses": 994000000,
    "costAndExpenses": 994000000,
    "interestIncome": 0,
    "interestExpense": 14000000,
    "depreciationAndAmortization": 12000000,
    "ebitda": 184000000,
    "ebitdaratio": 0.185110664,
    "operatingIncome": 172000000,
    "operatingIncomeRatio": 0.1730382294,
    "totalOtherIncomeExpensesNet": 0,
    "incomeBeforeTax": 172000000,
    "incomeBeforeTaxRatio": 0.1730382294,
    "incomeTaxExpense": 42000000,
    "netIncome": 130000000,
    "netIncomeRatio": 0.1307847082,
    "eps": 0.74,
    "epsdiluted": 0.74,
    "weightedAverageShsOut": 167065732,
    "weightedAverageShsOutDil": 175260063,
    "link": "https://www.sec.gov/Archives/edgar/data/20286/000095015207001625/0000950152-07-001625-index.htm",
    "finalLink": "https://www.sec.gov/Archives/edgar/data/20286/000095015207001625/l24955ae10vk.htm"
  },
  {
    "date": "2006-09-30",
    "symbol": "CINF",
    "reportedCurrency": "USD",
    "cik": "0000020286",
    "fillingDate": "2006-11-01",
    "acceptedDate": "2006-11-01 07:42:59",
    "calendarYear": "2006",
    "period": "Q3",
    "revenue": 967000000,
    "costOfRevenue": 0,
    "grossProfit": 967000000,
    "grossProfitRatio": 1,
    "researchAndDevelopmentExpenses": 0,
    "generalAndAdministrativeExpenses": 87000000,
    "sellingAndMarketingExpenses": 156000000,
    "sellingGeneralAndAdministrativeExpenses": 239000000,
    "otherExpenses": 724000000,
    "operatingExpenses": 967000000,
    "costAndExpenses": 967000000,
    "interestIncome": 0,
    "interestExpense": 13000000,
    "depreciationAndAmortization": 10000000,
    "ebitda": 158000000,
    "ebitdaratio": 0.1633919338,
    "operatingIncome": 148000000,
    "operatingIncomeRatio": 0.1530506722,
    "totalOtherIncomeExpensesNet": 0,
    "incomeBeforeTax": 148000000,
    "incomeBeforeTaxRatio": 0.1530506722,
    "incomeTaxExpense": 33000000,
    "netIncome": 115000000,
    "netIncomeRatio": 0.1189245088,
    "eps": 0.67,
    "epsdiluted": 0.66,
    "weightedAverageShsOut": 175260063,
    "weightedAverageShsOutDil": 175260063,
    "link": "https://www.sec.gov/Archives/edgar/data/20286/000095015206008631/0000950152-06-008631-index.htm",
    "finalLink": "https://www.sec.gov/Archives/edgar/data/20286/000095015206008631/l22574ae10vq.htm"
  },
  {
    "date": "2006-06-30",
    "symbol": "CINF",
    "reportedCurrency": "USD",
    "cik": "0000020286",
    "fillingDate": "2006-08-02",
    "acceptedDate": "2006-08-02 07:49:56",
    "calendarYear": "2006",
    "period": "Q2",
    "revenue": 981000000,
    "costOfRevenue": 79000000,
    "grossProfit": 902000000,
    "grossProfitRatio": 0.9194699286,
    "researchAndDevelopmentExpenses": 0,
    "generalAndAdministrativeExpenses": 84000000,
    "sellingAndMarketingExpenses": 156000000,
    "sellingGeneralAndAdministrativeExpenses": 235000000,
    "otherExpenses": 741000000,
    "operatingExpenses": 981000000,
    "costAndExpenses": 806000000,
    "interestIncome": 0,
    "interestExpense": 13000000,
    "depreciationAndAmortization": 8000000,
    "ebitda": 183000000,
    "ebitdaratio": 0.1865443425,
    "operatingIncome": 175000000,
    "operatingIncomeRatio": 0.1783893986,
    "totalOtherIncomeExpensesNet": 0,
    "incomeBeforeTax": 175000000,
    "incomeBeforeTaxRatio": 0.1783893986,
    "incomeTaxExpense": 43000000,
    "netIncome": 132000000,
    "netIncomeRatio": 0.1345565749,
    "eps": 0.77,
    "epsdiluted": 0.76,
    "weightedAverageShsOut": 175022367,
    "weightedAverageShsOutDil": 175022367,
    "link": "https://www.sec.gov/Archives/edgar/data/20286/000095015206006355/0000950152-06-006355-index.htm",
    "finalLink": "https://www.sec.gov/Archives/edgar/data/20286/000095015206006355/l21643ae10vq.htm"
  },
  {
    "date": "2006-03-31",
    "symbol": "CINF",
    "reportedCurrency": "USD",
    "cik": "0000020286",
    "fillingDate": "2006-05-03",
    "acceptedDate": "2006-05-03 15:08:35",
    "calendarYear": "2006",
    "period": "Q1",
    "revenue": 1607000000,
    "costOfRevenue": 80000000,
    "grossProfit": 1527000000,
    "grossProfitRatio": 0.9502177971,
    "researchAndDevelopmentExpenses": 0,
    "generalAndAdministrativeExpenses": 83000000,
    "sellingAndMarketingExpenses": 166000000,
    "sellingGeneralAndAdministrativeExpenses": 246000000,
    "otherExpenses": 1358000000,
    "operatingExpenses": 1607000000,
    "costAndExpenses": 1607000000,
    "interestIncome": 0,
    "interestExpense": 13000000,
    "depreciationAndAmortization": 8000000,
    "ebitda": 842000000,
    "ebitdaratio": 0.5239576851,
    "operatingIncome": -13000000,
    "operatingIncomeRatio": -0.008089608,
    "totalOtherIncomeExpensesNet": 847000000,
    "incomeBeforeTax": 834000000,
    "incomeBeforeTaxRatio": 0.5189794648,
    "incomeTaxExpense": 282000000,
    "netIncome": 552000000,
    "netIncomeRatio": 0.3434971998,
    "eps": 3.17,
    "epsdiluted": 3.13,
    "weightedAverageShsOut": 176127404,
    "weightedAverageShsOutDil": 176357827,
    "link": "https://www.sec.gov/Archives/edgar/data/20286/000095015206003809/0000950152-06-003809-index.htm",
    "finalLink": "https://www.sec.gov/Archives/edgar/data/20286/000095015206003809/l20131ae10vq.htm"
  },
  {
    "date": "2005-12-31",
    "symbol": "CINF",
    "reportedCurrency": "USD",
    "cik": "0000020286",
    "fillingDate": "2006-03-16",
    "acceptedDate": "2006-03-16 08:32:15",
    "calendarYear": "2005",
    "period": "Q4",
    "revenue": 966000000,
    "costOfRevenue": 0,
    "grossProfit": 966000000,
    "grossProfitRatio": 1,
    "researchAndDevelopmentExpenses": 0,
    "generalAndAdministrativeExpenses": 0,
    "sellingAndMarketingExpenses": 0,
    "sellingGeneralAndAdministrativeExpenses": 0,
    "otherExpenses": 966000000,
    "operatingExpenses": 966000000,
    "costAndExpenses": 705000000,
    "interestIncome": 0,
    "interestExpense": 12000000,
    "depreciationAndAmortization": 11000000,
    "ebitda": 272000000,
    "ebitdaratio": 0.281573499,
    "operatingIncome": 261000000,
    "operatingIncomeRatio": 0.2701863354,
    "totalOtherIncomeExpensesNet": 0,
    "incomeBeforeTax": 261000000,
    "incomeBeforeTaxRatio": 0.2701863354,
    "incomeTaxExpense": 78000000,
    "netIncome": 183000000,
    "netIncomeRatio": 0.1894409938,
    "eps": 1.05,
    "epsdiluted": 1.05,
    "weightedAverageShsOut": 174626866,
    "weightedAverageShsOutDil": 174626866,
    "link": "https://www.sec.gov/Archives/edgar/data/20286/000095015206002155/0000950152-06-002155-index.htm",
    "finalLink": "https://www.sec.gov/Archives/edgar/data/20286/000095015206002155/l19146ae10vkza.htm"
  },
  {
    "date": "2005-09-30",
    "symbol": "CINF",
    "reportedCurrency": "USD",
    "cik": "0000020286",
    "fillingDate": "2005-11-02",
    "acceptedDate": "2005-11-02 07:31:36",
    "calendarYear": "2005",
    "period": "Q3",
    "revenue": 944000000,
    "costOfRevenue": 0,
    "grossProfit": 944000000,
    "grossProfitRatio": 1,
    "researchAndDevelopmentExpenses": 0,
    "generalAndAdministrativeExpenses": 74000000,
    "sellingAndMarketingExpenses": 160000000,
    "sellingGeneralAndAdministrativeExpenses": 234000000,
    "otherExpenses": 710000000,
    "operatingExpenses": 944000000,
    "costAndExpenses": 944000000,
    "interestIncome": 0,
    "interestExpense": 13000000,
    "depreciationAndAmortization": 8000000,
    "ebitda": 159000000,
    "ebitdaratio": 0.1684322034,
    "operatingIncome": 151000000,
    "operatingIncomeRatio": 0.1599576271,
    "totalOtherIncomeExpensesNet": 0,
    "incomeBeforeTax": 151000000,
    "incomeBeforeTaxRatio": 0.1599576271,
    "incomeTaxExpense": 34000000,
    "netIncome": 117000000,
    "netIncomeRatio": 0.123940678,
    "eps": 0.67,
    "epsdiluted": 0.66,
    "weightedAverageShsOut": 176806267,
    "weightedAverageShsOutDil": 177272727,
    "link": "https://www.sec.gov/Archives/edgar/data/20286/000095015205008627/0000950152-05-008627-index.htm",
    "finalLink": "https://www.sec.gov/Archives/edgar/data/20286/000095015205008627/l16396ae10vq.htm"
  },
  {
    "date": "2005-06-30",
    "symbol": "CINF",
    "reportedCurrency": "USD",
    "cik": "0000020286",
    "fillingDate": "2005-08-04",
    "acceptedDate": "2005-08-04 07:31:24",
    "calendarYear": "2005",
    "period": "Q2",
    "revenue": 940000000,
    "costOfRevenue": 72000000,
    "grossProfit": 868000000,
    "grossProfitRatio": 0.9234042553,
    "researchAndDevelopmentExpenses": 0,
    "generalAndAdministrativeExpenses": 72000000,
    "sellingAndMarketingExpenses": 166000000,
    "sellingGeneralAndAdministrativeExpenses": 238000000,
    "otherExpenses": 702000000,
    "operatingExpenses": 940000000,
    "costAndExpenses": 940000000,
    "interestIncome": 0,
    "interestExpense": 13000000,
    "depreciationAndAmortization": 7000000,
    "ebitda": 222000000,
    "ebitdaratio": 0.2361702128,
    "operatingIncome": 215000000,
    "operatingIncomeRatio": 0.2287234043,
    "totalOtherIncomeExpensesNet": 0,
    "incomeBeforeTax": 215000000,
    "incomeBeforeTaxRatio": 0.2287234043,
    "incomeTaxExpense": 57000000,
    "netIncome": 158000000,
    "netIncomeRatio": 0.1680851064,
    "eps": 0.9,
    "epsdiluted": 0.89,
    "weightedAverageShsOut": 177097493,
    "weightedAverageShsOutDil": 177528090,
    "link": "https://www.sec.gov/Archives/edgar/data/20286/000095015205006467/0000950152-05-006467-index.htm",
    "finalLink": "https://www.sec.gov/Archives/edgar/data/20286/000095015205006467/l15347ae10vq.htm"
  },
  {
    "date": "2005-03-31",
    "symbol": "CINF",
    "reportedCurrency": "USD",
    "cik": "0000020286",
    "fillingDate": "2005-05-09",
    "acceptedDate": "2005-05-09 17:29:24",
    "calendarYear": "2005",
    "period": "Q1",
    "revenue": 916000000,
    "costOfRevenue": 67000000,
    "grossProfit": 849000000,
    "grossProfitRatio": 0.9268558952,
    "researchAndDevelopmentExpenses": 0,
    "generalAndAdministrativeExpenses": 67000000,
    "sellingAndMarketingExpenses": 150000000,
    "sellingGeneralAndAdministrativeExpenses": 217000000,
    "otherExpenses": 699000000,
    "operatingExpenses": 916000000,
    "costAndExpenses": 916000000,
    "interestIncome": 0,
    "interestExpense": 13000000,
    "depreciationAndAmortization": 7000000,
    "ebitda": 202000000,
    "ebitdaratio": 0.2205240175,
    "operatingIncome": 195000000,
    "operatingIncomeRatio": 0.2128820961,
    "totalOtherIncomeExpensesNet": 0,
    "incomeBeforeTax": 195000000,
    "incomeBeforeTaxRatio": 0.2128820961,
    "incomeTaxExpense": 51000000,
    "netIncome": 144000000,
    "netIncomeRatio": 0.1572052402,
    "eps": 0.82,
    "epsdiluted": 0.81,
    "weightedAverageShsOut": 177857161,
    "weightedAverageShsOutDil": 177857161,
    "link": "https://www.sec.gov/Archives/edgar/data/20286/000095015205004176/0000950152-05-004176-index.htm",
    "finalLink": "https://www.sec.gov/Archives/edgar/data/20286/000095015205004176/l13767ae10vq.htm"
  },
  {
    "date": "2004-12-31",
    "symbol": "CINF",
    "reportedCurrency": "USD",
    "cik": "0000020286",
    "fillingDate": "2005-03-14",
    "acceptedDate": "2005-03-11 17:56:32",
    "calendarYear": "2004",
    "period": "Q4",
    "revenue": 942000000,
    "costOfRevenue": 0,
    "grossProfit": 942000000,
    "grossProfitRatio": 1,
    "researchAndDevelopmentExpenses": 0,
    "generalAndAdministrativeExpenses": 68000000,
    "sellingAndMarketingExpenses": 147000000,
    "sellingGeneralAndAdministrativeExpenses": 215000000,
    "otherExpenses": 727000000,
    "operatingExpenses": 942000000,
    "costAndExpenses": 942000000,
    "interestIncome": 0,
    "interestExpense": 11000000,
    "depreciationAndAmortization": 5000000,
    "ebitda": 276000000,
    "ebitdaratio": 0.2929936306,
    "operatingIncome": 271000000,
    "operatingIncomeRatio": 0.2876857749,
    "totalOtherIncomeExpensesNet": 0,
    "incomeBeforeTax": 271000000,
    "incomeBeforeTaxRatio": 0.2876857749,
    "incomeTaxExpense": 79000000,
    "netIncome": 192000000,
    "netIncomeRatio": 0.2038216561,
    "eps": 1.1,
    "epsdiluted": 1.1,
    "weightedAverageShsOut": 175000000,
    "weightedAverageShsOutDil": 175000000,
    "link": "https://www.sec.gov/Archives/edgar/data/20286/000095015205002027/0000950152-05-002027-index.htm",
    "finalLink": "https://www.sec.gov/Archives/edgar/data/20286/000095015205002027/l12577ae10vk.htm"
  },
  {
    "date": "2004-09-30",
    "symbol": "CINF",
    "reportedCurrency": "USD",
    "cik": "0000020286",
    "fillingDate": "2004-11-08",
    "acceptedDate": "2004-11-08 14:05:06",
    "calendarYear": "2004",
    "period": "Q3",
    "revenue": 879000000,
    "costOfRevenue": 63000000,
    "grossProfit": 816000000,
    "grossProfitRatio": 0.9283276451,
    "researchAndDevelopmentExpenses": 0,
    "generalAndAdministrativeExpenses": 63000000,
    "sellingAndMarketingExpenses": 157000000,
    "sellingGeneralAndAdministrativeExpenses": 220000000,
    "otherExpenses": 659000000,
    "operatingExpenses": 879000000,
    "costAndExpenses": 879000000,
    "interestIncome": 0,
    "interestExpense": 11000000,
    "depreciationAndAmortization": 16000000,
    "ebitda": 129000000,
    "ebitdaratio": 0.1467576792,
    "operatingIncome": 113000000,
    "operatingIncomeRatio": 0.1285551763,
    "totalOtherIncomeExpensesNet": 0,
    "incomeBeforeTax": 113000000,
    "incomeBeforeTaxRatio": 0.1285551763,
    "incomeTaxExpense": 23000000,
    "netIncome": 90000000,
    "netIncomeRatio": 0.1023890785,
    "eps": 0.51,
    "epsdiluted": 0.5,
    "weightedAverageShsOut": 176470588,
    "weightedAverageShsOutDil": 180000000,
    "link": "https://www.sec.gov/Archives/edgar/data/20286/000095015204008035/0000950152-04-008035-index.htm",
    "finalLink": "https://www.sec.gov/Archives/edgar/data/20286/000095015204008035/l10422ae10vq.htm"
  },
  {
    "date": "2004-06-30",
    "symbol": "CINF",
    "reportedCurrency": "USD",
    "cik": "0000020286",
    "fillingDate": "2004-08-09",
    "acceptedDate": "2004-08-09 10:11:44",
    "calendarYear": "2004",
    "period": "Q2",
    "revenue": 923000000,
    "costOfRevenue": 67000000,
    "grossProfit": 856000000,
    "grossProfitRatio": 0.9274106176,
    "researchAndDevelopmentExpenses": 0,
    "generalAndAdministrativeExpenses": 67000000,
    "sellingAndMarketingExpenses": 150000000,
    "sellingGeneralAndAdministrativeExpenses": 217000000,
    "otherExpenses": 706000000,
    "operatingExpenses": 923000000,
    "costAndExpenses": 923000000,
    "interestIncome": 0,
    "interestExpense": 9000000,
    "depreciationAndAmortization": -1000000,
    "ebitda": 213000000,
    "ebitdaratio": 0.2307692308,
    "operatingIncome": 214000000,
    "operatingIncomeRatio": 0.2318526544,
    "totalOtherIncomeExpensesNet": 0,
    "incomeBeforeTax": 214000000,
    "incomeBeforeTaxRatio": 0.2318526544,
    "incomeTaxExpense": 59000000,
    "netIncome": 155000000,
    "netIncomeRatio": 0.1679306609,
    "eps": 0.88,
    "epsdiluted": 0.87,
    "weightedAverageShsOut": 176136364,
    "weightedAverageShsOutDil": 178160920,
    "link": "https://www.sec.gov/Archives/edgar/data/20286/000095015204006022/0000950152-04-006022-index.htm",
    "finalLink": "https://www.sec.gov/Archives/edgar/data/20286/000095015204006022/l09001ae10vq.htm"
  },
  {
    "date": "2004-03-31",
    "symbol": "CINF",
    "reportedCurrency": "USD",
    "cik": "0000020286",
    "fillingDate": "2004-05-07",
    "acceptedDate": "2004-05-07 16:29:00",
    "calendarYear": "2004",
    "period": "Q1",
    "revenue": 870000000,
    "costOfRevenue": 62000000,
    "grossProfit": 808000000,
    "grossProfitRatio": 0.9287356322,
    "researchAndDevelopmentExpenses": 0,
    "generalAndAdministrativeExpenses": 62000000,
    "sellingAndMarketingExpenses": 161000000,
    "sellingGeneralAndAdministrativeExpenses": 223000000,
    "otherExpenses": 647000000,
    "operatingExpenses": 870000000,
    "costAndExpenses": 870000000,
    "interestIncome": 0,
    "interestExpense": 8000000,
    "depreciationAndAmortization": 8000000,
    "ebitda": 209000000,
    "ebitdaratio": 0.2402298851,
    "operatingIncome": 201000000,
    "operatingIncomeRatio": 0.2310344828,
    "totalOtherIncomeExpensesNet": 0,
    "incomeBeforeTax": 201000000,
    "incomeBeforeTaxRatio": 0.2310344828,
    "incomeTaxExpense": 55000000,
    "netIncome": 146000000,
    "netIncomeRatio": 0.167816092,
    "eps": 0.83,
    "epsdiluted": 0.82,
    "weightedAverageShsOut": 175903614,
    "weightedAverageShsOutDil": 178048780,
    "link": "https://www.sec.gov/Archives/edgar/data/20286/000095015204003751/0000950152-04-003751-index.htm",
    "finalLink": "https://www.sec.gov/Archives/edgar/data/20286/000095015204003751/l07437ae10vq.htm"
  },
  {
    "date": "2003-12-31",
    "symbol": "CINF",
    "reportedCurrency": "USD",
    "cik": "0000020286",
    "fillingDate": "2004-03-11",
    "acceptedDate": "2004-03-11 15:11:53",
    "calendarYear": "2003",
    "period": "Q4",
    "revenue": 839000000,
    "costOfRevenue": -2138000000,
    "grossProfit": 2977000000,
    "grossProfitRatio": 3.5482717521,
    "researchAndDevelopmentExpenses": 0,
    "generalAndAdministrativeExpenses": 62000000,
    "sellingAndMarketingExpenses": 134000000,
    "sellingGeneralAndAdministrativeExpenses": 196000000,
    "otherExpenses": 650000000,
    "operatingExpenses": 839000000,
    "costAndExpenses": 839000000,
    "interestIncome": 0,
    "interestExpense": 9000000,
    "depreciationAndAmortization": -20000000,
    "ebitda": 161000000,
    "ebitdaratio": 0.1918951132,
    "operatingIncome": -9000000,
    "operatingIncomeRatio": -0.010727056,
    "totalOtherIncomeExpensesNet": 179000000,
    "incomeBeforeTax": 170000000,
    "incomeBeforeTaxRatio": 0.2026221692,
    "incomeTaxExpense": 41000000,
    "netIncome": 129000000,
    "netIncomeRatio": 0.1537544696,
    "eps": 0.73,
    "epsdiluted": 0.73,
    "weightedAverageShsOut": 176400000,
    "weightedAverageShsOutDil": 176400000,
    "link": "https://www.sec.gov/Archives/edgar/data/20286/000095015204001818/0000950152-04-001818-index.htm",
    "finalLink": "https://www.sec.gov/Archives/edgar/data/20286/000095015204001818/l05798ae10vk.htm"
  },
  {
    "date": "2003-09-30",
    "symbol": "CINF",
    "reportedCurrency": "USD",
    "cik": "0000020286",
    "fillingDate": "2003-11-13",
    "acceptedDate": "2003-11-13 15:27:40",
    "calendarYear": "2003",
    "period": "Q3",
    "revenue": 836000000,
    "costOfRevenue": 32000000,
    "grossProfit": 804000000,
    "grossProfitRatio": 0.961722488,
    "researchAndDevelopmentExpenses": 0,
    "generalAndAdministrativeExpenses": 32000000,
    "sellingAndMarketingExpenses": 143000000,
    "sellingGeneralAndAdministrativeExpenses": 175000000,
    "otherExpenses": 661000000,
    "operatingExpenses": 836000000,
    "costAndExpenses": 836000000,
    "interestIncome": 0,
    "interestExpense": 8000000,
    "depreciationAndAmortization": 6000000,
    "ebitda": 143000000,
    "ebitdaratio": 0.1710526316,
    "operatingIncome": 137000000,
    "operatingIncomeRatio": 0.1638755981,
    "totalOtherIncomeExpensesNet": 0,
    "incomeBeforeTax": 137000000,
    "incomeBeforeTaxRatio": 0.1638755981,
    "incomeTaxExpense": 33000000,
    "netIncome": 104000000,
    "netIncomeRatio": 0.1244019139,
    "eps": 0.59,
    "epsdiluted": 0.58,
    "weightedAverageShsOut": 176129032,
    "weightedAverageShsOutDil": 179016393,
    "link": "https://www.sec.gov/Archives/edgar/data/20286/000095015203009684/0000950152-03-009684-index.htm",
    "finalLink": "https://www.sec.gov/Archives/edgar/data/20286/000095015203009684/l03879ae10vq.htm"
  },
  {
    "date": "2003-06-30",
    "symbol": "CINF",
    "reportedCurrency": "USD",
    "cik": "0000020286",
    "fillingDate": "2003-08-14",
    "acceptedDate": "2003-08-14 13:19:45",
    "calendarYear": "2003",
    "period": "Q2",
    "revenue": 798000000,
    "costOfRevenue": 57000000,
    "grossProfit": 741000000,
    "grossProfitRatio": 0.9285714286,
    "researchAndDevelopmentExpenses": 0,
    "generalAndAdministrativeExpenses": 57000000,
    "sellingAndMarketingExpenses": 128000000,
    "sellingGeneralAndAdministrativeExpenses": 185000000,
    "otherExpenses": 613000000,
    "operatingExpenses": 798000000,
    "costAndExpenses": 691000000,
    "interestIncome": 0,
    "interestExpense": 8000000,
    "depreciationAndAmortization": 7000000,
    "ebitda": 114000000,
    "ebitdaratio": 0.1428571429,
    "operatingIncome": 107000000,
    "operatingIncomeRatio": 0.134085213,
    "totalOtherIncomeExpensesNet": 0,
    "incomeBeforeTax": 107000000,
    "incomeBeforeTaxRatio": 0.134085213,
    "incomeTaxExpense": 23000000,
    "netIncome": 84000000,
    "netIncomeRatio": 0.1052631579,
    "eps": 0.48,
    "epsdiluted": 0.48,
    "weightedAverageShsOut": 176400000,
    "weightedAverageShsOutDil": 176400000,
    "link": "https://www.sec.gov/Archives/edgar/data/20286/000095015203007712/0000950152-03-007712-index.htm",
    "finalLink": "https://www.sec.gov/Archives/edgar/data/20286/000095015203007712/l02247ae10vq.htm"
  },
  {
    "date": "2003-03-31",
    "symbol": "CINF",
    "reportedCurrency": "USD",
    "cik": "0000020286",
    "fillingDate": "2003-05-14",
    "acceptedDate": "2003-05-14 17:07:48",
    "calendarYear": "2003",
    "period": "Q1",
    "revenue": 707000000,
    "costOfRevenue": 0,
    "grossProfit": 707000000,
    "grossProfitRatio": 1,
    "researchAndDevelopmentExpenses": 0,
    "generalAndAdministrativeExpenses": 53000000,
    "sellingAndMarketingExpenses": 132000000,
    "sellingGeneralAndAdministrativeExpenses": 185000000,
    "otherExpenses": 522000000,
    "operatingExpenses": 707000000,
    "costAndExpenses": 707000000,
    "interestIncome": 0,
    "interestExpense": 8000000,
    "depreciationAndAmortization": 7000000,
    "ebitda": 72000000,
    "ebitdaratio": 0.1018387553,
    "operatingIncome": 65000000,
    "operatingIncomeRatio": 0.0919377652,
    "totalOtherIncomeExpensesNet": 0,
    "incomeBeforeTax": 65000000,
    "incomeBeforeTaxRatio": 0.0919377652,
    "incomeTaxExpense": 8000000,
    "netIncome": 57000000,
    "netIncomeRatio": 0.0806223479,
    "eps": 0.32,
    "epsdiluted": 0.32,
    "weightedAverageShsOut": 179550000,
    "weightedAverageShsOutDil": 179550000,
    "link": "https://www.sec.gov/Archives/edgar/data/20286/000095015203005508/0000950152-03-005508-index.htm",
    "finalLink": "https://www.sec.gov/Archives/edgar/data/20286/000095015203005508/l01000ae10vq.htm"
  },
  {
    "date": "2002-12-31",
    "symbol": "CINF",
    "reportedCurrency": "USD",
    "cik": "0000020286",
    "fillingDate": "2003-03-14",
    "acceptedDate": "2003-03-14 10:08:43",
    "calendarYear": "2002",
    "period": "Q4",
    "revenue": 722000000,
    "costOfRevenue": -1919000000,
    "grossProfit": 2641000000,
    "grossProfitRatio": 3.6578947368,
    "researchAndDevelopmentExpenses": 0,
    "generalAndAdministrativeExpenses": 52000000,
    "sellingAndMarketingExpenses": 127000000,
    "sellingGeneralAndAdministrativeExpenses": 179000000,
    "otherExpenses": 543000000,
    "operatingExpenses": 722000000,
    "costAndExpenses": 658000000,
    "interestIncome": 0,
    "interestExpense": 9000000,
    "depreciationAndAmortization": 8000000,
    "ebitda": 59000000,
    "ebitdaratio": 0.0817174515,
    "operatingIncome": -9000000,
    "operatingIncomeRatio": -0.012465374,
    "totalOtherIncomeExpensesNet": 73000000,
    "incomeBeforeTax": 64000000,
    "incomeBeforeTaxRatio": 0.0886426593,
    "incomeTaxExpense": 8000000,
    "netIncome": 56000000,
    "netIncomeRatio": 0.0775623269,
    "eps": 0.31,
    "epsdiluted": 0.31,
    "weightedAverageShsOut": 178566835,
    "weightedAverageShsOutDil": 178566835,
    "link": "https://www.sec.gov/Archives/edgar/data/20286/000095015203002920/0000950152-03-002920-index.htm",
    "finalLink": "https://www.sec.gov/Archives/edgar/data/20286/000095015203002920/l99504ae10vk.htm"
  },
  {
    "date": "2002-09-30",
    "symbol": "CINF",
    "reportedCurrency": "USD",
    "cik": "0000020286",
    "fillingDate": "2002-11-14",
    "acceptedDate": "2002-11-14 19:04:41",
    "calendarYear": "2002",
    "period": "Q3",
    "revenue": 731000000,
    "costOfRevenue": 0,
    "grossProfit": 731000000,
    "grossProfitRatio": 1,
    "researchAndDevelopmentExpenses": 0,
    "generalAndAdministrativeExpenses": 53000000,
    "sellingAndMarketingExpenses": 120000000,
    "sellingGeneralAndAdministrativeExpenses": 173000000,
    "otherExpenses": 558000000,
    "operatingExpenses": 731000000,
    "costAndExpenses": 731000000,
    "interestIncome": 0,
    "interestExpense": 9000000,
    "depreciationAndAmortization": 2000000,
    "ebitda": 92000000,
    "ebitdaratio": 0.1258549932,
    "operatingIncome": 90000000,
    "operatingIncomeRatio": 0.123119015,
    "totalOtherIncomeExpensesNet": 0,
    "incomeBeforeTax": 90000000,
    "incomeBeforeTaxRatio": 0.123119015,
    "incomeTaxExpense": 18000000,
    "netIncome": 72000000,
    "netIncomeRatio": 0.098495212,
    "eps": 0.4,
    "epsdiluted": 0.4,
    "weightedAverageShsOut": 180409091,
    "weightedAverageShsOutDil": 180409091,
    "link": "https://www.sec.gov/Archives/edgar/data/20286/000095015202008533/0000950152-02-008533-index.htm",
    "finalLink": "https://www.sec.gov/Archives/edgar/data/20286/000095015202008533/l97230ae10vq.txt"
  },
  {
    "date": "2002-06-30",
    "symbol": "CINF",
    "reportedCurrency": "USD",
    "cik": "0000020286",
    "fillingDate": "2002-08-13",
    "acceptedDate": "2002-08-13 14:47:41",
    "calendarYear": "2002",
    "period": "Q2",
    "revenue": 703000000,
    "costOfRevenue": 0,
    "grossProfit": 703000000,
    "grossProfitRatio": 1,
    "researchAndDevelopmentExpenses": 0,
    "generalAndAdministrativeExpenses": 47000000,
    "sellingAndMarketingExpenses": 113000000,
    "sellingGeneralAndAdministrativeExpenses": 160000000,
    "otherExpenses": 543000000,
    "operatingExpenses": 703000000,
    "costAndExpenses": 703000000,
    "interestIncome": 0,
    "interestExpense": 9000000,
    "depreciationAndAmortization": 6000000,
    "ebitda": 37000000,
    "ebitdaratio": 0.0526315789,
    "operatingIncome": 31000000,
    "operatingIncomeRatio": 0.0440967283,
    "totalOtherIncomeExpensesNet": 0,
    "incomeBeforeTax": 31000000,
    "incomeBeforeTaxRatio": 0.0440967283,
    "incomeTaxExpense": -4000000,
    "netIncome": 35000000,
    "netIncomeRatio": 0.0497866287,
    "eps": 0.2,
    "epsdiluted": 0.19,
    "weightedAverageShsOut": 175397727,
    "weightedAverageShsOutDil": 183750000,
    "link": "https://www.sec.gov/Archives/edgar/data/20286/000095015202006264/0000950152-02-006264-index.htm",
    "finalLink": "https://www.sec.gov/Archives/edgar/data/20286/000095015202006264/l95841ae10vq.txt"
  },
  {
    "date": "2002-03-31",
    "symbol": "CINF",
    "reportedCurrency": "USD",
    "cik": "0000020286",
    "fillingDate": "2002-05-10",
    "acceptedDate": "2002-05-10 10:39:19",
    "calendarYear": "2002",
    "period": "Q1",
    "revenue": 687000000,
    "costOfRevenue": 0,
    "grossProfit": 687000000,
    "grossProfitRatio": 1,
    "researchAndDevelopmentExpenses": 0,
    "generalAndAdministrativeExpenses": 49000000,
    "sellingAndMarketingExpenses": 112000000,
    "sellingGeneralAndAdministrativeExpenses": 161000000,
    "otherExpenses": 526000000,
    "operatingExpenses": 687000000,
    "costAndExpenses": 687000000,
    "interestIncome": 0,
    "interestExpense": 9000000,
    "depreciationAndAmortization": 6000000,
    "ebitda": 99000000,
    "ebitdaratio": 0.1441048035,
    "operatingIncome": 93000000,
    "operatingIncomeRatio": 0.135371179,
    "totalOtherIncomeExpensesNet": 0,
    "incomeBeforeTax": 93000000,
    "incomeBeforeTaxRatio": 0.135371179,
    "incomeTaxExpense": 18000000,
    "netIncome": 75000000,
    "netIncomeRatio": 0.1091703057,
    "eps": 0.43,
    "epsdiluted": 0.42,
    "weightedAverageShsOut": 175930851,
    "weightedAverageShsOutDil": 179755435,
    "link": "https://www.sec.gov/Archives/edgar/data/20286/000095015202003991/0000950152-02-003991-index.htm",
    "finalLink": "https://www.sec.gov/Archives/edgar/data/20286/000095015202003991/l94457ae10-q.txt"
  },
  {
    "date": "2001-12-31",
    "symbol": "CINF",
    "reportedCurrency": "USD",
    "cik": "0000020286",
    "fillingDate": "2002-03-27",
    "acceptedDate": "2002-03-27 00:00:00",
    "calendarYear": "2001",
    "period": "Q4",
    "revenue": 653858000,
    "costOfRevenue": 0,
    "grossProfit": 653858000,
    "grossProfitRatio": 1,
    "researchAndDevelopmentExpenses": 0,
    "generalAndAdministrativeExpenses": 48372000,
    "sellingAndMarketingExpenses": 95444000,
    "sellingGeneralAndAdministrativeExpenses": 143816000,
    "otherExpenses": 510042000,
    "operatingExpenses": 653858000,
    "costAndExpenses": 653858000,
    "interestIncome": 0,
    "interestExpense": 8838000,
    "depreciationAndAmortization": 6169000,
    "ebitda": 44812000,
    "ebitdaratio": 0.0685347583,
    "operatingIncome": 38643000,
    "operatingIncomeRatio": 0.0590999881,
    "totalOtherIncomeExpensesNet": 0,
    "incomeBeforeTax": 38643000,
    "incomeBeforeTaxRatio": 0.0590999881,
    "incomeTaxExpense": 2964000,
    "netIncome": 35679000,
    "netIncomeRatio": 0.0545668937,
    "eps": 0.2,
    "epsdiluted": 0.2,
    "weightedAverageShsOut": 175685590,
    "weightedAverageShsOutDil": 178605000,
    "link": "https://www.sec.gov/Archives/edgar/data/20286/000095015202002433/0000950152-02-002433-index.htm",
    "finalLink": "https://www.sec.gov/Archives/edgar/data/20286/000095015202002433/l93455ae10-k.txt"
  },
  {
    "date": "2001-09-30",
    "symbol": "CINF",
    "reportedCurrency": "USD",
    "cik": "0000020286",
    "fillingDate": "2001-11-13",
    "acceptedDate": "2001-11-13 00:00:00",
    "calendarYear": "2001",
    "period": "Q3",
    "revenue": 643870000,
    "costOfRevenue": 0,
    "grossProfit": 643870000,
    "grossProfitRatio": 1,
    "researchAndDevelopmentExpenses": 0,
    "generalAndAdministrativeExpenses": 41000000,
    "sellingAndMarketingExpenses": 99951000,
    "sellingGeneralAndAdministrativeExpenses": 140388000,
    "otherExpenses": 503000000,
    "operatingExpenses": 644000000,
    "costAndExpenses": 644000000,
    "interestIncome": 0,
    "interestExpense": 10000000,
    "depreciationAndAmortization": 0,
    "ebitda": 0,
    "ebitdaratio": 0,
    "operatingIncome": -9699000,
    "operatingIncomeRatio": -0.0150635998,
    "totalOtherIncomeExpensesNet": 44000000,
    "incomeBeforeTax": 34301000,
    "incomeBeforeTaxRatio": 0.0532731763,
    "incomeTaxExpense": -1440000,
    "netIncome": 36000000,
    "netIncomeRatio": 0.0559119077,
    "eps": 0.21,
    "epsdiluted": 0.2,
    "weightedAverageShsOut": 175603020,
    "weightedAverageShsOutDil": 178435662,
    "link": "https://www.sec.gov/Archives/edgar/data/20286/000095015201505718/0000950152-01-505718-index.htm",
    "finalLink": "https://www.sec.gov/Archives/edgar/data/20286/000095015201505718/l91348ae10-q.txt"
  },
  {
    "date": "2001-06-30",
    "symbol": "CINF",
    "reportedCurrency": "USD",
    "cik": "0000020286",
    "fillingDate": "2001-08-13",
    "acceptedDate": "2001-08-13 00:00:00",
    "calendarYear": "2001",
    "period": "Q2",
    "revenue": 645000000,
    "costOfRevenue": -389000,
    "grossProfit": 645389000,
    "grossProfitRatio": 1.0006031008,
    "researchAndDevelopmentExpenses": 0,
    "generalAndAdministrativeExpenses": 49328000,
    "sellingAndMarketingExpenses": 102000000,
    "sellingGeneralAndAdministrativeExpenses": 151000000,
    "otherExpenses": 494000000,
    "operatingExpenses": 645000000,
    "costAndExpenses": 645000000,
    "interestIncome": 0,
    "interestExpense": 10000000,
    "depreciationAndAmortization": 5513000,
    "ebitda": 56677000,
    "ebitdaratio": 0.0878713178,
    "operatingIncome": 51164000,
    "operatingIncomeRatio": 0.079324031,
    "totalOtherIncomeExpensesNet": 0,
    "incomeBeforeTax": 51164000,
    "incomeBeforeTaxRatio": 0.079324031,
    "incomeTaxExpense": 2197000,
    "netIncome": 49000000,
    "netIncomeRatio": 0.0759689922,
    "eps": 0.27,
    "epsdiluted": 0.27,
    "weightedAverageShsOut": 177502500,
    "weightedAverageShsOutDil": 180810000,
    "link": "https://www.sec.gov/Archives/edgar/data/20286/000095015201503774/0000950152-01-503774-index.htm",
    "finalLink": "https://www.sec.gov/Archives/edgar/data/20286/000095015201503774/l89896ae10-q.txt"
  },
  {
    "date": "2001-03-31",
    "symbol": "CINF",
    "reportedCurrency": "USD",
    "cik": "0000020286",
    "fillingDate": "2001-05-08",
    "acceptedDate": "2001-05-08 00:00:00",
    "calendarYear": "2001",
    "period": "Q1",
    "revenue": 617882000,
    "costOfRevenue": 0,
    "grossProfit": 617882000,
    "grossProfitRatio": 1,
    "researchAndDevelopmentExpenses": 0,
    "generalAndAdministrativeExpenses": 46000000,
    "sellingAndMarketingExpenses": 94000000,
    "sellingGeneralAndAdministrativeExpenses": 140000000,
    "otherExpenses": 478000000,
    "operatingExpenses": 618000000,
    "costAndExpenses": 618000000,
    "interestIncome": 0,
    "interestExpense": 10000000,
    "depreciationAndAmortization": 7000000,
    "ebitda": 104006000,
    "ebitdaratio": 0.1683266384,
    "operatingIncome": 96892000,
    "operatingIncomeRatio": 0.1568131132,
    "totalOtherIncomeExpensesNet": 0,
    "incomeBeforeTax": 96892000,
    "incomeBeforeTaxRatio": 0.1568131132,
    "incomeTaxExpense": 24000000,
    "netIncome": 73000000,
    "netIncomeRatio": 0.1181455359,
    "eps": 0.41,
    "epsdiluted": 0.4,
    "weightedAverageShsOut": 179707500,
    "weightedAverageShsOutDil": 183015000,
    "link": "https://www.sec.gov/Archives/edgar/data/20286/000095015201501577/0000950152-01-501577-index.htm",
    "finalLink": "https://www.sec.gov/Archives/edgar/data/20286/000095015201501577/l88239ae10-q.txt"
  },
  {
    "date": "2000-12-31",
    "symbol": "CINF",
    "reportedCurrency": "USD",
    "cik": "0000020286",
    "fillingDate": "2001-03-22",
    "acceptedDate": "2001-03-22 00:00:00",
    "calendarYear": "2000",
    "period": "Q4",
    "revenue": 581127000,
    "costOfRevenue": 0,
    "grossProfit": 581127000,
    "grossProfitRatio": 1,
    "researchAndDevelopmentExpenses": 0,
    "generalAndAdministrativeExpenses": 49832000,
    "sellingAndMarketingExpenses": 91251000,
    "sellingGeneralAndAdministrativeExpenses": 141083000,
    "otherExpenses": 440044000,
    "operatingExpenses": 581127000,
    "costAndExpenses": 581127000,
    "interestIncome": 0,
    "interestExpense": 7593000,
    "depreciationAndAmortization": 5823000,
    "ebitda": -76950000,
    "ebitdaratio": -0.1324151175,
    "operatingIncome": -82773000,
    "operatingIncomeRatio": -0.1424353024,
    "totalOtherIncomeExpensesNet": 0,
    "incomeBeforeTax": -82773000,
    "incomeBeforeTaxRatio": -0.1424353024,
    "incomeTaxExpense": -41504000,
    "netIncome": -41269000,
    "netIncomeRatio": -0.0710154579,
    "eps": -0.23,
    "epsdiluted": -0.23,
    "weightedAverageShsOut": 176039902,
    "weightedAverageShsOutDil": 177901850,
    "link": "https://www.sec.gov/Archives/edgar/data/20286/000095015201500561/0000950152-01-500561-index.htm",
    "finalLink": "https://www.sec.gov/Archives/edgar/data/20286/000095015201500561/l87259ae10-k.txt"
  },
  {
    "date": "2000-09-30",
    "symbol": "CINF",
    "reportedCurrency": "USD",
    "cik": "0000020286",
    "fillingDate": "2000-11-13",
    "acceptedDate": "2000-11-13 00:00:00",
    "calendarYear": "2000",
    "period": "Q3",
    "revenue": 599790000,
    "costOfRevenue": 0,
    "grossProfit": 599790000,
    "grossProfitRatio": 1,
    "researchAndDevelopmentExpenses": 0,
    "generalAndAdministrativeExpenses": 40718000,
    "sellingAndMarketingExpenses": 91949000,
    "sellingGeneralAndAdministrativeExpenses": 132667000,
    "otherExpenses": 467123000,
    "operatingExpenses": 599790000,
    "costAndExpenses": 599790000,
    "interestIncome": 0,
    "interestExpense": 9007000,
    "depreciationAndAmortization": 4194000,
    "ebitda": -4537000,
    "ebitdaratio": -0.0075643142,
    "operatingIncome": -8731000,
    "operatingIncomeRatio": -0.0145567615,
    "totalOtherIncomeExpensesNet": 0,
    "incomeBeforeTax": -8731000,
    "incomeBeforeTaxRatio": -0.0145567615,
    "incomeTaxExpense": -14308000,
    "netIncome": 5577000,
    "netIncomeRatio": 0.0092982544,
    "eps": 0.0272,
    "epsdiluted": 0.0272,
    "weightedAverageShsOut": 176104530,
    "weightedAverageShsOutDil": 178119900,
    "link": "https://www.sec.gov/Archives/edgar/data/20286/000095015200007812/0000950152-00-007812-index.htm",
    "finalLink": "https://www.sec.gov/Archives/edgar/data/20286/000095015200007812/l84935ae10-q.txt"
  },
  {
    "date": "2000-06-30",
    "symbol": "CINF",
    "reportedCurrency": "USD",
    "cik": "0000020286",
    "fillingDate": "2000-08-11",
    "acceptedDate": "2000-08-11 00:00:00",
    "calendarYear": "2000",
    "period": "Q2",
    "revenue": 578807000,
    "costOfRevenue": 0,
    "grossProfit": 578807000,
    "grossProfitRatio": 1,
    "researchAndDevelopmentExpenses": 0,
    "generalAndAdministrativeExpenses": 41184000,
    "sellingAndMarketingExpenses": 86984000,
    "sellingGeneralAndAdministrativeExpenses": 128168000,
    "otherExpenses": 450639000,
    "operatingExpenses": 578807000,
    "costAndExpenses": 578807000,
    "interestIncome": 0,
    "interestExpense": 9979000,
    "depreciationAndAmortization": 3283000,
    "ebitda": 99923000,
    "ebitdaratio": 0.1726361291,
    "operatingIncome": 96640000,
    "operatingIncomeRatio": 0.1669641176,
    "totalOtherIncomeExpensesNet": 0,
    "incomeBeforeTax": 96640000,
    "incomeBeforeTaxRatio": 0.1669641176,
    "incomeTaxExpense": 21946000,
    "netIncome": 74694000,
    "netIncomeRatio": 0.1290481974,
    "eps": 0.42,
    "epsdiluted": 0.41,
    "weightedAverageShsOut": 178189357,
    "weightedAverageShsOutDil": 182517772,
    "link": "https://www.sec.gov/Archives/edgar/data/20286/000095015200005936/0000950152-00-005936-index.htm",
    "finalLink": "https://www.sec.gov/Archives/edgar/data/20286/000095015200005936/e10-q.txt"
  },
  {
    "date": "2000-03-31",
    "symbol": "CINF",
    "reportedCurrency": "USD",
    "cik": "0000020286",
    "fillingDate": "2000-05-08",
    "acceptedDate": "2000-05-08 00:00:00",
    "calendarYear": "2000",
    "period": "Q1",
    "revenue": 571270000,
    "costOfRevenue": 0,
    "grossProfit": 571270000,
    "grossProfitRatio": 1,
    "researchAndDevelopmentExpenses": 0,
    "generalAndAdministrativeExpenses": 41985000,
    "sellingAndMarketingExpenses": 84526000,
    "sellingGeneralAndAdministrativeExpenses": 126511000,
    "otherExpenses": 444759000,
    "operatingExpenses": 571270000,
    "costAndExpenses": 571270000,
    "interestIncome": 0,
    "interestExpense": 9162000,
    "depreciationAndAmortization": 4969000,
    "ebitda": 108497000,
    "ebitdaratio": 0.1899224535,
    "operatingIncome": -9162000,
    "operatingIncomeRatio": -0.0160379505,
    "totalOtherIncomeExpensesNet": 112690000,
    "incomeBeforeTax": 103528000,
    "incomeBeforeTaxRatio": 0.1812242897,
    "incomeTaxExpense": 24165000,
    "netIncome": 79363000,
    "netIncomeRatio": 0.1389238014,
    "eps": 0.44,
    "epsdiluted": 0.44,
    "weightedAverageShsOut": 178566750,
    "weightedAverageShsOutDil": 181757047,
    "link": "https://www.sec.gov/Archives/edgar/data/20286/000095015200003724/0000950152-00-003724-index.html",
    "finalLink": "https://www.sec.gov/Archives/edgar/data/20286/000095015200003724/0000950152-00-003724.txt"
  },
  {
    "date": "1999-12-31",
    "symbol": "CINF",
    "reportedCurrency": "USD",
    "cik": "0000020286",
    "fillingDate": "2000-03-23",
    "acceptedDate": "2000-03-23 00:00:00",
    "calendarYear": "1999",
    "period": "Q4",
    "revenue": 511923000,
    "costOfRevenue": 0,
    "grossProfit": 511923000,
    "grossProfitRatio": 1,
    "researchAndDevelopmentExpenses": 0,
    "generalAndAdministrativeExpenses": 0,
    "sellingAndMarketingExpenses": 0,
    "sellingGeneralAndAdministrativeExpenses": 0,
    "otherExpenses": 511923000,
    "operatingExpenses": 511923000,
    "costAndExpenses": 511923000,
    "interestIncome": 0,
    "interestExpense": 9643000,
    "depreciationAndAmortization": 5716000,
    "ebitda": -1030411000,
    "ebitdaratio": -2.0128241943,
    "operatingIncome": -1367343000,
    "operatingIncomeRatio": -2.6709934893,
    "totalOtherIncomeExpensesNet": 1688916000,
    "incomeBeforeTax": 321573000,
    "incomeBeforeTaxRatio": 0.628166736,
    "incomeTaxExpense": 7151000,
    "netIncome": 46922000,
    "netIncomeRatio": 0.0916583158,
    "eps": 0.26,
    "epsdiluted": 0.26,
    "weightedAverageShsOut": 177976575,
    "weightedAverageShsOutDil": 177976575,
    "link": "https://www.sec.gov/Archives/edgar/data/20286/000095015200002042/0000950152-00-002042-index.html",
    "finalLink": "https://www.sec.gov/Archives/edgar/data/20286/000095015200002042/"
  },
  {
    "date": "1999-09-30",
    "symbol": "CINF",
    "reportedCurrency": "USD",
    "cik": "0000020286",
    "fillingDate": "1999-11-10",
    "acceptedDate": "1999-11-10 00:00:00",
    "calendarYear": "1999",
    "period": "Q3",
    "revenue": 538300000,
    "costOfRevenue": 0,
    "grossProfit": 538300000,
    "grossProfitRatio": 1,
    "researchAndDevelopmentExpenses": 0,
    "generalAndAdministrativeExpenses": 37134000,
    "sellingAndMarketingExpenses": 81878000,
    "sellingGeneralAndAdministrativeExpenses": 119012000,
    "otherExpenses": 419289000,
    "operatingExpenses": 538301000,
    "costAndExpenses": 538301000,
    "interestIncome": 0,
    "interestExpense": 7978000,
    "depreciationAndAmortization": 3600000,
    "ebitda": 452000000,
    "ebitdaratio": 0.8396804756,
    "operatingIncome": 371380000,
    "operatingIncomeRatio": 0.6899126881,
    "totalOtherIncomeExpensesNet": -302338000,
    "incomeBeforeTax": 69042000,
    "incomeBeforeTaxRatio": 0.1282593349,
    "incomeTaxExpense": 11996000,
    "netIncome": 57046000,
    "netIncomeRatio": 0.1059743637,
    "eps": 0.32,
    "epsdiluted": 0.31,
    "weightedAverageShsOut": 179308395,
    "weightedAverageShsOutDil": 184373280,
    "link": "https://www.sec.gov/Archives/edgar/data/20286/000095015299008811/0000950152-99-008811-index.html",
    "finalLink": "https://www.sec.gov/Archives/edgar/data/20286/000095015299008811/0000950152-99-008811.txt"
  },
  {
    "date": "1999-06-30",
    "symbol": "CINF",
    "reportedCurrency": "USD",
    "cik": "0000020286",
    "fillingDate": "1999-08-12",
    "acceptedDate": "1999-08-12 00:00:00",
    "calendarYear": "1999",
    "period": "Q2",
    "revenue": 541300000,
    "costOfRevenue": 0,
    "grossProfit": 541300000,
    "grossProfitRatio": 1,
    "researchAndDevelopmentExpenses": 0,
    "generalAndAdministrativeExpenses": 35425000,
    "sellingAndMarketingExpenses": 80416000,
    "sellingGeneralAndAdministrativeExpenses": 115841000,
    "otherExpenses": 425480000,
    "operatingExpenses": 541321000,
    "costAndExpenses": 541321000,
    "interestIncome": 0,
    "interestExpense": 7606000,
    "depreciationAndAmortization": 3400000,
    "ebitda": 456700000,
    "ebitdaratio": 0.843709588,
    "operatingIncome": 329353000,
    "operatingIncomeRatio": 0.6084481803,
    "totalOtherIncomeExpensesNet": -213012000,
    "incomeBeforeTax": 116341000,
    "incomeBeforeTaxRatio": 0.2149288749,
    "incomeTaxExpense": 30087000,
    "netIncome": 86254000,
    "netIncomeRatio": 0.1593460188,
    "eps": 0.48,
    "epsdiluted": 0.47,
    "weightedAverageShsOut": 179823262,
    "weightedAverageShsOutDil": 184944375,
    "link": "https://www.sec.gov/Archives/edgar/data/20286/000095015299006703/0000950152-99-006703-index.html",
    "finalLink": "https://www.sec.gov/Archives/edgar/data/20286/000095015299006703/0000950152-99-006703.txt"
  },
  {
    "date": "1999-03-31",
    "symbol": "CINF",
    "reportedCurrency": "USD",
    "cik": "0000020286",
    "fillingDate": "1999-05-13",
    "acceptedDate": "1999-05-13 00:00:00",
    "calendarYear": "1999",
    "period": "Q1",
    "revenue": 536700000,
    "costOfRevenue": 0,
    "grossProfit": 536700000,
    "grossProfitRatio": 1,
    "researchAndDevelopmentExpenses": 0,
    "generalAndAdministrativeExpenses": 37807000,
    "sellingAndMarketingExpenses": 72915000,
    "sellingGeneralAndAdministrativeExpenses": 110722000,
    "otherExpenses": 425937000,
    "operatingExpenses": 536659000,
    "costAndExpenses": 536659000,
    "interestIncome": 0,
    "interestExpense": 7785000,
    "depreciationAndAmortization": 3345000,
    "ebitda": 459300000,
    "ebitdaratio": 0.8557853549,
    "operatingIncome": 366154000,
    "operatingIncomeRatio": 0.6822321595,
    "totalOtherIncomeExpensesNet": -284093000,
    "incomeBeforeTax": 82061000,
    "incomeBeforeTaxRatio": 0.1528991988,
    "incomeTaxExpense": 17584000,
    "netIncome": 64477000,
    "netIncomeRatio": 0.1201360164,
    "eps": 0.35,
    "epsdiluted": 0.34,
    "weightedAverageShsOut": 183127455,
    "weightedAverageShsOutDil": 188655390,
    "link": "https://www.sec.gov/Archives/edgar/data/20286/000095015299004320/0000950152-99-004320-index.html",
    "finalLink": "https://www.sec.gov/Archives/edgar/data/20286/0000950152-99-004320.txt"
  },
  {
    "date": "1998-12-31",
    "symbol": "CINF",
    "reportedCurrency": "USD",
    "cik": "0000020286",
    "fillingDate": "1999-03-26",
    "acceptedDate": "1999-03-26 00:00:00",
    "calendarYear": "1998",
    "period": "Q4",
    "revenue": 508389000,
    "costOfRevenue": 0,
    "grossProfit": 508389000,
    "grossProfitRatio": 1,
    "researchAndDevelopmentExpenses": 0,
    "generalAndAdministrativeExpenses": 0,
    "sellingAndMarketingExpenses": 0,
    "sellingGeneralAndAdministrativeExpenses": 0,
    "otherExpenses": 508389000,
    "operatingExpenses": 508389000,
    "costAndExpenses": 508389000,
    "interestIncome": 0,
    "interestExpense": 8412000,
    "depreciationAndAmortization": 3493000,
    "ebitda": -1004000000,
    "ebitdaratio": -1.9748657032,
    "operatingIncome": -1323012000,
    "operatingIncomeRatio": -2.6023615775,
    "totalOtherIncomeExpensesNet": 1630119000,
    "incomeBeforeTax": 307107000,
    "incomeBeforeTaxRatio": 0.6040787665,
    "incomeTaxExpense": 8240000,
    "netIncome": 45667000,
    "netIncomeRatio": 0.0898268845,
    "eps": 0.25,
    "epsdiluted": 0.25,
    "weightedAverageShsOut": 181443243,
    "weightedAverageShsOutDil": 182482268,
    "link": "https://www.sec.gov/Archives/edgar/data/20286/000095015299002420/0000950152-99-002420-index.html",
    "finalLink": "https://www.sec.gov/Archives/edgar/data/20286/0000950152-99-002420.txt"
  },
  {
    "date": "1998-09-30",
    "symbol": "CINF",
    "reportedCurrency": "USD",
    "cik": "0000020286",
    "fillingDate": "1998-11-05",
    "acceptedDate": "1998-11-05 00:00:00",
    "calendarYear": "1998",
    "period": "Q3",
    "revenue": 514800000,
    "costOfRevenue": 0,
    "grossProfit": 514800000,
    "grossProfitRatio": 1,
    "researchAndDevelopmentExpenses": 0,
    "generalAndAdministrativeExpenses": 0,
    "sellingAndMarketingExpenses": 0,
    "sellingGeneralAndAdministrativeExpenses": 0,
    "otherExpenses": 514800000,
    "operatingExpenses": 514800000,
    "costAndExpenses": 514800000,
    "interestIncome": 0,
    "interestExpense": 8100000,
    "depreciationAndAmortization": 3000000,
    "ebitda": 436100000,
    "ebitdaratio": 0.8471250971,
    "operatingIncome": 0,
    "operatingIncomeRatio": 0,
    "totalOtherIncomeExpensesNet": 0,
    "incomeBeforeTax": 64000000,
    "incomeBeforeTaxRatio": 0.1243201243,
    "incomeTaxExpense": 11100000,
    "netIncome": 52900000,
    "netIncomeRatio": 0.1027583528,
    "eps": 0.28,
    "epsdiluted": 0.28,
    "weightedAverageShsOut": 188287051,
    "weightedAverageShsOutDil": 188287051,
    "link": "https://www.sec.gov/Archives/edgar/data/20286/000095015298008537/0000950152-98-008537-index.html",
    "finalLink": "https://www.sec.gov/Archives/edgar/data/20286/0000950152-98-008537.txt"
  },
  {
    "date": "1998-06-30",
    "symbol": "CINF",
    "reportedCurrency": "USD",
    "cik": "0000020286",
    "fillingDate": "1998-08-13",
    "acceptedDate": "1998-08-13 00:00:00",
    "calendarYear": "1998",
    "period": "Q2",
    "revenue": 518600000,
    "costOfRevenue": 0,
    "grossProfit": 518600000,
    "grossProfitRatio": 1,
    "researchAndDevelopmentExpenses": 0,
    "generalAndAdministrativeExpenses": 0,
    "sellingAndMarketingExpenses": 0,
    "sellingGeneralAndAdministrativeExpenses": 0,
    "otherExpenses": 518600000,
    "operatingExpenses": 518600000,
    "costAndExpenses": 518600000,
    "interestIncome": 0,
    "interestExpense": 6100000,
    "depreciationAndAmortization": 2700000,
    "ebitda": 447400000,
    "ebitdaratio": 0.8627072889,
    "operatingIncome": 0,
    "operatingIncomeRatio": 0,
    "totalOtherIncomeExpensesNet": 0,
    "incomeBeforeTax": 72900000,
    "incomeBeforeTaxRatio": 0.1405707675,
    "incomeTaxExpense": 14100000,
    "netIncome": 58800000,
    "netIncomeRatio": 0.1133821828,
    "eps": 0.32,
    "epsdiluted": 0.32,
    "weightedAverageShsOut": 185368499,
    "weightedAverageShsOutDil": 185368499,
    "link": "https://www.sec.gov/Archives/edgar/data/20286/000095015298006675/0000950152-98-006675-index.html",
    "finalLink": "https://www.sec.gov/Archives/edgar/data/20286/0000950152-98-006675.txt"
  },
  {
    "date": "1998-03-31",
    "symbol": "CINF",
    "reportedCurrency": "USD",
    "cik": "0000020286",
    "fillingDate": "1998-05-11",
    "acceptedDate": "1998-05-11 00:00:00",
    "calendarYear": "1998",
    "period": "Q1",
    "revenue": 512600000,
    "costOfRevenue": 0,
    "grossProfit": 512600000,
    "grossProfitRatio": 1,
    "researchAndDevelopmentExpenses": 0,
    "generalAndAdministrativeExpenses": 0,
    "sellingAndMarketingExpenses": 0,
    "sellingGeneralAndAdministrativeExpenses": 0,
    "otherExpenses": 512600000,
    "operatingExpenses": 512600000,
    "costAndExpenses": 512600000,
    "interestIncome": 0,
    "interestExpense": 5300000,
    "depreciationAndAmortization": 2600000,
    "ebitda": 439700000,
    "ebitdaratio": 0.8577838471,
    "operatingIncome": 0,
    "operatingIncomeRatio": 0,
    "totalOtherIncomeExpensesNet": 0,
    "incomeBeforeTax": 239800000,
    "incomeBeforeTaxRatio": 0.4678111588,
    "incomeTaxExpense": 32200000,
    "netIncome": 84200000,
    "netIncomeRatio": 0.1642606321,
    "eps": 0.46,
    "epsdiluted": 0.44,
    "weightedAverageShsOut": 182166308,
    "weightedAverageShsOutDil": 189601634,
    "link": "https://www.sec.gov/Archives/edgar/data/20286/000095015298004286/0000950152-98-004286-index.html",
    "finalLink": "https://www.sec.gov/Archives/edgar/data/20286/0000950152-98-004286.txt"
  },
  {
    "date": "1997-12-31",
    "symbol": "CINF",
    "reportedCurrency": "USD",
    "cik": "0000020286",
    "fillingDate": "1998-03-23",
    "acceptedDate": "1998-03-23 00:00:00",
    "calendarYear": "1997",
    "period": "Q4",
    "revenue": 482384000,
    "costOfRevenue": 0,
    "grossProfit": 482384000,
    "grossProfitRatio": 1,
    "researchAndDevelopmentExpenses": 0,
    "generalAndAdministrativeExpenses": 0,
    "sellingAndMarketingExpenses": 0,
    "sellingGeneralAndAdministrativeExpenses": 0,
    "otherExpenses": 482384000,
    "operatingExpenses": 482384000,
    "costAndExpenses": 482384000,
    "interestIncome": 0,
    "interestExpense": 5521000,
    "depreciationAndAmortization": 3727000,
    "ebitda": -832314000,
    "ebitdaratio": -1.7254179243,
    "operatingIncome": -1236121000,
    "operatingIncomeRatio": -2.5625248764,
    "totalOtherIncomeExpensesNet": 1630680000,
    "incomeBeforeTax": 394559000,
    "incomeBeforeTaxRatio": 0.8179355037,
    "incomeTaxExpense": 21484000,
    "netIncome": 72475000,
    "netIncomeRatio": 0.1502433746,
    "eps": 0.4,
    "epsdiluted": 0.4,
    "weightedAverageShsOut": 181794275,
    "weightedAverageShsOutDil": 182166308,
    "link": "https://www.sec.gov/Archives/edgar/data/20286/000095015298002276/0000950152-98-002276-index.html",
    "finalLink": "https://www.sec.gov/Archives/edgar/data/20286/0000950152-98-002276.txt"
  },
  {
    "date": "1997-09-30",
    "symbol": "CINF",
    "reportedCurrency": "USD",
    "cik": "0000020286",
    "fillingDate": "1997-11-12",
    "acceptedDate": "1997-11-12 00:00:00",
    "calendarYear": "1997",
    "period": "Q3",
    "revenue": 492000000,
    "costOfRevenue": 0,
    "grossProfit": 492000000,
    "grossProfitRatio": 1,
    "researchAndDevelopmentExpenses": 0,
    "generalAndAdministrativeExpenses": 0,
    "sellingAndMarketingExpenses": 0,
    "sellingGeneralAndAdministrativeExpenses": 0,
    "otherExpenses": 492000000,
    "operatingExpenses": 492000000,
    "costAndExpenses": 492000000,
    "interestIncome": 0,
    "interestExpense": 5500000,
    "depreciationAndAmortization": 2800000,
    "ebitda": 416000000,
    "ebitdaratio": 0.8455284553,
    "operatingIncome": 0,
    "operatingIncomeRatio": 0,
    "totalOtherIncomeExpensesNet": 0,
    "incomeBeforeTax": 218100000,
    "incomeBeforeTaxRatio": 0.4432926829,
    "incomeTaxExpense": 25000000,
    "netIncome": 77000000,
    "netIncomeRatio": 0.156504065,
    "eps": 0.43,
    "epsdiluted": 0.42,
    "weightedAverageShsOut": 180766874,
    "weightedAverageShsOutDil": 184696570,
    "link": "https://www.sec.gov/Archives/edgar/data/20286/000095015297007837/0000950152-97-007837-index.html",
    "finalLink": "https://www.sec.gov/Archives/edgar/data/20286/0000950152-97-007837.txt"
  },
  {
    "date": "1997-06-30",
    "symbol": "CINF",
    "reportedCurrency": "USD",
    "cik": "0000020286",
    "fillingDate": "1997-08-08",
    "acceptedDate": "1997-08-08 00:00:00",
    "calendarYear": "1997",
    "period": "Q2",
    "revenue": 484200000,
    "costOfRevenue": 0,
    "grossProfit": 484200000,
    "grossProfitRatio": 1,
    "researchAndDevelopmentExpenses": 0,
    "generalAndAdministrativeExpenses": 0,
    "sellingAndMarketingExpenses": 0,
    "sellingGeneralAndAdministrativeExpenses": 0,
    "otherExpenses": 484200000,
    "operatingExpenses": 484200000,
    "costAndExpenses": 484200000,
    "interestIncome": 0,
    "interestExpense": 4700000,
    "depreciationAndAmortization": 2300000,
    "ebitda": 408400000,
    "ebitdaratio": 0.8434531185,
    "operatingIncome": 0,
    "operatingIncomeRatio": 0,
    "totalOtherIncomeExpensesNet": 0,
    "incomeBeforeTax": 213800000,
    "incomeBeforeTaxRatio": 0.4415530772,
    "incomeTaxExpense": 24500000,
    "netIncome": 75800000,
    "netIncomeRatio": 0.1565468815,
    "eps": 0.42,
    "epsdiluted": 0.4,
    "weightedAverageShsOut": 181818182,
    "weightedAverageShsOutDil": 190082603,
    "link": "https://www.sec.gov/Archives/edgar/data/20286/000095015297005721/0000950152-97-005721-index.html",
    "finalLink": "https://www.sec.gov/Archives/edgar/data/20286/0000950152-97-005721.txt"
  },
  {
    "date": "1997-03-31",
    "symbol": "CINF",
    "reportedCurrency": "USD",
    "cik": "0000020286",
    "fillingDate": "1997-05-13",
    "acceptedDate": "1997-05-13 00:00:00",
    "calendarYear": "1997",
    "period": "Q1",
    "revenue": 483700000,
    "costOfRevenue": 0,
    "grossProfit": 483700000,
    "grossProfitRatio": 1,
    "researchAndDevelopmentExpenses": 0,
    "generalAndAdministrativeExpenses": 0,
    "sellingAndMarketingExpenses": 0,
    "sellingGeneralAndAdministrativeExpenses": 0,
    "otherExpenses": 483700000,
    "operatingExpenses": 483700000,
    "costAndExpenses": 483700000,
    "interestIncome": 0,
    "interestExpense": 5000000,
    "depreciationAndAmortization": 2500000,
    "ebitda": 413800000,
    "ebitdaratio": 0.8554889394,
    "operatingIncome": 0,
    "operatingIncomeRatio": 0,
    "totalOtherIncomeExpensesNet": 0,
    "incomeBeforeTax": 213900000,
    "incomeBeforeTaxRatio": 0.4422162497,
    "incomeTaxExpense": 24200000,
    "netIncome": 74000000,
    "netIncomeRatio": 0.1529873889,
    "eps": 0.4,
    "epsdiluted": 0.39,
    "weightedAverageShsOut": 185568768,
    "weightedAverageShsOutDil": 189884299,
    "link": "https://www.sec.gov/Archives/edgar/data/20286/000095015297003804/0000950152-97-003804-index.html",
    "finalLink": "https://www.sec.gov/Archives/edgar/data/20286/0000950152-97-003804.txt"
  },
  {
    "date": "1996-12-31",
    "symbol": "CINF",
    "reportedCurrency": "USD",
    "cik": "0000020286",
    "fillingDate": "1997-03-27",
    "acceptedDate": "1997-03-27 00:00:00",
    "calendarYear": "1996",
    "period": "Q4",
    "revenue": 459249000,
    "costOfRevenue": 0,
    "grossProfit": 459249000,
    "grossProfitRatio": 1,
    "researchAndDevelopmentExpenses": 0,
    "generalAndAdministrativeExpenses": 0,
    "sellingAndMarketingExpenses": 0,
    "sellingGeneralAndAdministrativeExpenses": 0,
    "otherExpenses": 459249000,
    "operatingExpenses": 459249000,
    "costAndExpenses": 459249000,
    "interestIncome": 0,
    "interestExpense": 6202000,
    "depreciationAndAmortization": 4000000,
    "ebitda": -857179000,
    "ebitdaratio": -1.8664798399,
    "operatingIncome": -1149802000,
    "operatingIncomeRatio": -2.5036570575,
    "totalOtherIncomeExpensesNet": 1432223000,
    "incomeBeforeTax": 282421000,
    "incomeBeforeTaxRatio": 0.6149626891,
    "incomeTaxExpense": 17361000,
    "netIncome": 62960000,
    "netIncomeRatio": 0.1370933851,
    "eps": 0.34,
    "epsdiluted": 0.34,
    "weightedAverageShsOut": 182942069,
    "weightedAverageShsOutDil": 185568768,
    "link": "https://www.sec.gov/Archives/edgar/data/20286/000095015297002224/0000950152-97-002224-index.html",
    "finalLink": "https://www.sec.gov/Archives/edgar/data/20286/"
  },
  {
    "date": "1996-09-30",
    "symbol": "CINF",
    "reportedCurrency": "USD",
    "cik": "0000020286",
    "fillingDate": "1996-11-08",
    "acceptedDate": "1996-11-08 00:00:00",
    "calendarYear": "1996",
    "period": "Q3",
    "revenue": 455700000,
    "costOfRevenue": 0,
    "grossProfit": 455700000,
    "grossProfitRatio": 1,
    "researchAndDevelopmentExpenses": 0,
    "generalAndAdministrativeExpenses": 0,
    "sellingAndMarketingExpenses": 0,
    "sellingGeneralAndAdministrativeExpenses": 0,
    "otherExpenses": 455700000,
    "operatingExpenses": 455700000,
    "costAndExpenses": 455700000,
    "interestIncome": 0,
    "interestExpense": 4800000,
    "depreciationAndAmortization": 1800000,
    "ebitda": 384900000,
    "ebitdaratio": 0.844634628,
    "operatingIncome": 0,
    "operatingIncomeRatio": 0,
    "totalOtherIncomeExpensesNet": 0,
    "incomeBeforeTax": 58600000,
    "incomeBeforeTaxRatio": 0.1285933728,
    "incomeTaxExpense": 11700000,
    "netIncome": 46900000,
    "netIncomeRatio": 0.1029185868,
    "eps": 0.25,
    "epsdiluted": 0.24,
    "weightedAverageShsOut": 184816661,
    "weightedAverageShsOutDil": 191661695,
    "link": "https://www.sec.gov/Archives/edgar/data/20286/000095015296005793/0000950152-96-005793-index.html",
    "finalLink": "https://www.sec.gov/Archives/edgar/data/20286/0000950152-96-005793.txt"
  },
  {
    "date": "1996-06-30",
    "symbol": "CINF",
    "reportedCurrency": "USD",
    "cik": "0000020286",
    "fillingDate": "1996-08-09",
    "acceptedDate": "1996-08-09 00:00:00",
    "calendarYear": "1996",
    "period": "Q2",
    "revenue": 442000000,
    "costOfRevenue": 0,
    "grossProfit": 442000000,
    "grossProfitRatio": 1,
    "researchAndDevelopmentExpenses": 0,
    "generalAndAdministrativeExpenses": 0,
    "sellingAndMarketingExpenses": 0,
    "sellingGeneralAndAdministrativeExpenses": 0,
    "otherExpenses": 442000000,
    "operatingExpenses": 442000000,
    "costAndExpenses": 442000000,
    "interestIncome": 0,
    "interestExpense": 4600000,
    "depreciationAndAmortization": 1900000,
    "ebitda": 376200000,
    "ebitdaratio": 0.8511312217,
    "operatingIncome": 0,
    "operatingIncomeRatio": 0,
    "totalOtherIncomeExpensesNet": 0,
    "incomeBeforeTax": 67000000,
    "incomeBeforeTaxRatio": 0.1515837104,
    "incomeTaxExpense": 12600000,
    "netIncome": 54400000,
    "netIncomeRatio": 0.1230769231,
    "eps": 0.3,
    "epsdiluted": 0.29,
    "weightedAverageShsOut": 181891133,
    "weightedAverageShsOutDil": 187575211,
    "link": "https://www.sec.gov/Archives/edgar/data/20286/000095015296003914/0000950152-96-003914-index.html",
    "finalLink": "https://www.sec.gov/Archives/edgar/data/20286/0000950152-96-003914.txt"
  },
  {
    "date": "1996-03-31",
    "symbol": "CINF",
    "reportedCurrency": "USD",
    "cik": "0000020286",
    "fillingDate": "1996-05-13",
    "acceptedDate": "1996-05-13 00:00:00",
    "calendarYear": "1996",
    "period": "Q1",
    "revenue": 451800000,
    "costOfRevenue": 0,
    "grossProfit": 451800000,
    "grossProfitRatio": 1,
    "researchAndDevelopmentExpenses": 0,
    "generalAndAdministrativeExpenses": 0,
    "sellingAndMarketingExpenses": 0,
    "sellingGeneralAndAdministrativeExpenses": 0,
    "otherExpenses": 451800000,
    "operatingExpenses": 451800000,
    "costAndExpenses": 451800000,
    "interestIncome": 0,
    "interestExpense": 4600000,
    "depreciationAndAmortization": -600000,
    "ebitda": 385500000,
    "ebitdaratio": 0.8532536521,
    "operatingIncome": 0,
    "operatingIncomeRatio": 0,
    "totalOtherIncomeExpensesNet": 0,
    "incomeBeforeTax": 76400000,
    "incomeBeforeTaxRatio": 0.1691013723,
    "incomeTaxExpense": 17000000,
    "netIncome": 59400000,
    "netIncomeRatio": 0.1314741036,
    "eps": 0.33,
    "epsdiluted": 0.32,
    "weightedAverageShsOut": 182058363,
    "weightedAverageShsOutDil": 187260014,
    "link": "https://www.sec.gov/Archives/edgar/data/20286/000095015296002352/0000950152-96-002352-index.html",
    "finalLink": "https://www.sec.gov/Archives/edgar/data/20286/0000950152-96-002352.txt"
  },
  {
    "date": "1995-12-31",
    "symbol": "CINF",
    "reportedCurrency": "USD",
    "cik": "0000020286",
    "fillingDate": "1996-03-22",
    "acceptedDate": "1996-03-22 00:00:00",
    "calendarYear": "1995",
    "period": "Q4",
    "revenue": 419251000,
    "costOfRevenue": 0,
    "grossProfit": 419251000,
    "grossProfitRatio": 1,
    "researchAndDevelopmentExpenses": 0,
    "generalAndAdministrativeExpenses": 0,
    "sellingAndMarketingExpenses": 0,
    "sellingGeneralAndAdministrativeExpenses": 0,
    "otherExpenses": 419251000,
    "operatingExpenses": 419251000,
    "costAndExpenses": 419251000,
    "interestIncome": 0,
    "interestExpense": 4431000,
    "depreciationAndAmortization": 2941000,
    "ebitda": -742071000,
    "ebitdaratio": -1.7699922004,
    "operatingIncome": -1044631000,
    "operatingIncomeRatio": -2.4916601272,
    "totalOtherIncomeExpensesNet": 1339819000,
    "incomeBeforeTax": 295188000,
    "incomeBeforeTaxRatio": 0.7040841882,
    "incomeTaxExpense": -121238000,
    "netIncome": 50350000,
    "netIncomeRatio": 0.120095122,
    "eps": 0.28,
    "epsdiluted": 0.28,
    "weightedAverageShsOut": 182058363,
    "weightedAverageShsOutDil": 182058363,
    "link": "https://www.sec.gov/Archives/edgar/data/20286/000095015296001100/0000950152-96-001100-index.html",
    "finalLink": "https://www.sec.gov/Archives/edgar/data/20286/"
  },
  {
    "date": "1995-09-30",
    "symbol": "CINF",
    "reportedCurrency": "USD",
    "cik": "0000020286",
    "fillingDate": "1995-11-14",
    "acceptedDate": "1995-11-14 00:00:00",
    "calendarYear": "1995",
    "period": "Q3",
    "revenue": 416700000,
    "costOfRevenue": 0,
    "grossProfit": 416700000,
    "grossProfitRatio": 1,
    "researchAndDevelopmentExpenses": 0,
    "generalAndAdministrativeExpenses": 0,
    "sellingAndMarketingExpenses": 0,
    "sellingGeneralAndAdministrativeExpenses": 0,
    "otherExpenses": 416700000,
    "operatingExpenses": 416700000,
    "costAndExpenses": 416700000,
    "interestIncome": 0,
    "interestExpense": 4800000,
    "depreciationAndAmortization": 2200000,
    "ebitda": 352500000,
    "ebitdaratio": 0.8459323254,
    "operatingIncome": 0,
    "operatingIncomeRatio": 0,
    "totalOtherIncomeExpensesNet": 0,
    "incomeBeforeTax": 77000000,
    "incomeBeforeTaxRatio": 0.1847852172,
    "incomeTaxExpense": 18400000,
    "netIncome": 58600000,
    "netIncomeRatio": 0.1406287497,
    "eps": 0.31,
    "epsdiluted": 0.31,
    "weightedAverageShsOut": 190171446,
    "weightedAverageShsOutDil": 190171446,
    "link": "https://www.sec.gov/Archives/edgar/data/20286/000095015295002676/0000950152-95-002676-index.html",
    "finalLink": "https://www.sec.gov/Archives/edgar/data/20286/0000950152-95-002676.txt"
  }
]