[
  {
    "date": "2025-06-30",
    "symbol": "CL",
    "reportedCurrency": "USD",
    "cik": "0000021665",
    "fillingDate": "2025-08-01",
    "acceptedDate": "2025-08-01 08:32:00",
    "calendarYear": "2025",
    "period": "Q2",
    "revenue": 5110000000,
    "costOfRevenue": 2041000000,
    "grossProfit": 3069000000,
    "grossProfitRatio": 0.6005870841,
    "researchAndDevelopmentExpenses": 0,
    "generalAndAdministrativeExpenses": 0,
    "sellingAndMarketingExpenses": 0,
    "sellingGeneralAndAdministrativeExpenses": 1954000000,
    "otherExpenses": 0,
    "operatingExpenses": 1954000000,
    "costAndExpenses": 3995000000,
    "interestIncome": 21000000,
    "interestExpense": 71000000,
    "depreciationAndAmortization": 151000000,
    "ebitda": 1229000000,
    "ebitdaratio": 0.2405088063,
    "operatingIncome": 1115000000,
    "operatingIncomeRatio": 0.2181996086,
    "totalOtherIncomeExpensesNet": -108000000,
    "incomeBeforeTax": 1007000000,
    "incomeBeforeTaxRatio": 0.1970645793,
    "incomeTaxExpense": 234000000,
    "netIncome": 743000000,
    "netIncomeRatio": 0.1454011742,
    "eps": 0.92,
    "epsdiluted": 0.91,
    "weightedAverageShsOut": 807609000,
    "weightedAverageShsOutDil": 816484000,
    "link": "https://www.sec.gov/Archives/edgar/data/21665/000002166525000041/0000021665-25-000041-index.htm",
    "finalLink": "https://www.sec.gov/Archives/edgar/data/21665/000002166525000041/cl-20250630.htm"
  },
  {
    "date": "2025-03-31",
    "symbol": "CL",
    "reportedCurrency": "USD",
    "cik": "0000021665",
    "fillingDate": "2025-04-25",
    "acceptedDate": "2025-04-25 08:31:34",
    "calendarYear": "2025",
    "period": "Q1",
    "revenue": 4911000000,
    "costOfRevenue": 1924000000,
    "grossProfit": 2987000000,
    "grossProfitRatio": 0.6082264305,
    "researchAndDevelopmentExpenses": 0,
    "generalAndAdministrativeExpenses": 0,
    "sellingAndMarketingExpenses": 0,
    "sellingGeneralAndAdministrativeExpenses": 1897000000,
    "otherExpenses": 0,
    "operatingExpenses": 1897000000,
    "costAndExpenses": 3821000000,
    "interestIncome": 15000000,
    "interestExpense": 66000000,
    "depreciationAndAmortization": 148000000,
    "ebitda": 1167000000,
    "ebitdaratio": 0.2376298106,
    "operatingIncome": 1090000000,
    "operatingIncomeRatio": 0.2219507229,
    "totalOtherIncomeExpensesNet": -137000000,
    "incomeBeforeTax": 953000000,
    "incomeBeforeTaxRatio": 0.1940541641,
    "incomeTaxExpense": 227000000,
    "netIncome": 690000000,
    "netIncomeRatio": 0.1405009163,
    "eps": 0.85,
    "epsdiluted": 0.85,
    "weightedAverageShsOut": 817700000,
    "weightedAverageShsOutDil": 822500000,
    "link": "https://www.sec.gov/Archives/edgar/data/21665/000002166525000020/0000021665-25-000020-index.htm",
    "finalLink": "https://www.sec.gov/Archives/edgar/data/21665/000002166525000020/cl-20250331.htm"
  },
  {
    "date": "2024-12-31",
    "symbol": "CL",
    "reportedCurrency": "USD",
    "cik": "0000021665",
    "fillingDate": "2025-02-13",
    "acceptedDate": "2025-02-13 16:04:47",
    "calendarYear": "2024",
    "period": "Q4",
    "revenue": 4944000000,
    "costOfRevenue": 1961000000,
    "grossProfit": 2983000000,
    "grossProfitRatio": 0.6033576052,
    "researchAndDevelopmentExpenses": 0,
    "generalAndAdministrativeExpenses": 0,
    "sellingAndMarketingExpenses": 0,
    "sellingGeneralAndAdministrativeExpenses": 1893000000,
    "otherExpenses": 0,
    "operatingExpenses": 1893000000,
    "costAndExpenses": 3854000000,
    "interestIncome": 16000000,
    "interestExpense": 66000000,
    "depreciationAndAmortization": 148000000,
    "ebitda": 1208000000,
    "ebitdaratio": 0.2443365696,
    "operatingIncome": 1090000000,
    "operatingIncomeRatio": 0.2204692557,
    "totalOtherIncomeExpensesNet": -96000000,
    "incomeBeforeTax": 994000000,
    "incomeBeforeTaxRatio": 0.2010517799,
    "incomeTaxExpense": 214000000,
    "netIncome": 739000000,
    "netIncomeRatio": 0.14947411,
    "eps": 0.91,
    "epsdiluted": 0.9,
    "weightedAverageShsOut": 817700000,
    "weightedAverageShsOutDil": 822500000,
    "link": "https://www.sec.gov/Archives/edgar/data/21665/000002166525000008/0000021665-25-000008-index.htm",
    "finalLink": "https://www.sec.gov/Archives/edgar/data/21665/000002166525000008/cl-20241231.htm"
  },
  {
    "date": "2024-09-30",
    "symbol": "CL",
    "reportedCurrency": "USD",
    "cik": "0000021665",
    "fillingDate": "2024-10-25",
    "acceptedDate": "2024-10-25 08:31:34",
    "calendarYear": "2024",
    "period": "Q3",
    "revenue": 5033000000,
    "costOfRevenue": 1959000000,
    "grossProfit": 3074000000,
    "grossProfitRatio": 0.6107689251,
    "researchAndDevelopmentExpenses": 0,
    "generalAndAdministrativeExpenses": 0,
    "sellingAndMarketingExpenses": 0,
    "sellingGeneralAndAdministrativeExpenses": 1964000000,
    "otherExpenses": 0,
    "operatingExpenses": 1964000000,
    "costAndExpenses": 3923000000,
    "interestIncome": 0,
    "interestExpense": 56000000,
    "depreciationAndAmortization": 150000000,
    "ebitda": 1192000000,
    "ebitdaratio": 0.2368368766,
    "operatingIncome": 1110000000,
    "operatingIncomeRatio": 0.2205444069,
    "totalOtherIncomeExpensesNet": -124000000,
    "incomeBeforeTax": 986000000,
    "incomeBeforeTaxRatio": 0.1959070137,
    "incomeTaxExpense": 210000000,
    "netIncome": 737000000,
    "netIncomeRatio": 0.1464335386,
    "eps": 0.9,
    "epsdiluted": 0.9,
    "weightedAverageShsOut": 817700000,
    "weightedAverageShsOutDil": 822500000,
    "link": "https://www.sec.gov/Archives/edgar/data/21665/000002166524000044/0000021665-24-000044-index.htm",
    "finalLink": "https://www.sec.gov/Archives/edgar/data/21665/000002166524000044/cl-20240930.htm"
  },
  {
    "date": "2024-06-30",
    "symbol": "CL",
    "reportedCurrency": "USD",
    "cik": "0000021665",
    "fillingDate": "2024-07-26",
    "acceptedDate": "2024-07-26 08:31:51",
    "calendarYear": "2024",
    "period": "Q2",
    "revenue": 5058000000,
    "costOfRevenue": 1989000000,
    "grossProfit": 3069000000,
    "grossProfitRatio": 0.6067615658,
    "researchAndDevelopmentExpenses": 0,
    "generalAndAdministrativeExpenses": 0,
    "sellingAndMarketingExpenses": 0,
    "sellingGeneralAndAdministrativeExpenses": 1911000000,
    "otherExpenses": 0,
    "operatingExpenses": 1911000000,
    "costAndExpenses": 3900000000,
    "interestIncome": 0,
    "interestExpense": 62000000,
    "depreciationAndAmortization": 157000000,
    "ebitda": 1229000000,
    "ebitdaratio": 0.2429814156,
    "operatingIncome": 1158000000,
    "operatingIncomeRatio": 0.2289442467,
    "totalOtherIncomeExpensesNet": -148000000,
    "incomeBeforeTax": 1010000000,
    "incomeBeforeTaxRatio": 0.1996836694,
    "incomeTaxExpense": 243000000,
    "netIncome": 731000000,
    "netIncomeRatio": 0.1445235271,
    "eps": 0.89,
    "epsdiluted": 0.89,
    "weightedAverageShsOut": 819700000,
    "weightedAverageShsOutDil": 823700000,
    "link": "https://www.sec.gov/Archives/edgar/data/21665/000002166524000031/0000021665-24-000031-index.htm",
    "finalLink": "https://www.sec.gov/Archives/edgar/data/21665/000002166524000031/cl-20240630.htm"
  },
  {
    "date": "2024-03-31",
    "symbol": "CL",
    "reportedCurrency": "USD",
    "cik": "0000021665",
    "fillingDate": "2024-04-26",
    "acceptedDate": "2024-04-26 08:37:12",
    "calendarYear": "2024",
    "period": "Q1",
    "revenue": 5065000000,
    "costOfRevenue": 2029000000,
    "grossProfit": 3036000000,
    "grossProfitRatio": 0.5994076999,
    "researchAndDevelopmentExpenses": 0,
    "generalAndAdministrativeExpenses": 0,
    "sellingAndMarketingExpenses": 0,
    "sellingGeneralAndAdministrativeExpenses": 1859000000,
    "otherExpenses": 0,
    "operatingExpenses": 1859000000,
    "costAndExpenses": 3888000000,
    "interestIncome": 0,
    "interestExpense": 58000000,
    "depreciationAndAmortization": 150000000,
    "ebitda": 1175000000,
    "ebitdaratio": 0.2319842053,
    "operatingIncome": 1177000000,
    "operatingIncomeRatio": 0.2323790721,
    "totalOtherIncomeExpensesNet": -210000000,
    "incomeBeforeTax": 967000000,
    "incomeBeforeTaxRatio": 0.1909180652,
    "incomeTaxExpense": 238000000,
    "netIncome": 683000000,
    "netIncomeRatio": 0.1348469891,
    "eps": 0.83,
    "epsdiluted": 0.83,
    "weightedAverageShsOut": 822800000,
    "weightedAverageShsOutDil": 825900000,
    "link": "https://www.sec.gov/Archives/edgar/data/21665/000002166524000015/0000021665-24-000015-index.htm",
    "finalLink": "https://www.sec.gov/Archives/edgar/data/21665/000002166524000015/cl-20240331.htm"
  },
  {
    "date": "2023-12-31",
    "symbol": "CL",
    "reportedCurrency": "USD",
    "cik": "0000021665",
    "fillingDate": "2024-02-15",
    "acceptedDate": "2024-02-15 16:03:27",
    "calendarYear": "2023",
    "period": "Q4",
    "revenue": 4950000000,
    "costOfRevenue": 2007000000,
    "grossProfit": 2943000000,
    "grossProfitRatio": 0.5945454545,
    "researchAndDevelopmentExpenses": 0,
    "generalAndAdministrativeExpenses": 0,
    "sellingAndMarketingExpenses": 0,
    "sellingGeneralAndAdministrativeExpenses": 1803000000,
    "otherExpenses": 0,
    "operatingExpenses": 1803000000,
    "costAndExpenses": 3810000000,
    "interestIncome": 0,
    "interestExpense": 62000000,
    "depreciationAndAmortization": 150000000,
    "ebitda": 1200000000,
    "ebitdaratio": 0.2424242424,
    "operatingIncome": 1140000000,
    "operatingIncomeRatio": 0.2303030303,
    "totalOtherIncomeExpensesNet": -152000000,
    "incomeBeforeTax": 988000000,
    "incomeBeforeTaxRatio": 0.1995959596,
    "incomeTaxExpense": 228000000,
    "netIncome": 718000000,
    "netIncomeRatio": 0.1450505051,
    "eps": 0.87,
    "epsdiluted": 0.87,
    "weightedAverageShsOut": 823400000,
    "weightedAverageShsOutDil": 825100000,
    "link": "https://www.sec.gov/Archives/edgar/data/21665/000002166524000003/0000021665-24-000003-index.htm",
    "finalLink": "https://www.sec.gov/Archives/edgar/data/21665/000002166524000003/cl-20231231.htm"
  },
  {
    "date": "2023-09-30",
    "symbol": "CL",
    "reportedCurrency": "USD",
    "cik": "0000021665",
    "fillingDate": "2023-10-27",
    "acceptedDate": "2023-10-27 08:35:07",
    "calendarYear": "2023",
    "period": "Q3",
    "revenue": 4915000000,
    "costOfRevenue": 2032000000,
    "grossProfit": 2883000000,
    "grossProfitRatio": 0.5865717192,
    "researchAndDevelopmentExpenses": 0,
    "generalAndAdministrativeExpenses": 0,
    "sellingAndMarketingExpenses": 0,
    "sellingGeneralAndAdministrativeExpenses": 1820000000,
    "otherExpenses": 0,
    "operatingExpenses": 1820000000,
    "costAndExpenses": 3852000000,
    "interestIncome": 0,
    "interestExpense": 60000000,
    "depreciationAndAmortization": 144000000,
    "ebitda": 1160000000,
    "ebitdaratio": 0.2360122075,
    "operatingIncome": 1063000000,
    "operatingIncomeRatio": 0.216276704,
    "totalOtherIncomeExpensesNet": -107000000,
    "incomeBeforeTax": 956000000,
    "incomeBeforeTaxRatio": 0.1945066124,
    "incomeTaxExpense": 209000000,
    "netIncome": 708000000,
    "netIncomeRatio": 0.1440488301,
    "eps": 0.86,
    "epsdiluted": 0.86,
    "weightedAverageShsOut": 825600000,
    "weightedAverageShsOutDil": 827300000,
    "link": "https://www.sec.gov/Archives/edgar/data/21665/000002166523000037/0000021665-23-000037-index.htm",
    "finalLink": "https://www.sec.gov/Archives/edgar/data/21665/000002166523000037/cl-20230930.htm"
  },
  {
    "date": "2023-06-30",
    "symbol": "CL",
    "reportedCurrency": "USD",
    "cik": "0000021665",
    "fillingDate": "2023-07-28",
    "acceptedDate": "2023-07-28 08:06:46",
    "calendarYear": "2023",
    "period": "Q2",
    "revenue": 4822000000,
    "costOfRevenue": 2031000000,
    "grossProfit": 2791000000,
    "grossProfitRatio": 0.5788054749,
    "researchAndDevelopmentExpenses": 0,
    "generalAndAdministrativeExpenses": 0,
    "sellingAndMarketingExpenses": 0,
    "sellingGeneralAndAdministrativeExpenses": 1750000000,
    "otherExpenses": 0,
    "operatingExpenses": 1750000000,
    "costAndExpenses": 3781000000,
    "interestIncome": 0,
    "interestExpense": 58000000,
    "depreciationAndAmortization": 145000000,
    "ebitda": 1090000000,
    "ebitdaratio": 0.2260472833,
    "operatingIncome": 1041000000,
    "operatingIncomeRatio": 0.2158855247,
    "totalOtherIncomeExpensesNet": -154000000,
    "incomeBeforeTax": 887000000,
    "incomeBeforeTaxRatio": 0.1839485691,
    "incomeTaxExpense": 353000000,
    "netIncome": 502000000,
    "netIncomeRatio": 0.10410618,
    "eps": 0.61,
    "epsdiluted": 0.6,
    "weightedAverageShsOut": 829400000,
    "weightedAverageShsOutDil": 831300000,
    "link": "https://www.sec.gov/Archives/edgar/data/21665/000002166523000031/0000021665-23-000031-index.htm",
    "finalLink": "https://www.sec.gov/Archives/edgar/data/21665/000002166523000031/cl-20230630.htm"
  },
  {
    "date": "2023-03-31",
    "symbol": "CL",
    "reportedCurrency": "USD",
    "cik": "0000021665",
    "fillingDate": "2023-04-28",
    "acceptedDate": "2023-04-28 08:34:19",
    "calendarYear": "2023",
    "period": "Q1",
    "revenue": 4770000000,
    "costOfRevenue": 2065000000,
    "grossProfit": 2705000000,
    "grossProfitRatio": 0.5670859539,
    "researchAndDevelopmentExpenses": 0,
    "generalAndAdministrativeExpenses": 0,
    "sellingAndMarketingExpenses": 0,
    "sellingGeneralAndAdministrativeExpenses": 1752000000,
    "otherExpenses": 0,
    "operatingExpenses": 1752000000,
    "costAndExpenses": 3817000000,
    "interestIncome": 0,
    "interestExpense": 54000000,
    "depreciationAndAmortization": 128000000,
    "ebitda": 743000000,
    "ebitdaratio": 0.1557651992,
    "operatingIncome": 953000000,
    "operatingIncomeRatio": 0.1997903564,
    "totalOtherIncomeExpensesNet": -392000000,
    "incomeBeforeTax": 561000000,
    "incomeBeforeTaxRatio": 0.1176100629,
    "incomeTaxExpense": 147000000,
    "netIncome": 372000000,
    "netIncomeRatio": 0.0779874214,
    "eps": 0.45,
    "epsdiluted": 0.45,
    "weightedAverageShsOut": 831400000,
    "weightedAverageShsOutDil": 833000000,
    "link": "https://www.sec.gov/Archives/edgar/data/21665/000002166523000016/0000021665-23-000016-index.htm",
    "finalLink": "https://www.sec.gov/Archives/edgar/data/21665/000002166523000016/cl-20230331.htm"
  },
  {
    "date": "2022-12-31",
    "symbol": "CL",
    "reportedCurrency": "USD",
    "cik": "0000021665",
    "fillingDate": "2023-02-16",
    "acceptedDate": "2023-02-16 16:17:09",
    "calendarYear": "2022",
    "period": "Q4",
    "revenue": 4629000000,
    "costOfRevenue": 2058000000,
    "grossProfit": 2571000000,
    "grossProfitRatio": 0.555411536,
    "researchAndDevelopmentExpenses": 0,
    "generalAndAdministrativeExpenses": 0,
    "sellingAndMarketingExpenses": 0,
    "sellingGeneralAndAdministrativeExpenses": 1633000000,
    "otherExpenses": 0,
    "operatingExpenses": 1633000000,
    "costAndExpenses": 3691000000,
    "interestIncome": 0,
    "interestExpense": 55000000,
    "depreciationAndAmortization": 135000000,
    "ebitda": 322000000,
    "ebitdaratio": 0.0695614604,
    "operatingIncome": 938000000,
    "operatingIncomeRatio": 0.2026355584,
    "totalOtherIncomeExpensesNet": -806000000,
    "incomeBeforeTax": 132000000,
    "incomeBeforeTaxRatio": 0.0285158782,
    "incomeTaxExpense": 89000000,
    "netIncome": 5000000,
    "netIncomeRatio": 0.0010801469,
    "eps": 0.006,
    "epsdiluted": 0.006,
    "weightedAverageShsOut": 832600000,
    "weightedAverageShsOutDil": 834400000,
    "link": "https://www.sec.gov/Archives/edgar/data/21665/000002166523000007/0000021665-23-000007-index.htm",
    "finalLink": "https://www.sec.gov/Archives/edgar/data/21665/000002166523000007/cl-20221231.htm"
  },
  {
    "date": "2022-09-30",
    "symbol": "CL",
    "reportedCurrency": "USD",
    "cik": "0000021665",
    "fillingDate": "2022-10-28",
    "acceptedDate": "2022-10-28 08:40:01",
    "calendarYear": "2022",
    "period": "Q3",
    "revenue": 4455000000,
    "costOfRevenue": 1911000000,
    "grossProfit": 2544000000,
    "grossProfitRatio": 0.571043771,
    "researchAndDevelopmentExpenses": 0,
    "generalAndAdministrativeExpenses": 0,
    "sellingAndMarketingExpenses": 0,
    "sellingGeneralAndAdministrativeExpenses": 1631000000,
    "otherExpenses": 0,
    "operatingExpenses": 1631000000,
    "costAndExpenses": 3542000000,
    "interestIncome": 0,
    "interestExpense": 40000000,
    "depreciationAndAmortization": 134000000,
    "ebitda": 1066000000,
    "ebitdaratio": 0.2392817059,
    "operatingIncome": 913000000,
    "operatingIncomeRatio": 0.2049382716,
    "totalOtherIncomeExpensesNet": -21000000,
    "incomeBeforeTax": 892000000,
    "incomeBeforeTaxRatio": 0.2002244669,
    "incomeTaxExpense": 210000000,
    "netIncome": 618000000,
    "netIncomeRatio": 0.1387205387,
    "eps": 0.74,
    "epsdiluted": 0.74,
    "weightedAverageShsOut": 835700000,
    "weightedAverageShsOutDil": 838500000,
    "link": "https://www.sec.gov/Archives/edgar/data/21665/000002166522000027/0000021665-22-000027-index.htm",
    "finalLink": "https://www.sec.gov/Archives/edgar/data/21665/000002166522000027/cl-20220930.htm"
  },
  {
    "date": "2022-06-30",
    "symbol": "CL",
    "reportedCurrency": "USD",
    "cik": "0000021665",
    "fillingDate": "2022-07-29",
    "acceptedDate": "2022-07-29 08:18:40",
    "calendarYear": "2022",
    "period": "Q2",
    "revenue": 4484000000,
    "costOfRevenue": 1936000000,
    "grossProfit": 2548000000,
    "grossProfitRatio": 0.5682426405,
    "researchAndDevelopmentExpenses": 0,
    "generalAndAdministrativeExpenses": 0,
    "sellingAndMarketingExpenses": 0,
    "sellingGeneralAndAdministrativeExpenses": 1644000000,
    "otherExpenses": 0,
    "operatingExpenses": 1644000000,
    "costAndExpenses": 3580000000,
    "interestIncome": 0,
    "interestExpense": 31000000,
    "depreciationAndAmortization": 138000000,
    "ebitda": 1010000000,
    "ebitdaratio": 0.2252453167,
    "operatingIncome": 904000000,
    "operatingIncomeRatio": 0.2016057092,
    "totalOtherIncomeExpensesNet": -63000000,
    "incomeBeforeTax": 841000000,
    "incomeBeforeTaxRatio": 0.1875557538,
    "incomeTaxExpense": 202000000,
    "netIncome": 603000000,
    "netIncomeRatio": 0.1344781445,
    "eps": 0.72,
    "epsdiluted": 0.72,
    "weightedAverageShsOut": 836800000,
    "weightedAverageShsOutDil": 839400000,
    "link": "https://www.sec.gov/Archives/edgar/data/21665/000002166522000025/0000021665-22-000025-index.htm",
    "finalLink": "https://www.sec.gov/Archives/edgar/data/21665/000002166522000025/cl-20220630.htm"
  },
  {
    "date": "2022-03-31",
    "symbol": "CL",
    "reportedCurrency": "USD",
    "cik": "0000021665",
    "fillingDate": "2022-04-29",
    "acceptedDate": "2022-04-29 08:35:42",
    "calendarYear": "2022",
    "period": "Q1",
    "revenue": 4399000000,
    "costOfRevenue": 1832000000,
    "grossProfit": 2567000000,
    "grossProfitRatio": 0.583541714,
    "researchAndDevelopmentExpenses": 0,
    "generalAndAdministrativeExpenses": 0,
    "sellingAndMarketingExpenses": 0,
    "sellingGeneralAndAdministrativeExpenses": 1578000000,
    "otherExpenses": 0,
    "operatingExpenses": 1578000000,
    "costAndExpenses": 3410000000,
    "interestIncome": 0,
    "interestExpense": 27000000,
    "depreciationAndAmortization": 138000000,
    "ebitda": 960000000,
    "ebitdaratio": 0.2182314162,
    "operatingIncome": 989000000,
    "operatingIncomeRatio": 0.2248238236,
    "totalOtherIncomeExpensesNet": -194000000,
    "incomeBeforeTax": 795000000,
    "incomeBeforeTaxRatio": 0.1807228916,
    "incomeTaxExpense": 192000000,
    "netIncome": 559000000,
    "netIncomeRatio": 0.1270743351,
    "eps": 0.67,
    "epsdiluted": 0.66,
    "weightedAverageShsOut": 840600000,
    "weightedAverageShsOutDil": 843700000,
    "link": "https://www.sec.gov/Archives/edgar/data/21665/000002166522000010/0000021665-22-000010-index.htm",
    "finalLink": "https://www.sec.gov/Archives/edgar/data/21665/000002166522000010/cl-20220331.htm"
  },
  {
    "date": "2021-12-31",
    "symbol": "CL",
    "reportedCurrency": "USD",
    "cik": "0000021665",
    "fillingDate": "2022-02-17",
    "acceptedDate": "2022-02-17 16:17:32",
    "calendarYear": "2021",
    "period": "Q4",
    "revenue": 4403000000,
    "costOfRevenue": 1846000000,
    "grossProfit": 2557000000,
    "grossProfitRatio": 0.5807404043,
    "researchAndDevelopmentExpenses": 0,
    "generalAndAdministrativeExpenses": 0,
    "sellingAndMarketingExpenses": 0,
    "sellingGeneralAndAdministrativeExpenses": 1598000000,
    "otherExpenses": 0,
    "operatingExpenses": 1598000000,
    "costAndExpenses": 3444000000,
    "interestIncome": 0,
    "interestExpense": 23000000,
    "depreciationAndAmortization": 142000000,
    "ebitda": 489000000,
    "ebitdaratio": 0.1110606405,
    "operatingIncome": 959000000,
    "operatingIncomeRatio": 0.2178060413,
    "totalOtherIncomeExpensesNet": -635000000,
    "incomeBeforeTax": 324000000,
    "incomeBeforeTaxRatio": 0.0735861912,
    "incomeTaxExpense": 136000000,
    "netIncome": 148000000,
    "netIncomeRatio": 0.0336134454,
    "eps": 0.18,
    "epsdiluted": 0.18,
    "weightedAverageShsOut": 842100000,
    "weightedAverageShsOutDil": 845000000,
    "link": "https://www.sec.gov/Archives/edgar/data/21665/000002166522000003/0000021665-22-000003-index.htm",
    "finalLink": "https://www.sec.gov/Archives/edgar/data/21665/000002166522000003/cl-20211231.htm"
  },
  {
    "date": "2021-09-30",
    "symbol": "CL",
    "reportedCurrency": "USD",
    "cik": "0000021665",
    "fillingDate": "2021-10-29",
    "acceptedDate": "2021-10-29 08:52:04",
    "calendarYear": "2021",
    "period": "Q3",
    "revenue": 4414000000,
    "costOfRevenue": 1789000000,
    "grossProfit": 2625000000,
    "grossProfitRatio": 0.594698686,
    "researchAndDevelopmentExpenses": 0,
    "generalAndAdministrativeExpenses": 0,
    "sellingAndMarketingExpenses": 0,
    "sellingGeneralAndAdministrativeExpenses": 1636000000,
    "otherExpenses": 0,
    "operatingExpenses": 1636000000,
    "costAndExpenses": 3425000000,
    "interestIncome": 0,
    "interestExpense": 98000000,
    "depreciationAndAmortization": 140000000,
    "ebitda": 1091000000,
    "ebitdaratio": 0.2471681015,
    "operatingIncome": 989000000,
    "operatingIncomeRatio": 0.2240598097,
    "totalOtherIncomeExpensesNet": -136000000,
    "incomeBeforeTax": 853000000,
    "incomeBeforeTaxRatio": 0.193248754,
    "incomeTaxExpense": 172000000,
    "netIncome": 634000000,
    "netIncomeRatio": 0.1436338922,
    "eps": 0.75,
    "epsdiluted": 0.75,
    "weightedAverageShsOut": 843600000,
    "weightedAverageShsOutDil": 846400000,
    "link": "https://www.sec.gov/Archives/edgar/data/21665/000002166521000027/0000021665-21-000027-index.htm",
    "finalLink": "https://www.sec.gov/Archives/edgar/data/21665/000002166521000027/cl-20210930.htm"
  },
  {
    "date": "2021-06-30",
    "symbol": "CL",
    "reportedCurrency": "USD",
    "cik": "0000021665",
    "fillingDate": "2021-07-30",
    "acceptedDate": "2021-07-30 08:53:43",
    "calendarYear": "2021",
    "period": "Q2",
    "revenue": 4260000000,
    "costOfRevenue": 1700000000,
    "grossProfit": 2560000000,
    "grossProfitRatio": 0.6009389671,
    "researchAndDevelopmentExpenses": 0,
    "generalAndAdministrativeExpenses": 0,
    "sellingAndMarketingExpenses": 0,
    "sellingGeneralAndAdministrativeExpenses": 1568000000,
    "otherExpenses": 0,
    "operatingExpenses": 1568000000,
    "costAndExpenses": 3268000000,
    "interestIncome": 0,
    "interestExpense": 25000000,
    "depreciationAndAmortization": 137000000,
    "ebitda": 1115000000,
    "ebitdaratio": 0.2617370892,
    "operatingIncome": 992000000,
    "operatingIncomeRatio": 0.2328638498,
    "totalOtherIncomeExpensesNet": -39000000,
    "incomeBeforeTax": 953000000,
    "incomeBeforeTaxRatio": 0.2237089202,
    "incomeTaxExpense": 212000000,
    "netIncome": 703000000,
    "netIncomeRatio": 0.1650234742,
    "eps": 0.83,
    "epsdiluted": 0.83,
    "weightedAverageShsOut": 845600000,
    "weightedAverageShsOutDil": 849400000,
    "link": "https://www.sec.gov/Archives/edgar/data/21665/000002166521000025/0000021665-21-000025-index.htm",
    "finalLink": "https://www.sec.gov/Archives/edgar/data/21665/000002166521000025/cl-20210630.htm"
  },
  {
    "date": "2021-03-31",
    "symbol": "CL",
    "reportedCurrency": "USD",
    "cik": "0000021665",
    "fillingDate": "2021-04-30",
    "acceptedDate": "2021-04-30 08:59:19",
    "calendarYear": "2021",
    "period": "Q1",
    "revenue": 4344000000,
    "costOfRevenue": 1704000000,
    "grossProfit": 2640000000,
    "grossProfitRatio": 0.6077348066,
    "researchAndDevelopmentExpenses": 0,
    "generalAndAdministrativeExpenses": 0,
    "sellingAndMarketingExpenses": 0,
    "sellingGeneralAndAdministrativeExpenses": 1605000000,
    "otherExpenses": 0,
    "operatingExpenses": 1605000000,
    "costAndExpenses": 3309000000,
    "interestIncome": 0,
    "interestExpense": 29000000,
    "depreciationAndAmortization": 137000000,
    "ebitda": 1123000000,
    "ebitdaratio": 0.2585174954,
    "operatingIncome": 1035000000,
    "operatingIncomeRatio": 0.2382596685,
    "totalOtherIncomeExpensesNet": -78000000,
    "incomeBeforeTax": 957000000,
    "incomeBeforeTaxRatio": 0.2203038674,
    "incomeTaxExpense": 229000000,
    "netIncome": 681000000,
    "netIncomeRatio": 0.1567679558,
    "eps": 0.8,
    "epsdiluted": 0.8,
    "weightedAverageShsOut": 848600000,
    "weightedAverageShsOutDil": 851400000,
    "link": "https://www.sec.gov/Archives/edgar/data/21665/000002166521000010/0000021665-21-000010-index.htm",
    "finalLink": "https://www.sec.gov/Archives/edgar/data/21665/000002166521000010/cl-20210331.htm"
  },
  {
    "date": "2020-12-31",
    "symbol": "CL",
    "reportedCurrency": "USD",
    "cik": "0000021665",
    "fillingDate": "2021-02-18",
    "acceptedDate": "2021-02-18 16:10:54",
    "calendarYear": "2020",
    "period": "Q4",
    "revenue": 4324000000,
    "costOfRevenue": 1681000000,
    "grossProfit": 2643000000,
    "grossProfitRatio": 0.611239593,
    "researchAndDevelopmentExpenses": 0,
    "generalAndAdministrativeExpenses": 0,
    "sellingAndMarketingExpenses": 0,
    "sellingGeneralAndAdministrativeExpenses": 1633000000,
    "otherExpenses": 0,
    "operatingExpenses": 1633000000,
    "costAndExpenses": 3314000000,
    "interestIncome": 0,
    "interestExpense": 34000000,
    "depreciationAndAmortization": 139000000,
    "ebitda": 1067000000,
    "ebitdaratio": 0.2467622572,
    "operatingIncome": 1010000000,
    "operatingIncomeRatio": 0.2335800185,
    "totalOtherIncomeExpensesNet": -116000000,
    "incomeBeforeTax": 894000000,
    "incomeBeforeTaxRatio": 0.2067530065,
    "incomeTaxExpense": 202000000,
    "netIncome": 647000000,
    "netIncomeRatio": 0.1496299722,
    "eps": 0.76,
    "epsdiluted": 0.75,
    "weightedAverageShsOut": 854100000,
    "weightedAverageShsOutDil": 858400000,
    "link": "https://www.sec.gov/Archives/edgar/data/21665/000002166521000007/0000021665-21-000007-index.htm",
    "finalLink": "https://www.sec.gov/Archives/edgar/data/21665/000002166521000007/cl-20201231.htm"
  },
  {
    "date": "2020-09-30",
    "symbol": "CL",
    "reportedCurrency": "USD",
    "cik": "0000021665",
    "fillingDate": "2020-10-30",
    "acceptedDate": "2020-10-30 08:31:40",
    "calendarYear": "2020",
    "period": "Q3",
    "revenue": 4153000000,
    "costOfRevenue": 1614000000,
    "grossProfit": 2539000000,
    "grossProfitRatio": 0.6113652781,
    "researchAndDevelopmentExpenses": 0,
    "generalAndAdministrativeExpenses": 0,
    "sellingAndMarketingExpenses": 0,
    "sellingGeneralAndAdministrativeExpenses": 1518000000,
    "otherExpenses": 0,
    "operatingExpenses": 1518000000,
    "costAndExpenses": 3132000000,
    "interestIncome": 0,
    "interestExpense": 36000000,
    "depreciationAndAmortization": 134000000,
    "ebitda": 1137000000,
    "ebitdaratio": 0.2737779918,
    "operatingIncome": 1021000000,
    "operatingIncomeRatio": 0.2458463761,
    "totalOtherIncomeExpensesNet": -54000000,
    "incomeBeforeTax": 967000000,
    "incomeBeforeTaxRatio": 0.2328437274,
    "incomeTaxExpense": 222000000,
    "netIncome": 698000000,
    "netIncomeRatio": 0.1680712738,
    "eps": 0.81,
    "epsdiluted": 0.81,
    "weightedAverageShsOut": 859000000,
    "weightedAverageShsOutDil": 861800000,
    "link": "https://www.sec.gov/Archives/edgar/data/21665/000002166520000026/0000021665-20-000026-index.htm",
    "finalLink": "https://www.sec.gov/Archives/edgar/data/21665/000002166520000026/cl-20200930.htm"
  },
  {
    "date": "2020-06-30",
    "symbol": "CL",
    "reportedCurrency": "USD",
    "cik": "0000021665",
    "fillingDate": "2020-07-31",
    "acceptedDate": "2020-07-31 08:40:19",
    "calendarYear": "2020",
    "period": "Q2",
    "revenue": 3897000000,
    "costOfRevenue": 1533000000,
    "grossProfit": 2364000000,
    "grossProfitRatio": 0.6066204773,
    "researchAndDevelopmentExpenses": 0,
    "generalAndAdministrativeExpenses": 0,
    "sellingAndMarketingExpenses": 0,
    "sellingGeneralAndAdministrativeExpenses": 1395000000,
    "otherExpenses": 0,
    "operatingExpenses": 1395000000,
    "costAndExpenses": 2928000000,
    "interestIncome": 0,
    "interestExpense": 35000000,
    "depreciationAndAmortization": 133000000,
    "ebitda": 1059000000,
    "ebitdaratio": 0.2717474981,
    "operatingIncome": 969000000,
    "operatingIncomeRatio": 0.2486528099,
    "totalOtherIncomeExpensesNet": -78000000,
    "incomeBeforeTax": 891000000,
    "incomeBeforeTaxRatio": 0.2286374134,
    "incomeTaxExpense": 216000000,
    "netIncome": 635000000,
    "netIncomeRatio": 0.1629458558,
    "eps": 0.74,
    "epsdiluted": 0.74,
    "weightedAverageShsOut": 857400000,
    "weightedAverageShsOutDil": 858900000,
    "link": "https://www.sec.gov/Archives/edgar/data/21665/000002166520000023/0000021665-20-000023-index.htm",
    "finalLink": "https://www.sec.gov/Archives/edgar/data/21665/000002166520000023/cl-20200630.htm"
  },
  {
    "date": "2020-03-31",
    "symbol": "CL",
    "reportedCurrency": "USD",
    "cik": "0000021665",
    "fillingDate": "2020-05-01",
    "acceptedDate": "2020-05-01 07:40:17",
    "calendarYear": "2020",
    "period": "Q1",
    "revenue": 4097000000,
    "costOfRevenue": 1634000000,
    "grossProfit": 2463000000,
    "grossProfitRatio": 0.601171589,
    "researchAndDevelopmentExpenses": 0,
    "generalAndAdministrativeExpenses": 0,
    "sellingAndMarketingExpenses": 0,
    "sellingGeneralAndAdministrativeExpenses": 1467000000,
    "otherExpenses": 0,
    "operatingExpenses": 1467000000,
    "costAndExpenses": 3101000000,
    "interestIncome": 0,
    "interestExpense": 36000000,
    "depreciationAndAmortization": 133000000,
    "ebitda": 1064000000,
    "ebitdaratio": 0.2597022211,
    "operatingIncome": 996000000,
    "operatingIncomeRatio": 0.2431047108,
    "totalOtherIncomeExpensesNet": -101000000,
    "incomeBeforeTax": 895000000,
    "incomeBeforeTaxRatio": 0.2184525262,
    "incomeTaxExpense": 147000000,
    "netIncome": 715000000,
    "netIncomeRatio": 0.17451794,
    "eps": 0.83,
    "epsdiluted": 0.83,
    "weightedAverageShsOut": 856900000,
    "weightedAverageShsOutDil": 858400000,
    "link": "https://www.sec.gov/Archives/edgar/data/21665/000002166520000007/0000021665-20-000007-index.htm",
    "finalLink": "https://www.sec.gov/Archives/edgar/data/21665/000002166520000007/cl-3312020x10q.htm"
  },
  {
    "date": "2019-12-31",
    "symbol": "CL",
    "reportedCurrency": "USD",
    "cik": "0000021665",
    "fillingDate": "2020-02-21",
    "acceptedDate": "2020-02-21 16:53:42",
    "calendarYear": "2019",
    "period": "Q4",
    "revenue": 4015000000,
    "costOfRevenue": 1664000000,
    "grossProfit": 2351000000,
    "grossProfitRatio": 0.5855541719,
    "researchAndDevelopmentExpenses": 0,
    "generalAndAdministrativeExpenses": 0,
    "sellingAndMarketingExpenses": 0,
    "sellingGeneralAndAdministrativeExpenses": 1394000000,
    "otherExpenses": 0,
    "operatingExpenses": 1394000000,
    "costAndExpenses": 3058000000,
    "interestIncome": 0,
    "interestExpense": 32000000,
    "depreciationAndAmortization": 133000000,
    "ebitda": 1035000000,
    "ebitdaratio": 0.2577833126,
    "operatingIncome": 957000000,
    "operatingIncomeRatio": 0.2383561644,
    "totalOtherIncomeExpensesNet": -87000000,
    "incomeBeforeTax": 870000000,
    "incomeBeforeTaxRatio": 0.2166874222,
    "incomeTaxExpense": 188000000,
    "netIncome": 643000000,
    "netIncomeRatio": 0.1601494396,
    "eps": 0.75,
    "epsdiluted": 0.75,
    "weightedAverageShsOut": 856700000,
    "weightedAverageShsOutDil": 858000000,
    "link": "https://www.sec.gov/Archives/edgar/data/21665/000002166520000004/0000021665-20-000004-index.htm",
    "finalLink": "https://www.sec.gov/Archives/edgar/data/21665/000002166520000004/cl-12312019x10k.htm"
  },
  {
    "date": "2019-09-30",
    "symbol": "CL",
    "reportedCurrency": "USD",
    "cik": "0000021665",
    "fillingDate": "2019-11-01",
    "acceptedDate": "2019-11-01 09:24:29",
    "calendarYear": "2019",
    "period": "Q3",
    "revenue": 3928000000,
    "costOfRevenue": 1610000000,
    "grossProfit": 2318000000,
    "grossProfitRatio": 0.5901221996,
    "researchAndDevelopmentExpenses": 0,
    "generalAndAdministrativeExpenses": 0,
    "sellingAndMarketingExpenses": 0,
    "sellingGeneralAndAdministrativeExpenses": 1401000000,
    "otherExpenses": 0,
    "operatingExpenses": 1401000000,
    "costAndExpenses": 3011000000,
    "interestIncome": 0,
    "interestExpense": 35000000,
    "depreciationAndAmortization": 130000000,
    "ebitda": 959000000,
    "ebitdaratio": 0.2441446029,
    "operatingIncome": 917000000,
    "operatingIncomeRatio": 0.2334521385,
    "totalOtherIncomeExpensesNet": -123000000,
    "incomeBeforeTax": 794000000,
    "incomeBeforeTaxRatio": 0.2021384929,
    "incomeTaxExpense": 167000000,
    "netIncome": 578000000,
    "netIncomeRatio": 0.1471486762,
    "eps": 0.67,
    "epsdiluted": 0.67,
    "weightedAverageShsOut": 858700000,
    "weightedAverageShsOutDil": 861200000,
    "link": "https://www.sec.gov/Archives/edgar/data/21665/000002166519000022/0000021665-19-000022-index.htm",
    "finalLink": "https://www.sec.gov/Archives/edgar/data/21665/000002166519000022/cl-9302019x10q.htm"
  },
  {
    "date": "2019-06-30",
    "symbol": "CL",
    "reportedCurrency": "USD",
    "cik": "0000021665",
    "fillingDate": "2019-07-26",
    "acceptedDate": "2019-07-26 09:20:56",
    "calendarYear": "2019",
    "period": "Q2",
    "revenue": 3866000000,
    "costOfRevenue": 1560000000,
    "grossProfit": 2306000000,
    "grossProfitRatio": 0.5964821521,
    "researchAndDevelopmentExpenses": 0,
    "generalAndAdministrativeExpenses": 0,
    "sellingAndMarketingExpenses": 0,
    "sellingGeneralAndAdministrativeExpenses": 1359000000,
    "otherExpenses": 0,
    "operatingExpenses": 1359000000,
    "costAndExpenses": 2919000000,
    "interestIncome": 0,
    "interestExpense": 38000000,
    "depreciationAndAmortization": 128000000,
    "ebitda": 989000000,
    "ebitdaratio": 0.255819969,
    "operatingIncome": 947000000,
    "operatingIncomeRatio": 0.2449560269,
    "totalOtherIncomeExpensesNet": -124000000,
    "incomeBeforeTax": 823000000,
    "incomeBeforeTaxRatio": 0.2128815313,
    "incomeTaxExpense": 205000000,
    "netIncome": 586000000,
    "netIncomeRatio": 0.1515778583,
    "eps": 0.68,
    "epsdiluted": 0.68,
    "weightedAverageShsOut": 859400000,
    "weightedAverageShsOutDil": 861900000,
    "link": "https://www.sec.gov/Archives/edgar/data/21665/000002166519000020/0000021665-19-000020-index.htm",
    "finalLink": "https://www.sec.gov/Archives/edgar/data/21665/000002166519000020/cl-6302019x10q.htm"
  },
  {
    "date": "2019-03-31",
    "symbol": "CL",
    "reportedCurrency": "USD",
    "cik": "0000021665",
    "fillingDate": "2019-04-26",
    "acceptedDate": "2019-04-26 10:00:14",
    "calendarYear": "2019",
    "period": "Q1",
    "revenue": 3884000000,
    "costOfRevenue": 1586000000,
    "grossProfit": 2298000000,
    "grossProfitRatio": 0.5916580844,
    "researchAndDevelopmentExpenses": 0,
    "generalAndAdministrativeExpenses": 0,
    "sellingAndMarketingExpenses": 0,
    "sellingGeneralAndAdministrativeExpenses": 1361000000,
    "otherExpenses": 0,
    "operatingExpenses": 1361000000,
    "costAndExpenses": 2947000000,
    "interestIncome": 0,
    "interestExpense": 40000000,
    "depreciationAndAmortization": 128000000,
    "ebitda": 982000000,
    "ebitdaratio": 0.2528321318,
    "operatingIncome": 937000000,
    "operatingIncomeRatio": 0.241246138,
    "totalOtherIncomeExpensesNet": -123000000,
    "incomeBeforeTax": 814000000,
    "incomeBeforeTaxRatio": 0.2095777549,
    "incomeTaxExpense": 214000000,
    "netIncome": 560000000,
    "netIncomeRatio": 0.1441812564,
    "eps": 0.65,
    "epsdiluted": 0.65,
    "weightedAverageShsOut": 862000000,
    "weightedAverageShsOutDil": 863200000,
    "link": "https://www.sec.gov/Archives/edgar/data/21665/000002166519000007/0000021665-19-000007-index.htm",
    "finalLink": "https://www.sec.gov/Archives/edgar/data/21665/000002166519000007/cl-3312019x10q.htm"
  },
  {
    "date": "2018-12-31",
    "symbol": "CL",
    "reportedCurrency": "USD",
    "cik": "0000021665",
    "fillingDate": "2019-02-21",
    "acceptedDate": "2019-02-21 16:13:44",
    "calendarYear": "2018",
    "period": "Q4",
    "revenue": 3811000000,
    "costOfRevenue": 1551000000,
    "grossProfit": 2260000000,
    "grossProfitRatio": 0.5930202047,
    "researchAndDevelopmentExpenses": 0,
    "generalAndAdministrativeExpenses": 0,
    "sellingAndMarketingExpenses": 0,
    "sellingGeneralAndAdministrativeExpenses": 1319000000,
    "otherExpenses": 0,
    "operatingExpenses": 1319000000,
    "costAndExpenses": 2870000000,
    "interestIncome": 0,
    "interestExpense": 37000000,
    "depreciationAndAmortization": 126000000,
    "ebitda": 995000000,
    "ebitdaratio": 0.261086329,
    "operatingIncome": 941000000,
    "operatingIncomeRatio": 0.2469168197,
    "totalOtherIncomeExpensesNet": -109000000,
    "incomeBeforeTax": 832000000,
    "incomeBeforeTaxRatio": 0.2183154028,
    "incomeTaxExpense": 189000000,
    "netIncome": 606000000,
    "netIncomeRatio": 0.1590133823,
    "eps": 0.7,
    "epsdiluted": 0.7,
    "weightedAverageShsOut": 866700000,
    "weightedAverageShsOutDil": 867000000,
    "link": "https://www.sec.gov/Archives/edgar/data/21665/000002166519000003/0000021665-19-000003-index.htm",
    "finalLink": "https://www.sec.gov/Archives/edgar/data/21665/000002166519000003/cl-12312018x10k.htm"
  },
  {
    "date": "2018-09-30",
    "symbol": "CL",
    "reportedCurrency": "USD",
    "cik": "0000021665",
    "fillingDate": "2018-10-26",
    "acceptedDate": "2018-10-26 09:02:55",
    "calendarYear": "2018",
    "period": "Q3",
    "revenue": 3845000000,
    "costOfRevenue": 1568000000,
    "grossProfit": 2277000000,
    "grossProfitRatio": 0.5921976593,
    "researchAndDevelopmentExpenses": 0,
    "generalAndAdministrativeExpenses": 0,
    "sellingAndMarketingExpenses": 0,
    "sellingGeneralAndAdministrativeExpenses": 1360000000,
    "otherExpenses": 0,
    "operatingExpenses": 1360000000,
    "costAndExpenses": 2928000000,
    "interestIncome": 0,
    "interestExpense": 36000000,
    "depreciationAndAmortization": 127000000,
    "ebitda": 983000000,
    "ebitdaratio": 0.255656697,
    "operatingIncome": 917000000,
    "operatingIncomeRatio": 0.2384915475,
    "totalOtherIncomeExpensesNet": -97000000,
    "incomeBeforeTax": 820000000,
    "incomeBeforeTaxRatio": 0.2132639792,
    "incomeTaxExpense": 258000000,
    "netIncome": 523000000,
    "netIncomeRatio": 0.1360208062,
    "eps": 0.6,
    "epsdiluted": 0.6,
    "weightedAverageShsOut": 868800000,
    "weightedAverageShsOutDil": 871100000,
    "link": "https://www.sec.gov/Archives/edgar/data/21665/000002166518000018/0000021665-18-000018-index.htm",
    "finalLink": "https://www.sec.gov/Archives/edgar/data/21665/000002166518000018/cl-9302018x10q.htm"
  },
  {
    "date": "2018-06-30",
    "symbol": "CL",
    "reportedCurrency": "USD",
    "cik": "0000021665",
    "fillingDate": "2018-07-27",
    "acceptedDate": "2018-07-27 09:04:45",
    "calendarYear": "2018",
    "period": "Q2",
    "revenue": 3886000000,
    "costOfRevenue": 1578000000,
    "grossProfit": 2308000000,
    "grossProfitRatio": 0.5939269171,
    "researchAndDevelopmentExpenses": 0,
    "generalAndAdministrativeExpenses": 0,
    "sellingAndMarketingExpenses": 0,
    "sellingGeneralAndAdministrativeExpenses": 1290000000,
    "otherExpenses": 0,
    "operatingExpenses": 1290000000,
    "costAndExpenses": 2868000000,
    "interestIncome": 0,
    "interestExpense": 35000000,
    "depreciationAndAmortization": 129000000,
    "ebitda": 1052000000,
    "ebitdaratio": 0.2707153886,
    "operatingIncome": 1018000000,
    "operatingIncomeRatio": 0.2619660319,
    "totalOtherIncomeExpensesNet": -130000000,
    "incomeBeforeTax": 888000000,
    "incomeBeforeTaxRatio": 0.2285126094,
    "incomeTaxExpense": 213000000,
    "netIncome": 637000000,
    "netIncomeRatio": 0.1639217705,
    "eps": 0.73,
    "epsdiluted": 0.73,
    "weightedAverageShsOut": 871700000,
    "weightedAverageShsOutDil": 874000000,
    "link": "https://www.sec.gov/Archives/edgar/data/21665/000002166518000015/0000021665-18-000015-index.htm",
    "finalLink": "https://www.sec.gov/Archives/edgar/data/21665/000002166518000015/cl-6302018x10q.htm"
  },
  {
    "date": "2018-03-31",
    "symbol": "CL",
    "reportedCurrency": "USD",
    "cik": "0000021665",
    "fillingDate": "2018-04-27",
    "acceptedDate": "2018-04-27 09:03:09",
    "calendarYear": "2018",
    "period": "Q1",
    "revenue": 4002000000,
    "costOfRevenue": 1594000000,
    "grossProfit": 2408000000,
    "grossProfitRatio": 0.6016991504,
    "researchAndDevelopmentExpenses": 0,
    "generalAndAdministrativeExpenses": 0,
    "sellingAndMarketingExpenses": 0,
    "sellingGeneralAndAdministrativeExpenses": 1387000000,
    "otherExpenses": 0,
    "operatingExpenses": 1387000000,
    "costAndExpenses": 2981000000,
    "interestIncome": 0,
    "interestExpense": 35000000,
    "depreciationAndAmortization": 129000000,
    "ebitda": 1088000000,
    "ebitdaratio": 0.271864068,
    "operatingIncome": 1021000000,
    "operatingIncomeRatio": 0.2551224388,
    "totalOtherIncomeExpensesNet": -97000000,
    "incomeBeforeTax": 924000000,
    "incomeBeforeTaxRatio": 0.2308845577,
    "incomeTaxExpense": 246000000,
    "netIncome": 634000000,
    "netIncomeRatio": 0.1584207896,
    "eps": 0.72,
    "epsdiluted": 0.72,
    "weightedAverageShsOut": 875400000,
    "weightedAverageShsOutDil": 879900000,
    "link": "https://www.sec.gov/Archives/edgar/data/21665/000002166518000008/0000021665-18-000008-index.htm",
    "finalLink": "https://www.sec.gov/Archives/edgar/data/21665/000002166518000008/cl-3312018x10q.htm"
  },
  {
    "date": "2017-12-31",
    "symbol": "CL",
    "reportedCurrency": "USD",
    "cik": "0000021665",
    "fillingDate": "2018-02-15",
    "acceptedDate": "2018-02-15 14:33:07",
    "calendarYear": "2017",
    "period": "Q4",
    "revenue": 3892000000,
    "costOfRevenue": 1539000000,
    "grossProfit": 2353000000,
    "grossProfitRatio": 0.6045734841,
    "researchAndDevelopmentExpenses": 0,
    "generalAndAdministrativeExpenses": 0,
    "sellingAndMarketingExpenses": 0,
    "sellingGeneralAndAdministrativeExpenses": 1319000000,
    "otherExpenses": 0,
    "operatingExpenses": 1319000000,
    "costAndExpenses": 2858000000,
    "interestIncome": 0,
    "interestExpense": 28000000,
    "depreciationAndAmortization": 121000000,
    "ebitda": 1045000000,
    "ebitdaratio": 0.2684994861,
    "operatingIncome": 1034000000,
    "operatingIncomeRatio": 0.2656731757,
    "totalOtherIncomeExpensesNet": -138000000,
    "incomeBeforeTax": 896000000,
    "incomeBeforeTaxRatio": 0.2302158273,
    "incomeTaxExpense": 543000000,
    "netIncome": 323000000,
    "netIncomeRatio": 0.0829907503,
    "eps": 0.37,
    "epsdiluted": 0.37,
    "weightedAverageShsOut": 878000000,
    "weightedAverageShsOutDil": 883300000,
    "link": "https://www.sec.gov/Archives/edgar/data/21665/000002166518000003/0000021665-18-000003-index.htm",
    "finalLink": "https://www.sec.gov/Archives/edgar/data/21665/000002166518000003/cl-12312017x10k.htm"
  },
  {
    "date": "2017-09-30",
    "symbol": "CL",
    "reportedCurrency": "USD",
    "cik": "0000021665",
    "fillingDate": "2017-10-27",
    "acceptedDate": "2017-10-27 08:58:13",
    "calendarYear": "2017",
    "period": "Q3",
    "revenue": 3974000000,
    "costOfRevenue": 1571000000,
    "grossProfit": 2403000000,
    "grossProfitRatio": 0.6046804227,
    "researchAndDevelopmentExpenses": 0,
    "generalAndAdministrativeExpenses": 0,
    "sellingAndMarketingExpenses": 0,
    "sellingGeneralAndAdministrativeExpenses": 1407000000,
    "otherExpenses": 0,
    "operatingExpenses": 1407000000,
    "costAndExpenses": 2978000000,
    "interestIncome": 0,
    "interestExpense": 27000000,
    "depreciationAndAmortization": 128000000,
    "ebitda": 1055000000,
    "ebitdaratio": 0.2654755913,
    "operatingIncome": 996000000,
    "operatingIncomeRatio": 0.2506290891,
    "totalOtherIncomeExpensesNet": -96000000,
    "incomeBeforeTax": 900000000,
    "incomeBeforeTaxRatio": 0.2264720684,
    "incomeTaxExpense": 250000000,
    "netIncome": 607000000,
    "netIncomeRatio": 0.1527428284,
    "eps": 0.69,
    "epsdiluted": 0.68,
    "weightedAverageShsOut": 880700000,
    "weightedAverageShsOutDil": 886300000,
    "link": "https://www.sec.gov/Archives/edgar/data/21665/000002166517000014/0000021665-17-000014-index.htm",
    "finalLink": "https://www.sec.gov/Archives/edgar/data/21665/000002166517000014/cl-9302017x10q.htm"
  },
  {
    "date": "2017-06-30",
    "symbol": "CL",
    "reportedCurrency": "USD",
    "cik": "0000021665",
    "fillingDate": "2017-07-21",
    "acceptedDate": "2017-07-21 08:56:35",
    "calendarYear": "2017",
    "period": "Q2",
    "revenue": 3826000000,
    "costOfRevenue": 1504000000,
    "grossProfit": 2322000000,
    "grossProfitRatio": 0.6069001568,
    "researchAndDevelopmentExpenses": 0,
    "generalAndAdministrativeExpenses": 0,
    "sellingAndMarketingExpenses": 0,
    "sellingGeneralAndAdministrativeExpenses": 1292000000,
    "otherExpenses": 0,
    "operatingExpenses": 1292000000,
    "costAndExpenses": 2796000000,
    "interestIncome": 0,
    "interestExpense": 24000000,
    "depreciationAndAmortization": 117000000,
    "ebitda": 970000000,
    "ebitdaratio": 0.2535284893,
    "operatingIncome": 1030000000,
    "operatingIncomeRatio": 0.2692106639,
    "totalOtherIncomeExpensesNet": -201000000,
    "incomeBeforeTax": 829000000,
    "incomeBeforeTaxRatio": 0.216675379,
    "incomeTaxExpense": 269000000,
    "netIncome": 524000000,
    "netIncomeRatio": 0.1369576581,
    "eps": 0.59,
    "epsdiluted": 0.59,
    "weightedAverageShsOut": 883800000,
    "weightedAverageShsOutDil": 890800000,
    "link": "https://www.sec.gov/Archives/edgar/data/21665/000002166517000012/0000021665-17-000012-index.htm",
    "finalLink": "https://www.sec.gov/Archives/edgar/data/21665/000002166517000012/cl-6302017x10q.htm"
  },
  {
    "date": "2017-03-31",
    "symbol": "CL",
    "reportedCurrency": "USD",
    "cik": "0000021665",
    "fillingDate": "2017-04-28",
    "acceptedDate": "2017-04-28 09:13:03",
    "calendarYear": "2017",
    "period": "Q1",
    "revenue": 3762000000,
    "costOfRevenue": 1482000000,
    "grossProfit": 2280000000,
    "grossProfitRatio": 0.6060606061,
    "researchAndDevelopmentExpenses": 0,
    "generalAndAdministrativeExpenses": 0,
    "sellingAndMarketingExpenses": 0,
    "sellingGeneralAndAdministrativeExpenses": 1341000000,
    "otherExpenses": 0,
    "operatingExpenses": 1341000000,
    "costAndExpenses": 2823000000,
    "interestIncome": 0,
    "interestExpense": 23000000,
    "depreciationAndAmortization": 109000000,
    "ebitda": 994000000,
    "ebitdaratio": 0.264221159,
    "operatingIncome": 939000000,
    "operatingIncomeRatio": 0.2496012759,
    "totalOtherIncomeExpensesNet": -77000000,
    "incomeBeforeTax": 862000000,
    "incomeBeforeTaxRatio": 0.2291334397,
    "incomeTaxExpense": 251000000,
    "netIncome": 570000000,
    "netIncomeRatio": 0.1515151515,
    "eps": 0.64,
    "epsdiluted": 0.64,
    "weightedAverageShsOut": 884700000,
    "weightedAverageShsOutDil": 891000000,
    "link": "https://www.sec.gov/Archives/edgar/data/21665/000002166517000006/0000021665-17-000006-index.htm",
    "finalLink": "https://www.sec.gov/Archives/edgar/data/21665/000002166517000006/cl-3312017x10q.htm"
  },
  {
    "date": "2016-12-31",
    "symbol": "CL",
    "reportedCurrency": "USD",
    "cik": "0000021665",
    "fillingDate": "2017-02-23",
    "acceptedDate": "2017-02-23 16:08:16",
    "calendarYear": "2016",
    "period": "Q4",
    "revenue": 3721000000,
    "costOfRevenue": 1464000000,
    "grossProfit": 2257000000,
    "grossProfitRatio": 0.606557377,
    "researchAndDevelopmentExpenses": 0,
    "generalAndAdministrativeExpenses": 0,
    "sellingAndMarketingExpenses": 0,
    "sellingGeneralAndAdministrativeExpenses": 1225000000,
    "otherExpenses": 0,
    "operatingExpenses": 1225000000,
    "costAndExpenses": 2689000000,
    "interestIncome": 0,
    "interestExpense": 21000000,
    "depreciationAndAmortization": 114000000,
    "ebitda": 1069000000,
    "ebitdaratio": 0.2872883633,
    "operatingIncome": 1032000000,
    "operatingIncomeRatio": 0.2773447998,
    "totalOtherIncomeExpensesNet": -98000000,
    "incomeBeforeTax": 934000000,
    "incomeBeforeTaxRatio": 0.2510077936,
    "incomeTaxExpense": 306000000,
    "netIncome": 606000000,
    "netIncomeRatio": 0.1628594464,
    "eps": 0.69,
    "epsdiluted": 0.68,
    "weightedAverageShsOut": 887600000,
    "weightedAverageShsOutDil": 893000000,
    "link": "https://www.sec.gov/Archives/edgar/data/21665/000002166517000002/0000021665-17-000002-index.htm",
    "finalLink": "https://www.sec.gov/Archives/edgar/data/21665/000002166517000002/cl-12312016x10k.htm"
  },
  {
    "date": "2016-09-30",
    "symbol": "CL",
    "reportedCurrency": "USD",
    "cik": "0000021665",
    "fillingDate": "2016-10-27",
    "acceptedDate": "2016-10-27 09:07:13",
    "calendarYear": "2016",
    "period": "Q3",
    "revenue": 3867000000,
    "costOfRevenue": 1531000000,
    "grossProfit": 2336000000,
    "grossProfitRatio": 0.6040858547,
    "researchAndDevelopmentExpenses": 0,
    "generalAndAdministrativeExpenses": 0,
    "sellingAndMarketingExpenses": 0,
    "sellingGeneralAndAdministrativeExpenses": 1313000000,
    "otherExpenses": 0,
    "operatingExpenses": 1313000000,
    "costAndExpenses": 2844000000,
    "interestIncome": 0,
    "interestExpense": 25000000,
    "depreciationAndAmortization": 114000000,
    "ebitda": 1185000000,
    "ebitdaratio": 0.3064391001,
    "operatingIncome": 1023000000,
    "operatingIncomeRatio": 0.2645461598,
    "totalOtherIncomeExpensesNet": 23000000,
    "incomeBeforeTax": 1046000000,
    "incomeBeforeTaxRatio": 0.2704939229,
    "incomeTaxExpense": 300000000,
    "netIncome": 702000000,
    "netIncomeRatio": 0.1815360745,
    "eps": 0.79,
    "epsdiluted": 0.78,
    "weightedAverageShsOut": 891900000,
    "weightedAverageShsOutDil": 899200000,
    "link": "https://www.sec.gov/Archives/edgar/data/21665/000002166516000003/0000021665-16-000003-index.htm",
    "finalLink": "https://www.sec.gov/Archives/edgar/data/21665/000002166516000003/cl-9302016x10q.htm"
  },
  {
    "date": "2016-06-30",
    "symbol": "CL",
    "reportedCurrency": "USD",
    "cik": "0000021665",
    "fillingDate": "2016-07-28",
    "acceptedDate": "2016-07-28 09:09:16",
    "calendarYear": "2016",
    "period": "Q2",
    "revenue": 3845000000,
    "costOfRevenue": 1541000000,
    "grossProfit": 2304000000,
    "grossProfitRatio": 0.5992197659,
    "researchAndDevelopmentExpenses": 0,
    "generalAndAdministrativeExpenses": 926000000,
    "sellingAndMarketingExpenses": 394000000,
    "sellingGeneralAndAdministrativeExpenses": 1320000000,
    "otherExpenses": 0,
    "operatingExpenses": 1360000000,
    "costAndExpenses": 2901000000,
    "interestIncome": 0,
    "interestExpense": 25000000,
    "depreciationAndAmortization": 109000000,
    "ebitda": 1053000000,
    "ebitdaratio": 0.2738621586,
    "operatingIncome": 944000000,
    "operatingIncomeRatio": 0.2455136541,
    "totalOtherIncomeExpensesNet": -25000000,
    "incomeBeforeTax": 919000000,
    "incomeBeforeTaxRatio": 0.2390117035,
    "incomeTaxExpense": 281000000,
    "netIncome": 600000000,
    "netIncomeRatio": 0.156046814,
    "eps": 0.67,
    "epsdiluted": 0.67,
    "weightedAverageShsOut": 893900000,
    "weightedAverageShsOutDil": 901100000,
    "link": "https://www.sec.gov/Archives/edgar/data/21665/000162828016017856/0001628280-16-017856-index.htm",
    "finalLink": "https://www.sec.gov/Archives/edgar/data/21665/000162828016017856/cl-6302016x10q.htm"
  },
  {
    "date": "2016-03-31",
    "symbol": "CL",
    "reportedCurrency": "USD",
    "cik": "0000021665",
    "fillingDate": "2016-04-28",
    "acceptedDate": "2016-04-28 09:33:24",
    "calendarYear": "2016",
    "period": "Q1",
    "revenue": 3762000000,
    "costOfRevenue": 1514000000,
    "grossProfit": 2248000000,
    "grossProfitRatio": 0.5975544923,
    "researchAndDevelopmentExpenses": 0,
    "generalAndAdministrativeExpenses": 956000000,
    "sellingAndMarketingExpenses": 398000000,
    "sellingGeneralAndAdministrativeExpenses": 1354000000,
    "otherExpenses": 0,
    "operatingExpenses": 1381000000,
    "costAndExpenses": 2895000000,
    "interestIncome": 0,
    "interestExpense": 28000000,
    "depreciationAndAmortization": 106000000,
    "ebitda": 973000000,
    "ebitdaratio": 0.2586390218,
    "operatingIncome": 867000000,
    "operatingIncomeRatio": 0.2304625199,
    "totalOtherIncomeExpensesNet": -28000000,
    "incomeBeforeTax": 839000000,
    "incomeBeforeTaxRatio": 0.2230196704,
    "incomeTaxExpense": 265000000,
    "netIncome": 533000000,
    "netIncomeRatio": 0.1416799575,
    "eps": 0.6,
    "epsdiluted": 0.59,
    "weightedAverageShsOut": 893700000,
    "weightedAverageShsOutDil": 900200000,
    "link": "https://www.sec.gov/Archives/edgar/data/21665/000162828016014877/0001628280-16-014877-index.htm",
    "finalLink": "https://www.sec.gov/Archives/edgar/data/21665/000162828016014877/cl-3312016x10q.htm"
  },
  {
    "date": "2015-12-31",
    "symbol": "CL",
    "reportedCurrency": "USD",
    "cik": "0000021665",
    "fillingDate": "2016-02-18",
    "acceptedDate": "2016-02-18 09:07:35",
    "calendarYear": "2015",
    "period": "Q4",
    "revenue": 3899000000,
    "costOfRevenue": 1606000000,
    "grossProfit": 2293000000,
    "grossProfitRatio": 0.5880995127,
    "researchAndDevelopmentExpenses": 274000000,
    "generalAndAdministrativeExpenses": 963000000,
    "sellingAndMarketingExpenses": 323000000,
    "sellingGeneralAndAdministrativeExpenses": 1286000000,
    "otherExpenses": 0,
    "operatingExpenses": 1325000000,
    "costAndExpenses": 2931000000,
    "interestIncome": 0,
    "interestExpense": 0,
    "depreciationAndAmortization": 112000000,
    "ebitda": 80000000,
    "ebitdaratio": 0.0205180816,
    "operatingIncome": -139000000,
    "operatingIncomeRatio": -0.0356501667,
    "totalOtherIncomeExpensesNet": -7000000,
    "incomeBeforeTax": -146000000,
    "incomeBeforeTaxRatio": -0.0374454988,
    "incomeTaxExpense": 275000000,
    "netIncome": -458000000,
    "netIncomeRatio": -0.1174660169,
    "eps": -0.51,
    "epsdiluted": -0.51,
    "weightedAverageShsOut": 896500000,
    "weightedAverageShsOutDil": 903400000,
    "link": "https://www.sec.gov/Archives/edgar/data/21665/000162828016011343/0001628280-16-011343-index.htm",
    "finalLink": "https://www.sec.gov/Archives/edgar/data/21665/000162828016011343/cl-12312015x10k.htm"
  },
  {
    "date": "2015-09-30",
    "symbol": "CL",
    "reportedCurrency": "USD",
    "cik": "0000021665",
    "fillingDate": "2015-10-30",
    "acceptedDate": "2015-10-30 08:32:05",
    "calendarYear": "2015",
    "period": "Q3",
    "revenue": 3999000000,
    "costOfRevenue": 1652000000,
    "grossProfit": 2347000000,
    "grossProfitRatio": 0.5868967242,
    "researchAndDevelopmentExpenses": 0,
    "generalAndAdministrativeExpenses": 1019000000,
    "sellingAndMarketingExpenses": 328000000,
    "sellingGeneralAndAdministrativeExpenses": 1347000000,
    "otherExpenses": 0,
    "operatingExpenses": 1211000000,
    "costAndExpenses": 2863000000,
    "interestIncome": 0,
    "interestExpense": 5000000,
    "depreciationAndAmortization": 112000000,
    "ebitda": 1248000000,
    "ebitdaratio": 0.3120780195,
    "operatingIncome": 1136000000,
    "operatingIncomeRatio": 0.2840710178,
    "totalOtherIncomeExpensesNet": -5000000,
    "incomeBeforeTax": 1131000000,
    "incomeBeforeTaxRatio": 0.2828207052,
    "incomeTaxExpense": 361000000,
    "netIncome": 726000000,
    "netIncomeRatio": 0.1815453863,
    "eps": 0.81,
    "epsdiluted": 0.8,
    "weightedAverageShsOut": 900100000,
    "weightedAverageShsOutDil": 906900000,
    "link": "https://www.sec.gov/Archives/edgar/data/21665/000162828015008062/0001628280-15-008062-index.htm",
    "finalLink": "https://www.sec.gov/Archives/edgar/data/21665/000162828015008062/cl-9302015x10q.htm"
  },
  {
    "date": "2015-06-30",
    "symbol": "CL",
    "reportedCurrency": "USD",
    "cik": "0000021665",
    "fillingDate": "2015-07-30",
    "acceptedDate": "2015-07-30 09:12:10",
    "calendarYear": "2015",
    "period": "Q2",
    "revenue": 4066000000,
    "costOfRevenue": 1699000000,
    "grossProfit": 2367000000,
    "grossProfitRatio": 0.5821446139,
    "researchAndDevelopmentExpenses": 0,
    "generalAndAdministrativeExpenses": 971000000,
    "sellingAndMarketingExpenses": 410000000,
    "sellingGeneralAndAdministrativeExpenses": 1381000000,
    "otherExpenses": 0,
    "operatingExpenses": 1435000000,
    "costAndExpenses": 3134000000,
    "interestIncome": 0,
    "interestExpense": 6000000,
    "depreciationAndAmortization": 111000000,
    "ebitda": 1043000000,
    "ebitdaratio": 0.2565174619,
    "operatingIncome": 932000000,
    "operatingIncomeRatio": 0.2292179046,
    "totalOtherIncomeExpensesNet": -6000000,
    "incomeBeforeTax": 926000000,
    "incomeBeforeTaxRatio": 0.2277422528,
    "incomeTaxExpense": 310000000,
    "netIncome": 574000000,
    "netIncomeRatio": 0.1411706837,
    "eps": 0.63,
    "epsdiluted": 0.63,
    "weightedAverageShsOut": 904600000,
    "weightedAverageShsOutDil": 912400000,
    "link": "https://www.sec.gov/Archives/edgar/data/21665/000162828015005578/0001628280-15-005578-index.htm",
    "finalLink": "https://www.sec.gov/Archives/edgar/data/21665/000162828015005578/cl-6302015x10q.htm"
  },
  {
    "date": "2015-03-31",
    "symbol": "CL",
    "reportedCurrency": "USD",
    "cik": "0000021665",
    "fillingDate": "2015-04-30",
    "acceptedDate": "2015-04-30 12:54:59",
    "calendarYear": "2015",
    "period": "Q1",
    "revenue": 4070000000,
    "costOfRevenue": 1678000000,
    "grossProfit": 2392000000,
    "grossProfitRatio": 0.5877149877,
    "researchAndDevelopmentExpenses": 0,
    "generalAndAdministrativeExpenses": 1020000000,
    "sellingAndMarketingExpenses": 430000000,
    "sellingGeneralAndAdministrativeExpenses": 1450000000,
    "otherExpenses": 0,
    "operatingExpenses": 1532000000,
    "costAndExpenses": 3210000000,
    "interestIncome": 0,
    "interestExpense": 8000000,
    "depreciationAndAmortization": 114000000,
    "ebitda": 974000000,
    "ebitdaratio": 0.2393120393,
    "operatingIncome": 860000000,
    "operatingIncomeRatio": 0.2113022113,
    "totalOtherIncomeExpensesNet": -8000000,
    "incomeBeforeTax": 852000000,
    "incomeBeforeTaxRatio": 0.2093366093,
    "incomeTaxExpense": 269000000,
    "netIncome": 542000000,
    "netIncomeRatio": 0.1331695332,
    "eps": 0.6,
    "epsdiluted": 0.59,
    "weightedAverageShsOut": 907700000,
    "weightedAverageShsOutDil": 916300000,
    "link": "https://www.sec.gov/Archives/edgar/data/21665/000162828015003104/0001628280-15-003104-index.htm",
    "finalLink": "https://www.sec.gov/Archives/edgar/data/21665/000162828015003104/cl-3312015x10q.htm"
  },
  {
    "date": "2014-12-31",
    "symbol": "CL",
    "reportedCurrency": "USD",
    "cik": "0000021665",
    "fillingDate": "2015-02-19",
    "acceptedDate": "2015-02-19 14:54:41",
    "calendarYear": "2014",
    "period": "Q4",
    "revenue": 4221000000,
    "costOfRevenue": 1746000000,
    "grossProfit": 2475000000,
    "grossProfitRatio": 0.5863539446,
    "researchAndDevelopmentExpenses": 277000000,
    "generalAndAdministrativeExpenses": 1024000000,
    "sellingAndMarketingExpenses": 410000000,
    "sellingGeneralAndAdministrativeExpenses": 1434000000,
    "otherExpenses": 0,
    "operatingExpenses": 924000000,
    "costAndExpenses": 2670000000,
    "interestIncome": 0,
    "interestExpense": 0,
    "depreciationAndAmortization": 113000000,
    "ebitda": 1214000000,
    "ebitdaratio": 0.2876095712,
    "operatingIncome": 995000000,
    "operatingIncomeRatio": 0.2357261312,
    "totalOtherIncomeExpensesNet": -4000000,
    "incomeBeforeTax": 991000000,
    "incomeBeforeTaxRatio": 0.2347784885,
    "incomeTaxExpense": 325000000,
    "netIncome": 628000000,
    "netIncomeRatio": 0.14877991,
    "eps": 0.69,
    "epsdiluted": 0.68,
    "weightedAverageShsOut": 911200000,
    "weightedAverageShsOutDil": 920100000,
    "link": "https://www.sec.gov/Archives/edgar/data/21665/000162828015000846/0001628280-15-000846-index.htm",
    "finalLink": "https://www.sec.gov/Archives/edgar/data/21665/000162828015000846/cl-12312014x10k.htm"
  },
  {
    "date": "2014-09-30",
    "symbol": "CL",
    "reportedCurrency": "USD",
    "cik": "0000021665",
    "fillingDate": "2014-10-24",
    "acceptedDate": "2014-10-24 09:03:04",
    "calendarYear": "2014",
    "period": "Q3",
    "revenue": 4379000000,
    "costOfRevenue": 1821000000,
    "grossProfit": 2558000000,
    "grossProfitRatio": 0.5841516328,
    "researchAndDevelopmentExpenses": 0,
    "generalAndAdministrativeExpenses": 1069000000,
    "sellingAndMarketingExpenses": 428000000,
    "sellingGeneralAndAdministrativeExpenses": 1497000000,
    "otherExpenses": 0,
    "operatingExpenses": 1610000000,
    "costAndExpenses": 3431000000,
    "interestIncome": 0,
    "interestExpense": 4000000,
    "depreciationAndAmortization": 114000000,
    "ebitda": 1062000000,
    "ebitdaratio": 0.2425211235,
    "operatingIncome": 948000000,
    "operatingIncomeRatio": 0.2164877826,
    "totalOtherIncomeExpensesNet": -4000000,
    "incomeBeforeTax": 944000000,
    "incomeBeforeTaxRatio": 0.215574332,
    "incomeTaxExpense": 364000000,
    "netIncome": 542000000,
    "netIncomeRatio": 0.1237725508,
    "eps": 0.59,
    "epsdiluted": 0.59,
    "weightedAverageShsOut": 913800000,
    "weightedAverageShsOutDil": 922800000,
    "link": "https://www.sec.gov/Archives/edgar/data/21665/000154554714000019/0001545547-14-000019-index.htm",
    "finalLink": "https://www.sec.gov/Archives/edgar/data/21665/000154554714000019/cl-9302014x10q.htm"
  },
  {
    "date": "2014-06-30",
    "symbol": "CL",
    "reportedCurrency": "USD",
    "cik": "0000021665",
    "fillingDate": "2014-07-31",
    "acceptedDate": "2014-07-31 08:59:40",
    "calendarYear": "2014",
    "period": "Q2",
    "revenue": 4352000000,
    "costOfRevenue": 1800000000,
    "grossProfit": 2552000000,
    "grossProfitRatio": 0.5863970588,
    "researchAndDevelopmentExpenses": 0,
    "generalAndAdministrativeExpenses": 1039000000,
    "sellingAndMarketingExpenses": 468000000,
    "sellingGeneralAndAdministrativeExpenses": 1507000000,
    "otherExpenses": 0,
    "operatingExpenses": 1572000000,
    "costAndExpenses": 3372000000,
    "interestIncome": 0,
    "interestExpense": 9000000,
    "depreciationAndAmortization": 107000000,
    "ebitda": 1087000000,
    "ebitdaratio": 0.2497702206,
    "operatingIncome": 980000000,
    "operatingIncomeRatio": 0.2251838235,
    "totalOtherIncomeExpensesNet": -9000000,
    "incomeBeforeTax": 971000000,
    "incomeBeforeTaxRatio": 0.2231158088,
    "incomeTaxExpense": 310000000,
    "netIncome": 622000000,
    "netIncomeRatio": 0.1429227941,
    "eps": 0.68,
    "epsdiluted": 0.67,
    "weightedAverageShsOut": 916100000,
    "weightedAverageShsOutDil": 925900000,
    "link": "https://www.sec.gov/Archives/edgar/data/21665/000154554714000016/0001545547-14-000016-index.htm",
    "finalLink": "https://www.sec.gov/Archives/edgar/data/21665/000154554714000016/cl-6302014x10q.htm"
  },
  {
    "date": "2014-03-31",
    "symbol": "CL",
    "reportedCurrency": "USD",
    "cik": "0000021665",
    "fillingDate": "2014-04-25",
    "acceptedDate": "2014-04-25 08:38:38",
    "calendarYear": "2014",
    "period": "Q1",
    "revenue": 4325000000,
    "costOfRevenue": 1801000000,
    "grossProfit": 2524000000,
    "grossProfitRatio": 0.583583815,
    "researchAndDevelopmentExpenses": 0,
    "generalAndAdministrativeExpenses": 1066000000,
    "sellingAndMarketingExpenses": 478000000,
    "sellingGeneralAndAdministrativeExpenses": 1544000000,
    "otherExpenses": 0,
    "operatingExpenses": 1890000000,
    "costAndExpenses": 3691000000,
    "interestIncome": 0,
    "interestExpense": 7000000,
    "depreciationAndAmortization": 108000000,
    "ebitda": 742000000,
    "ebitdaratio": 0.1715606936,
    "operatingIncome": 634000000,
    "operatingIncomeRatio": 0.1465895954,
    "totalOtherIncomeExpensesNet": -7000000,
    "incomeBeforeTax": 627000000,
    "incomeBeforeTaxRatio": 0.1449710983,
    "incomeTaxExpense": 195000000,
    "netIncome": 388000000,
    "netIncomeRatio": 0.0897109827,
    "eps": 0.42,
    "epsdiluted": 0.42,
    "weightedAverageShsOut": 919500000,
    "weightedAverageShsOutDil": 928600000,
    "link": "https://www.sec.gov/Archives/edgar/data/21665/000154554714000007/0001545547-14-000007-index.htm",
    "finalLink": "https://www.sec.gov/Archives/edgar/data/21665/000154554714000007/cl-3312014x10q.htm"
  },
  {
    "date": "2013-12-31",
    "symbol": "CL",
    "reportedCurrency": "USD",
    "cik": "0000021665",
    "fillingDate": "2014-02-20",
    "acceptedDate": "2014-02-20 16:21:46",
    "calendarYear": "2013",
    "period": "Q4",
    "revenue": 4361000000,
    "costOfRevenue": 1794000000,
    "grossProfit": 2567000000,
    "grossProfitRatio": 0.5886264618,
    "researchAndDevelopmentExpenses": 267000000,
    "generalAndAdministrativeExpenses": 1167000000,
    "sellingAndMarketingExpenses": 445000000,
    "sellingGeneralAndAdministrativeExpenses": 1612000000,
    "otherExpenses": 0,
    "operatingExpenses": 1280000000,
    "costAndExpenses": 3074000000,
    "interestIncome": 0,
    "interestExpense": 0,
    "depreciationAndAmortization": 110000000,
    "ebitda": 1127000000,
    "ebitdaratio": 0.2584269663,
    "operatingIncome": 892000000,
    "operatingIncomeRatio": 0.2045402431,
    "totalOtherIncomeExpensesNet": 1000000,
    "incomeBeforeTax": 893000000,
    "incomeBeforeTaxRatio": 0.2047695483,
    "incomeTaxExpense": 292000000,
    "netIncome": 564000000,
    "netIncomeRatio": 0.1293281357,
    "eps": 0.61,
    "epsdiluted": 0.6,
    "weightedAverageShsOut": 925700000,
    "weightedAverageShsOutDil": 935400000,
    "link": "https://www.sec.gov/Archives/edgar/data/21665/000154554714000003/0001545547-14-000003-index.htm",
    "finalLink": "https://www.sec.gov/Archives/edgar/data/21665/000154554714000003/cl-12312013x10k.htm"
  },
  {
    "date": "2013-09-30",
    "symbol": "CL",
    "reportedCurrency": "USD",
    "cik": "0000021665",
    "fillingDate": "2013-10-24",
    "acceptedDate": "2013-10-24 09:12:11",
    "calendarYear": "2013",
    "period": "Q3",
    "revenue": 4398000000,
    "costOfRevenue": 1813000000,
    "grossProfit": 2585000000,
    "grossProfitRatio": 0.5877671669,
    "researchAndDevelopmentExpenses": 0,
    "generalAndAdministrativeExpenses": 1071000000,
    "sellingAndMarketingExpenses": 478000000,
    "sellingGeneralAndAdministrativeExpenses": 1549000000,
    "otherExpenses": 0,
    "operatingExpenses": 1569000000,
    "costAndExpenses": 3382000000,
    "interestIncome": 0,
    "interestExpense": 0,
    "depreciationAndAmortization": 108000000,
    "ebitda": 1124000000,
    "ebitdaratio": 0.255570714,
    "operatingIncome": 1016000000,
    "operatingIncomeRatio": 0.2310140973,
    "totalOtherIncomeExpensesNet": 0,
    "incomeBeforeTax": 1016000000,
    "incomeBeforeTaxRatio": 0.2310140973,
    "incomeTaxExpense": 317000000,
    "netIncome": 656000000,
    "netIncomeRatio": 0.1491587085,
    "eps": 0.71,
    "epsdiluted": 0.7,
    "weightedAverageShsOut": 928100000,
    "weightedAverageShsOutDil": 936900000,
    "link": "https://www.sec.gov/Archives/edgar/data/21665/000144530513002474/0001445305-13-002474-index.htm",
    "finalLink": "https://www.sec.gov/Archives/edgar/data/21665/000144530513002474/cl-9302013x10q.htm"
  },
  {
    "date": "2013-06-30",
    "symbol": "CL",
    "reportedCurrency": "USD",
    "cik": "0000021665",
    "fillingDate": "2013-07-25",
    "acceptedDate": "2013-07-25 09:00:24",
    "calendarYear": "2013",
    "period": "Q2",
    "revenue": 4346000000,
    "costOfRevenue": 1812000000,
    "grossProfit": 2534000000,
    "grossProfitRatio": 0.5830648873,
    "researchAndDevelopmentExpenses": 0,
    "generalAndAdministrativeExpenses": 1029000000,
    "sellingAndMarketingExpenses": 497000000,
    "sellingGeneralAndAdministrativeExpenses": 1526000000,
    "otherExpenses": 0,
    "operatingExpenses": 1628000000,
    "costAndExpenses": 3440000000,
    "interestIncome": 0,
    "interestExpense": 0,
    "depreciationAndAmortization": 111000000,
    "ebitda": 1017000000,
    "ebitdaratio": 0.2340082835,
    "operatingIncome": 906000000,
    "operatingIncomeRatio": 0.2084675564,
    "totalOtherIncomeExpensesNet": 5000000,
    "incomeBeforeTax": 911000000,
    "incomeBeforeTaxRatio": 0.2096180396,
    "incomeTaxExpense": 307000000,
    "netIncome": 561000000,
    "netIncomeRatio": 0.1290842154,
    "eps": 0.6,
    "epsdiluted": 0.6,
    "weightedAverageShsOut": 933100000,
    "weightedAverageShsOutDil": 942300000,
    "link": "https://www.sec.gov/Archives/edgar/data/21665/000144530513001692/0001445305-13-001692-index.htm",
    "finalLink": "https://www.sec.gov/Archives/edgar/data/21665/000144530513001692/cl-6302013x10q.htm"
  },
  {
    "date": "2013-03-31",
    "symbol": "CL",
    "reportedCurrency": "USD",
    "cik": "0000021665",
    "fillingDate": "2013-04-25",
    "acceptedDate": "2013-04-25 14:22:28",
    "calendarYear": "2013",
    "period": "Q1",
    "revenue": 4315000000,
    "costOfRevenue": 1800000000,
    "grossProfit": 2515000000,
    "grossProfitRatio": 0.5828505214,
    "researchAndDevelopmentExpenses": 0,
    "generalAndAdministrativeExpenses": 1065000000,
    "sellingAndMarketingExpenses": 471000000,
    "sellingGeneralAndAdministrativeExpenses": 1536000000,
    "otherExpenses": 0,
    "operatingExpenses": 1773000000,
    "costAndExpenses": 3573000000,
    "interestIncome": 0,
    "interestExpense": 0,
    "depreciationAndAmortization": 110000000,
    "ebitda": 852000000,
    "ebitdaratio": 0.1974507532,
    "operatingIncome": 742000000,
    "operatingIncomeRatio": 0.1719582851,
    "totalOtherIncomeExpensesNet": 3000000,
    "incomeBeforeTax": 745000000,
    "incomeBeforeTaxRatio": 0.1726535342,
    "incomeTaxExpense": 239000000,
    "netIncome": 460000000,
    "netIncomeRatio": 0.1066048667,
    "eps": 0.49,
    "epsdiluted": 0.49,
    "weightedAverageShsOut": 936600000,
    "weightedAverageShsOutDil": 945000000,
    "link": "https://www.sec.gov/Archives/edgar/data/21665/000144530513000904/0001445305-13-000904-index.htm",
    "finalLink": "https://www.sec.gov/Archives/edgar/data/21665/000144530513000904/cl-3312013x10q.htm"
  },
  {
    "date": "2012-12-31",
    "symbol": "CL",
    "reportedCurrency": "USD",
    "cik": "0000021665",
    "fillingDate": "2013-02-21",
    "acceptedDate": "2013-02-21 15:51:04",
    "calendarYear": "2012",
    "period": "Q4",
    "revenue": 4286000000,
    "costOfRevenue": 1781000000,
    "grossProfit": 2505000000,
    "grossProfitRatio": 0.5844610359,
    "researchAndDevelopmentExpenses": 259000000,
    "generalAndAdministrativeExpenses": 1053000000,
    "sellingAndMarketingExpenses": 434000000,
    "sellingGeneralAndAdministrativeExpenses": 1487000000,
    "otherExpenses": 0,
    "operatingExpenses": 1517000000,
    "costAndExpenses": 3298000000,
    "interestIncome": 5000000,
    "interestExpense": 60000000,
    "depreciationAndAmortization": 108000000,
    "ebitda": 1115000000,
    "ebitdaratio": 0.2601493234,
    "operatingIncome": 905000000,
    "operatingIncomeRatio": 0.2111525898,
    "totalOtherIncomeExpensesNet": -77000000,
    "incomeBeforeTax": 947000000,
    "incomeBeforeTaxRatio": 0.2209519365,
    "incomeTaxExpense": 311000000,
    "netIncome": 598000000,
    "netIncomeRatio": 0.1395240317,
    "eps": 0.64,
    "epsdiluted": 0.62,
    "weightedAverageShsOut": 944000000,
    "weightedAverageShsOutDil": 952100000,
    "link": "https://www.sec.gov/Archives/edgar/data/21665/000144530513000275/0001445305-13-000275-index.htm",
    "finalLink": "https://www.sec.gov/Archives/edgar/data/21665/000144530513000275/cl-12312012x10k.htm"
  },
  {
    "date": "2012-09-30",
    "symbol": "CL",
    "reportedCurrency": "USD",
    "cik": "0000021665",
    "fillingDate": "2012-10-25",
    "acceptedDate": "2012-10-25 13:53:30",
    "calendarYear": "2012",
    "period": "Q3",
    "revenue": 4332000000,
    "costOfRevenue": 1803000000,
    "grossProfit": 2529000000,
    "grossProfitRatio": 0.5837950139,
    "researchAndDevelopmentExpenses": 0,
    "generalAndAdministrativeExpenses": 1048000000,
    "sellingAndMarketingExpenses": 453000000,
    "sellingGeneralAndAdministrativeExpenses": 1501000000,
    "otherExpenses": 0,
    "operatingExpenses": 1501000000,
    "costAndExpenses": 3304000000,
    "interestIncome": 0,
    "interestExpense": 4000000,
    "depreciationAndAmortization": 106000000,
    "ebitda": 1134000000,
    "ebitdaratio": 0.2617728532,
    "operatingIncome": 1028000000,
    "operatingIncomeRatio": 0.2373037858,
    "totalOtherIncomeExpensesNet": -4000000,
    "incomeBeforeTax": 1023000000,
    "incomeBeforeTaxRatio": 0.2361495845,
    "incomeTaxExpense": 326000000,
    "netIncome": 654000000,
    "netIncomeRatio": 0.1509695291,
    "eps": 0.69,
    "epsdiluted": 0.68,
    "weightedAverageShsOut": 949800000,
    "weightedAverageShsOutDil": 958400000,
    "link": "https://www.sec.gov/Archives/edgar/data/21665/000154554712000017/0001545547-12-000017-index.htm",
    "finalLink": "https://www.sec.gov/Archives/edgar/data/21665/000154554712000017/cl-9302012x10q.htm"
  },
  {
    "date": "2012-06-30",
    "symbol": "CL",
    "reportedCurrency": "USD",
    "cik": "0000021665",
    "fillingDate": "2012-07-26",
    "acceptedDate": "2012-07-26 14:01:25",
    "calendarYear": "2012",
    "period": "Q2",
    "revenue": 4267000000,
    "costOfRevenue": 1806000000,
    "grossProfit": 2461000000,
    "grossProfitRatio": 0.5767518163,
    "researchAndDevelopmentExpenses": 0,
    "generalAndAdministrativeExpenses": 0,
    "sellingAndMarketingExpenses": 0,
    "sellingGeneralAndAdministrativeExpenses": 1464000000,
    "otherExpenses": 0,
    "operatingExpenses": 1479000000,
    "costAndExpenses": 3285000000,
    "interestIncome": 0,
    "interestExpense": 6000000,
    "depreciationAndAmortization": 105000000,
    "ebitda": 982000000,
    "ebitdaratio": 0.2301382704,
    "operatingIncome": 982000000,
    "operatingIncomeRatio": 0.2301382704,
    "totalOtherIncomeExpensesNet": -6000000,
    "incomeBeforeTax": 976000000,
    "incomeBeforeTaxRatio": 0.2287321303,
    "incomeTaxExpense": 311000000,
    "netIncome": 627000000,
    "netIncomeRatio": 0.1469416452,
    "eps": 0.66,
    "epsdiluted": 0.65,
    "weightedAverageShsOut": 954600000,
    "weightedAverageShsOutDil": 962700000,
    "link": "https://www.sec.gov/Archives/edgar/data/21665/000154554712000014/0001545547-12-000014-index.htm",
    "finalLink": "https://www.sec.gov/Archives/edgar/data/21665/000154554712000014/cl-6302012x10q.htm"
  },
  {
    "date": "2012-03-31",
    "symbol": "CL",
    "reportedCurrency": "USD",
    "cik": "0000021665",
    "fillingDate": "2012-04-26",
    "acceptedDate": "2012-04-26 13:24:09",
    "calendarYear": "2012",
    "period": "Q1",
    "revenue": 4200000000,
    "costOfRevenue": 1763000000,
    "grossProfit": 2437000000,
    "grossProfitRatio": 0.5802380952,
    "researchAndDevelopmentExpenses": 0,
    "generalAndAdministrativeExpenses": 0,
    "sellingAndMarketingExpenses": 0,
    "sellingGeneralAndAdministrativeExpenses": 1478000000,
    "otherExpenses": 0,
    "operatingExpenses": 1499000000,
    "costAndExpenses": 3262000000,
    "interestIncome": 0,
    "interestExpense": 10000000,
    "depreciationAndAmortization": 106000000,
    "ebitda": 938000000,
    "ebitdaratio": 0.2233333333,
    "operatingIncome": 938000000,
    "operatingIncomeRatio": 0.2233333333,
    "totalOtherIncomeExpensesNet": -10000000,
    "incomeBeforeTax": 928000000,
    "incomeBeforeTaxRatio": 0.220952381,
    "incomeTaxExpense": 295000000,
    "netIncome": 593000000,
    "netIncomeRatio": 0.1411904762,
    "eps": 0.62,
    "epsdiluted": 0.62,
    "weightedAverageShsOut": 960200000,
    "weightedAverageShsOutDil": 967800000,
    "link": "https://www.sec.gov/Archives/edgar/data/21665/000154554712000005/0001545547-12-000005-index.htm",
    "finalLink": "https://www.sec.gov/Archives/edgar/data/21665/000154554712000005/cl-3312012x10q.htm"
  },
  {
    "date": "2011-12-31",
    "symbol": "CL",
    "reportedCurrency": "USD",
    "cik": "0000021665",
    "fillingDate": "2012-02-23",
    "acceptedDate": "2012-02-23 12:25:08",
    "calendarYear": "2011",
    "period": "Q4",
    "revenue": 4172000000,
    "costOfRevenue": 1779000000,
    "grossProfit": 2393000000,
    "grossProfitRatio": 0.5735858102,
    "researchAndDevelopmentExpenses": 0,
    "generalAndAdministrativeExpenses": 0,
    "sellingAndMarketingExpenses": 0,
    "sellingGeneralAndAdministrativeExpenses": 1444000000,
    "otherExpenses": 0,
    "operatingExpenses": 1470000000,
    "costAndExpenses": 3249000000,
    "interestIncome": 0,
    "interestExpense": 0,
    "depreciationAndAmortization": 106000000,
    "ebitda": 1036000000,
    "ebitdaratio": 0.2483221477,
    "operatingIncome": 923000000,
    "operatingIncomeRatio": 0.2212368169,
    "totalOtherIncomeExpensesNet": -15000000,
    "incomeBeforeTax": 908000000,
    "incomeBeforeTaxRatio": 0.217641419,
    "incomeTaxExpense": 283000000,
    "netIncome": 590000000,
    "netIncomeRatio": 0.1414189837,
    "eps": 0.61,
    "epsdiluted": 0.61,
    "weightedAverageShsOut": 967400000,
    "weightedAverageShsOutDil": 976000000,
    "link": "https://www.sec.gov/Archives/edgar/data/21665/000144530512000409/0001445305-12-000409-index.htm",
    "finalLink": "https://www.sec.gov/Archives/edgar/data/21665/000144530512000409/cl-12312011x10k.htm"
  },
  {
    "date": "2011-09-30",
    "symbol": "CL",
    "reportedCurrency": "USD",
    "cik": "0000021665",
    "fillingDate": "2011-10-27",
    "acceptedDate": "2011-10-27 13:25:39",
    "calendarYear": "2011",
    "period": "Q3",
    "revenue": 4383000000,
    "costOfRevenue": 1921000000,
    "grossProfit": 2462000000,
    "grossProfitRatio": 0.5617157198,
    "researchAndDevelopmentExpenses": 0,
    "generalAndAdministrativeExpenses": 0,
    "sellingAndMarketingExpenses": 0,
    "sellingGeneralAndAdministrativeExpenses": 1489000000,
    "otherExpenses": 0,
    "operatingExpenses": 1427000000,
    "costAndExpenses": 3348000000,
    "interestIncome": 0,
    "interestExpense": 10000000,
    "depreciationAndAmortization": 113000000,
    "ebitda": 1035000000,
    "ebitdaratio": 0.2361396304,
    "operatingIncome": 1035000000,
    "operatingIncomeRatio": 0.2361396304,
    "totalOtherIncomeExpensesNet": -10000000,
    "incomeBeforeTax": 1025000000,
    "incomeBeforeTaxRatio": 0.2338580881,
    "incomeTaxExpense": 349000000,
    "netIncome": 643000000,
    "netIncomeRatio": 0.1467031713,
    "eps": 0.66,
    "epsdiluted": 0.66,
    "weightedAverageShsOut": 973400000,
    "weightedAverageShsOutDil": 981000000,
    "link": "https://www.sec.gov/Archives/edgar/data/21665/000144530511003083/0001445305-11-003083-index.htm",
    "finalLink": "https://www.sec.gov/Archives/edgar/data/21665/000144530511003083/cl-9302011x10q.htm"
  },
  {
    "date": "2011-06-30",
    "symbol": "CL",
    "reportedCurrency": "USD",
    "cik": "0000021665",
    "fillingDate": "2011-07-28",
    "acceptedDate": "2011-07-28 14:54:51",
    "calendarYear": "2011",
    "period": "Q2",
    "revenue": 4185000000,
    "costOfRevenue": 1781000000,
    "grossProfit": 2404000000,
    "grossProfitRatio": 0.574432497,
    "researchAndDevelopmentExpenses": 0,
    "generalAndAdministrativeExpenses": 0,
    "sellingAndMarketingExpenses": 0,
    "sellingGeneralAndAdministrativeExpenses": 1421000000,
    "otherExpenses": 0,
    "operatingExpenses": 1436000000,
    "costAndExpenses": 3217000000,
    "interestIncome": 0,
    "interestExpense": 11000000,
    "depreciationAndAmortization": 103000000,
    "ebitda": 968000000,
    "ebitdaratio": 0.23130227,
    "operatingIncome": 968000000,
    "operatingIncomeRatio": 0.23130227,
    "totalOtherIncomeExpensesNet": -11000000,
    "incomeBeforeTax": 957000000,
    "incomeBeforeTaxRatio": 0.2286738351,
    "incomeTaxExpense": 311000000,
    "netIncome": 622000000,
    "netIncomeRatio": 0.1486260454,
    "eps": 0.64,
    "epsdiluted": 0.63,
    "weightedAverageShsOut": 979000000,
    "weightedAverageShsOutDil": 986600000,
    "link": "https://www.sec.gov/Archives/edgar/data/21665/000114036111038328/0001140361-11-038328-index.htm",
    "finalLink": "https://www.sec.gov/Archives/edgar/data/21665/000114036111038328/form10q.htm"
  },
  {
    "date": "2011-03-31",
    "symbol": "CL",
    "reportedCurrency": "USD",
    "cik": "0000021665",
    "fillingDate": "2011-04-28",
    "acceptedDate": "2011-04-28 15:16:17",
    "calendarYear": "2011",
    "period": "Q1",
    "revenue": 3994000000,
    "costOfRevenue": 1663000000,
    "grossProfit": 2331000000,
    "grossProfitRatio": 0.5836254382,
    "researchAndDevelopmentExpenses": 0,
    "generalAndAdministrativeExpenses": 0,
    "sellingAndMarketingExpenses": 0,
    "sellingGeneralAndAdministrativeExpenses": 1404000000,
    "otherExpenses": 0,
    "operatingExpenses": 1416000000,
    "costAndExpenses": 3079000000,
    "interestIncome": 0,
    "interestExpense": 16000000,
    "depreciationAndAmortization": 99000000,
    "ebitda": 915000000,
    "ebitdaratio": 0.2290936405,
    "operatingIncome": 915000000,
    "operatingIncomeRatio": 0.2290936405,
    "totalOtherIncomeExpensesNet": -16000000,
    "incomeBeforeTax": 899000000,
    "incomeBeforeTaxRatio": 0.2250876314,
    "incomeTaxExpense": 292000000,
    "netIncome": 576000000,
    "netIncomeRatio": 0.1442163245,
    "eps": 0.59,
    "epsdiluted": 0.58,
    "weightedAverageShsOut": 986800000,
    "weightedAverageShsOutDil": 993200000,
    "link": "https://www.sec.gov/Archives/edgar/data/21665/000114036111023652/0001140361-11-023652-index.htm",
    "finalLink": "https://www.sec.gov/Archives/edgar/data/21665/000114036111023652/form10q.htm"
  },
  {
    "date": "2010-12-31",
    "symbol": "CL",
    "reportedCurrency": "USD",
    "cik": "0000021665",
    "fillingDate": "2011-02-24",
    "acceptedDate": "2011-02-24 15:10:51",
    "calendarYear": "2010",
    "period": "Q4",
    "revenue": 3978000000,
    "costOfRevenue": 1628000000,
    "grossProfit": 2350000000,
    "grossProfitRatio": 0.5907491202,
    "researchAndDevelopmentExpenses": 0,
    "generalAndAdministrativeExpenses": 0,
    "sellingAndMarketingExpenses": 0,
    "sellingGeneralAndAdministrativeExpenses": 1376000000,
    "otherExpenses": 0,
    "operatingExpenses": 1445000000,
    "costAndExpenses": 3073000000,
    "interestIncome": 0,
    "interestExpense": 0,
    "depreciationAndAmortization": 98000000,
    "ebitda": 1009000000,
    "ebitdaratio": 0.2536450478,
    "operatingIncome": 905000000,
    "operatingIncomeRatio": 0.2275012569,
    "totalOtherIncomeExpensesNet": -16000000,
    "incomeBeforeTax": 889000000,
    "incomeBeforeTaxRatio": 0.2234791352,
    "incomeTaxExpense": 238000000,
    "netIncome": 624000000,
    "netIncomeRatio": 0.1568627451,
    "eps": 0.64,
    "epsdiluted": 0.62,
    "weightedAverageShsOut": 963000000,
    "weightedAverageShsOutDil": 999000000,
    "link": "https://www.sec.gov/Archives/edgar/data/21665/000114036111011883/0001140361-11-011883-index.htm",
    "finalLink": "https://www.sec.gov/Archives/edgar/data/21665/000114036111011883/form10k.htm"
  },
  {
    "date": "2010-09-30",
    "symbol": "CL",
    "reportedCurrency": "USD",
    "cik": "0000021665",
    "fillingDate": "2010-10-28",
    "acceptedDate": "2010-10-28 15:04:25",
    "calendarYear": "2010",
    "period": "Q3",
    "revenue": 3943000000,
    "costOfRevenue": 1599000000,
    "grossProfit": 2344000000,
    "grossProfitRatio": 0.5944712148,
    "researchAndDevelopmentExpenses": 0,
    "generalAndAdministrativeExpenses": 0,
    "sellingAndMarketingExpenses": 0,
    "sellingGeneralAndAdministrativeExpenses": 1391000000,
    "otherExpenses": 0,
    "operatingExpenses": 1386000000,
    "costAndExpenses": 2985000000,
    "interestIncome": 0,
    "interestExpense": 13000000,
    "depreciationAndAmortization": 93000000,
    "ebitda": 958000000,
    "ebitdaratio": 0.2429622115,
    "operatingIncome": 958000000,
    "operatingIncomeRatio": 0.2429622115,
    "totalOtherIncomeExpensesNet": -13000000,
    "incomeBeforeTax": 945000000,
    "incomeBeforeTaxRatio": 0.2396652295,
    "incomeTaxExpense": 300000000,
    "netIncome": 619000000,
    "netIncomeRatio": 0.1569870657,
    "eps": 0.63,
    "epsdiluted": 0.61,
    "weightedAverageShsOut": 972000000,
    "weightedAverageShsOutDil": 1019000000,
    "link": "https://www.sec.gov/Archives/edgar/data/21665/000114036110042509/0001140361-10-042509-index.htm",
    "finalLink": "https://www.sec.gov/Archives/edgar/data/21665/000114036110042509/form10q.htm"
  },
  {
    "date": "2010-06-30",
    "symbol": "CL",
    "reportedCurrency": "USD",
    "cik": "0000021665",
    "fillingDate": "2010-07-29",
    "acceptedDate": "2010-07-29 16:16:54",
    "calendarYear": "2010",
    "period": "Q2",
    "revenue": 3814000000,
    "costOfRevenue": 1572000000,
    "grossProfit": 2242000000,
    "grossProfitRatio": 0.5878342947,
    "researchAndDevelopmentExpenses": 0,
    "generalAndAdministrativeExpenses": 0,
    "sellingAndMarketingExpenses": 0,
    "sellingGeneralAndAdministrativeExpenses": 1292000000,
    "otherExpenses": 0,
    "operatingExpenses": 1294000000,
    "costAndExpenses": 2866000000,
    "interestIncome": 0,
    "interestExpense": 14000000,
    "depreciationAndAmortization": 93000000,
    "ebitda": 948000000,
    "ebitdaratio": 0.2485579444,
    "operatingIncome": 948000000,
    "operatingIncomeRatio": 0.2485579444,
    "totalOtherIncomeExpensesNet": -14000000,
    "incomeBeforeTax": 934000000,
    "incomeBeforeTaxRatio": 0.2448872575,
    "incomeTaxExpense": 304000000,
    "netIncome": 603000000,
    "netIncomeRatio": 0.1581017305,
    "eps": 0.61,
    "epsdiluted": 0.59,
    "weightedAverageShsOut": 996694215,
    "weightedAverageShsOutDil": 1030769231,
    "link": "https://www.sec.gov/Archives/edgar/data/21665/000114036110030757/0001140361-10-030757-index.htm",
    "finalLink": "https://www.sec.gov/Archives/edgar/data/21665/000114036110030757/form10q.htm"
  },
  {
    "date": "2010-03-31",
    "symbol": "CL",
    "reportedCurrency": "USD",
    "cik": "0000021665",
    "fillingDate": "2010-04-29",
    "acceptedDate": "2010-04-29 14:19:15",
    "calendarYear": "2010",
    "period": "Q1",
    "revenue": 3829000000,
    "costOfRevenue": 1561000000,
    "grossProfit": 2268000000,
    "grossProfitRatio": 0.592321755,
    "researchAndDevelopmentExpenses": 0,
    "generalAndAdministrativeExpenses": 0,
    "sellingAndMarketingExpenses": 0,
    "sellingGeneralAndAdministrativeExpenses": 1355000000,
    "otherExpenses": 0,
    "operatingExpenses": 1590000000,
    "costAndExpenses": 3151000000,
    "interestIncome": 0,
    "interestExpense": 16000000,
    "depreciationAndAmortization": 92000000,
    "ebitda": 678000000,
    "ebitdaratio": 0.177069731,
    "operatingIncome": 678000000,
    "operatingIncomeRatio": 0.177069731,
    "totalOtherIncomeExpensesNet": -16000000,
    "incomeBeforeTax": 662000000,
    "incomeBeforeTaxRatio": 0.1728910943,
    "incomeTaxExpense": 275000000,
    "netIncome": 357000000,
    "netIncomeRatio": 0.0932358318,
    "eps": 0.36,
    "epsdiluted": 0.35,
    "weightedAverageShsOut": 987400000,
    "weightedAverageShsOutDil": 1038000000,
    "link": "https://www.sec.gov/Archives/edgar/data/21665/000114036110017963/0001140361-10-017963-index.htm",
    "finalLink": "https://www.sec.gov/Archives/edgar/data/21665/000114036110017963/form10q.htm"
  },
  {
    "date": "2009-12-31",
    "symbol": "CL",
    "reportedCurrency": "USD",
    "cik": "0000021665",
    "fillingDate": "2010-02-25",
    "acceptedDate": "2010-02-25 17:18:01",
    "calendarYear": "2009",
    "period": "Q4",
    "revenue": 4081000000,
    "costOfRevenue": 1654000000,
    "grossProfit": 2427000000,
    "grossProfitRatio": 0.5947071796,
    "researchAndDevelopmentExpenses": 0,
    "generalAndAdministrativeExpenses": 0,
    "sellingAndMarketingExpenses": 0,
    "sellingGeneralAndAdministrativeExpenses": 1397000000,
    "otherExpenses": 0,
    "operatingExpenses": 1436000000,
    "costAndExpenses": 3090000000,
    "interestIncome": 0,
    "interestExpense": 0,
    "depreciationAndAmortization": 89000000,
    "ebitda": 1091000000,
    "ebitdaratio": 0.2673364371,
    "operatingIncome": 991000000,
    "operatingIncomeRatio": 0.2428326391,
    "totalOtherIncomeExpensesNet": -18000000,
    "incomeBeforeTax": 973000000,
    "incomeBeforeTaxRatio": 0.2384219554,
    "incomeTaxExpense": 317000000,
    "netIncome": 631000000,
    "netIncomeRatio": 0.1546189659,
    "eps": 0.63,
    "epsdiluted": 0.61,
    "weightedAverageShsOut": 994800000,
    "weightedAverageShsOutDil": 1046800000,
    "link": "https://www.sec.gov/Archives/edgar/data/21665/000114036110008522/0001140361-10-008522-index.htm",
    "finalLink": "https://www.sec.gov/Archives/edgar/data/21665/000114036110008522/form10k.htm"
  },
  {
    "date": "2009-09-30",
    "symbol": "CL",
    "reportedCurrency": "USD",
    "cik": "0000021665",
    "fillingDate": "2009-10-29",
    "acceptedDate": "2009-10-29 15:06:51",
    "calendarYear": "2009",
    "period": "Q3",
    "revenue": 3998000000,
    "costOfRevenue": 1631000000,
    "grossProfit": 2367000000,
    "grossProfitRatio": 0.592046023,
    "researchAndDevelopmentExpenses": 0,
    "generalAndAdministrativeExpenses": 0,
    "sellingAndMarketingExpenses": 0,
    "sellingGeneralAndAdministrativeExpenses": 1403000000,
    "otherExpenses": 0,
    "operatingExpenses": 1441000000,
    "costAndExpenses": 3072000000,
    "interestIncome": 0,
    "interestExpense": 17000000,
    "depreciationAndAmortization": 89900000,
    "ebitda": 926000000,
    "ebitdaratio": 0.2316158079,
    "operatingIncome": 926000000,
    "operatingIncomeRatio": 0.2316158079,
    "totalOtherIncomeExpensesNet": -17000000,
    "incomeBeforeTax": 909000000,
    "incomeBeforeTaxRatio": 0.2273636818,
    "incomeTaxExpense": 292000000,
    "netIncome": 590000000,
    "netIncomeRatio": 0.1475737869,
    "eps": 0.59,
    "epsdiluted": 0.56,
    "weightedAverageShsOut": 998200000,
    "weightedAverageShsOutDil": 1049200000,
    "link": "https://www.sec.gov/Archives/edgar/data/21665/000114036109024040/0001140361-09-024040-index.htm",
    "finalLink": "https://www.sec.gov/Archives/edgar/data/21665/000114036109024040/form10-q.htm"
  },
  {
    "date": "2009-06-30",
    "symbol": "CL",
    "reportedCurrency": "USD",
    "cik": "0000021665",
    "fillingDate": "2009-07-30",
    "acceptedDate": "2009-07-30 15:03:48",
    "calendarYear": "2009",
    "period": "Q2",
    "revenue": 3745000000,
    "costOfRevenue": 1543800000,
    "grossProfit": 2201200000,
    "grossProfitRatio": 0.5877703605,
    "researchAndDevelopmentExpenses": 0,
    "generalAndAdministrativeExpenses": 0,
    "sellingAndMarketingExpenses": 0,
    "sellingGeneralAndAdministrativeExpenses": 1295700000,
    "otherExpenses": 0,
    "operatingExpenses": 1314100000,
    "costAndExpenses": 2857900000,
    "interestIncome": 500000,
    "interestExpense": 21500000,
    "depreciationAndAmortization": 90200000,
    "ebitda": 977300000,
    "ebitdaratio": 0.2609612817,
    "operatingIncome": 887100000,
    "operatingIncomeRatio": 0.2368758344,
    "totalOtherIncomeExpensesNet": -21000000,
    "incomeBeforeTax": 865600000,
    "incomeBeforeTaxRatio": 0.2311348465,
    "incomeTaxExpense": 277800000,
    "netIncome": 562000000,
    "netIncomeRatio": 0.1500667557,
    "eps": 0.56,
    "epsdiluted": 0.54,
    "weightedAverageShsOut": 1000200000,
    "weightedAverageShsOutDil": 1049800000,
    "link": "https://www.sec.gov/Archives/edgar/data/21665/000114036109017288/0001140361-09-017288-index.htm",
    "finalLink": "https://www.sec.gov/Archives/edgar/data/21665/000114036109017288/form10q.htm"
  },
  {
    "date": "2009-03-31",
    "symbol": "CL",
    "reportedCurrency": "USD",
    "cik": "0000021665",
    "fillingDate": "2009-04-30",
    "acceptedDate": "2009-04-30 16:27:20",
    "calendarYear": "2009",
    "period": "Q1",
    "revenue": 3502800000,
    "costOfRevenue": 1490400000,
    "grossProfit": 2012400000,
    "grossProfitRatio": 0.5745118191,
    "researchAndDevelopmentExpenses": 0,
    "generalAndAdministrativeExpenses": 0,
    "sellingAndMarketingExpenses": 0,
    "sellingGeneralAndAdministrativeExpenses": 1185700000,
    "otherExpenses": 0,
    "operatingExpenses": 1201000000,
    "costAndExpenses": 2691400000,
    "interestIncome": 200000,
    "interestExpense": 21200000,
    "depreciationAndAmortization": 81900000,
    "ebitda": 893300000,
    "ebitdaratio": 0.2550245518,
    "operatingIncome": 811400000,
    "operatingIncomeRatio": 0.2316432568,
    "totalOtherIncomeExpensesNet": -21200000,
    "incomeBeforeTax": 790200000,
    "incomeBeforeTaxRatio": 0.2255909558,
    "incomeTaxExpense": 253700000,
    "netIncome": 508000000,
    "netIncomeRatio": 0.1450268357,
    "eps": 0.5,
    "epsdiluted": 0.49,
    "weightedAverageShsOut": 1001400000,
    "weightedAverageShsOutDil": 1052400000,
    "link": "https://www.sec.gov/Archives/edgar/data/21665/000119312509094469/0001193125-09-094469-index.htm",
    "finalLink": "https://www.sec.gov/Archives/edgar/data/21665/000119312509094469/d10q.htm"
  },
  {
    "date": "2008-12-31",
    "symbol": "CL",
    "reportedCurrency": "USD",
    "cik": "0000021665",
    "fillingDate": "2009-02-27",
    "acceptedDate": "2009-02-27 16:30:47",
    "calendarYear": "2008",
    "period": "Q4",
    "revenue": 3664100000,
    "costOfRevenue": 1613500000,
    "grossProfit": 2050600000,
    "grossProfitRatio": 0.5596462979,
    "researchAndDevelopmentExpenses": 0,
    "generalAndAdministrativeExpenses": 0,
    "sellingAndMarketingExpenses": 0,
    "sellingGeneralAndAdministrativeExpenses": 1235300000,
    "otherExpenses": 0,
    "operatingExpenses": 1289000000,
    "costAndExpenses": 2902500000,
    "interestIncome": 0,
    "interestExpense": 0,
    "depreciationAndAmortization": 86700000,
    "ebitda": 858300000,
    "ebitdaratio": 0.2342457902,
    "operatingIncome": 761600000,
    "operatingIncomeRatio": 0.2078545891,
    "totalOtherIncomeExpensesNet": -13600000,
    "incomeBeforeTax": 748000000,
    "incomeBeforeTaxRatio": 0.2041429,
    "incomeTaxExpense": 251000000,
    "netIncome": 497000000,
    "netIncomeRatio": 0.1356404028,
    "eps": 0.49,
    "epsdiluted": 0.47,
    "weightedAverageShsOut": 1007200000,
    "weightedAverageShsOutDil": 1059800000,
    "link": "https://www.sec.gov/Archives/edgar/data/21665/000119312509041029/0001193125-09-041029-index.htm",
    "finalLink": "https://www.sec.gov/Archives/edgar/data/21665/000119312509041029/d10k.htm"
  },
  {
    "date": "2008-09-30",
    "symbol": "CL",
    "reportedCurrency": "USD",
    "cik": "0000021665",
    "fillingDate": "2008-10-30",
    "acceptedDate": "2008-10-30 16:15:08",
    "calendarYear": "2008",
    "period": "Q3",
    "revenue": 3988000000,
    "costOfRevenue": 1751800000,
    "grossProfit": 2236200000,
    "grossProfitRatio": 0.5607321966,
    "researchAndDevelopmentExpenses": 0,
    "generalAndAdministrativeExpenses": 0,
    "sellingAndMarketingExpenses": 0,
    "sellingGeneralAndAdministrativeExpenses": 1415400000,
    "otherExpenses": 0,
    "operatingExpenses": 1467800000,
    "costAndExpenses": 3219600000,
    "interestIncome": -100000,
    "interestExpense": 22900000,
    "depreciationAndAmortization": 88500000,
    "ebitda": 879600000,
    "ebitdaratio": 0.2205616851,
    "operatingIncome": 768400000,
    "operatingIncomeRatio": 0.1926780341,
    "totalOtherIncomeExpensesNet": -45500000,
    "incomeBeforeTax": 745500000,
    "incomeBeforeTaxRatio": 0.1869358074,
    "incomeTaxExpense": 245600000,
    "netIncome": 493000000,
    "netIncomeRatio": 0.1236208626,
    "eps": 0.49,
    "epsdiluted": 0.47,
    "weightedAverageShsOut": 1011000000,
    "weightedAverageShsOutDil": 1068600000,
    "link": "https://www.sec.gov/Archives/edgar/data/21665/000119312508220286/0001193125-08-220286-index.htm",
    "finalLink": "https://www.sec.gov/Archives/edgar/data/21665/000119312508220286/d10q.htm"
  },
  {
    "date": "2008-06-30",
    "symbol": "CL",
    "reportedCurrency": "USD",
    "cik": "0000021665",
    "fillingDate": "2008-07-29",
    "acceptedDate": "2008-07-29 15:41:53",
    "calendarYear": "2008",
    "period": "Q2",
    "revenue": 3964800000,
    "costOfRevenue": 1725000000,
    "grossProfit": 2239800000,
    "grossProfitRatio": 0.5649213075,
    "researchAndDevelopmentExpenses": 0,
    "generalAndAdministrativeExpenses": 0,
    "sellingAndMarketingExpenses": 0,
    "sellingGeneralAndAdministrativeExpenses": 1422700000,
    "otherExpenses": 0,
    "operatingExpenses": 1472800000,
    "costAndExpenses": 3197800000,
    "interestIncome": 0,
    "interestExpense": 25400000,
    "depreciationAndAmortization": 83800000,
    "ebitda": 872200000,
    "ebitdaratio": 0.2199858757,
    "operatingIncome": 767000000,
    "operatingIncomeRatio": 0.193452381,
    "totalOtherIncomeExpensesNet": -46800000,
    "incomeBeforeTax": 741600000,
    "incomeBeforeTaxRatio": 0.1870460048,
    "incomeTaxExpense": 247800000,
    "netIncome": 493800000,
    "netIncomeRatio": 0.1245460048,
    "eps": 0.48,
    "epsdiluted": 0.46,
    "weightedAverageShsOut": 1014200000,
    "weightedAverageShsOutDil": 1073200000,
    "link": "https://www.sec.gov/Archives/edgar/data/21665/000119312508160116/0001193125-08-160116-index.htm",
    "finalLink": "https://www.sec.gov/Archives/edgar/data/21665/000119312508160116/d10q.htm"
  },
  {
    "date": "2008-03-31",
    "symbol": "CL",
    "reportedCurrency": "USD",
    "cik": "0000021665",
    "fillingDate": "2008-04-30",
    "acceptedDate": "2008-04-30 15:42:37",
    "calendarYear": "2008",
    "period": "Q1",
    "revenue": 3713000000,
    "costOfRevenue": 1613200000,
    "grossProfit": 2099800000,
    "grossProfitRatio": 0.5655265284,
    "researchAndDevelopmentExpenses": 0,
    "generalAndAdministrativeExpenses": 0,
    "sellingAndMarketingExpenses": 0,
    "sellingGeneralAndAdministrativeExpenses": 1348900000,
    "otherExpenses": 0,
    "operatingExpenses": 1376100000,
    "costAndExpenses": 2989300000,
    "interestIncome": 0,
    "interestExpense": 33700000,
    "depreciationAndAmortization": 88600000,
    "ebitda": 834300000,
    "ebitdaratio": 0.2246970105,
    "operatingIncome": 723700000,
    "operatingIncomeRatio": 0.1949097765,
    "totalOtherIncomeExpensesNet": -33700000,
    "incomeBeforeTax": 690000000,
    "incomeBeforeTaxRatio": 0.1858335578,
    "incomeTaxExpense": 223500000,
    "netIncome": 466500000,
    "netIncomeRatio": 0.1256396445,
    "eps": 0.45,
    "epsdiluted": 0.43,
    "weightedAverageShsOut": 1018000000,
    "weightedAverageShsOutDil": 1079000000,
    "link": "https://www.sec.gov/Archives/edgar/data/21665/000119312508097148/0001193125-08-097148-index.htm",
    "finalLink": "https://www.sec.gov/Archives/edgar/data/21665/000119312508097148/d10q.htm"
  },
  {
    "date": "2007-12-31",
    "symbol": "CL",
    "reportedCurrency": "USD",
    "cik": "0000021665",
    "fillingDate": "2008-02-28",
    "acceptedDate": "2008-02-28 14:37:24",
    "calendarYear": "2007",
    "period": "Q4",
    "revenue": 3642200000,
    "costOfRevenue": 1599000000,
    "grossProfit": 2043200000,
    "grossProfitRatio": 0.5609796277,
    "researchAndDevelopmentExpenses": 0,
    "generalAndAdministrativeExpenses": 0,
    "sellingAndMarketingExpenses": 0,
    "sellingGeneralAndAdministrativeExpenses": 1301400000,
    "otherExpenses": 0,
    "operatingExpenses": 1312000000,
    "costAndExpenses": 2911000000,
    "interestIncome": 0,
    "interestExpense": 0,
    "depreciationAndAmortization": 87500000,
    "ebitda": 818700000,
    "ebitdaratio": 0.2247817253,
    "operatingIncome": 675600000,
    "operatingIncomeRatio": 0.1854922849,
    "totalOtherIncomeExpensesNet": -35000000,
    "incomeBeforeTax": 640600000,
    "incomeBeforeTaxRatio": 0.1758827083,
    "incomeTaxExpense": 225700000,
    "netIncome": 407700000,
    "netIncomeRatio": 0.1119378398,
    "eps": 0.4,
    "epsdiluted": 0.39,
    "weightedAverageShsOut": 1019325724,
    "weightedAverageShsOutDil": 1059425926,
    "link": "https://www.sec.gov/Archives/edgar/data/21665/000119312508041526/0001193125-08-041526-index.htm",
    "finalLink": "https://www.sec.gov/Archives/edgar/data/21665/000119312508041526/d10k.htm"
  },
  {
    "date": "2007-09-30",
    "symbol": "CL",
    "reportedCurrency": "USD",
    "cik": "0000021665",
    "fillingDate": "2007-10-30",
    "acceptedDate": "2007-10-30 16:19:23",
    "calendarYear": "2007",
    "period": "Q3",
    "revenue": 3528200000,
    "costOfRevenue": 1544600000,
    "grossProfit": 1983600000,
    "grossProfitRatio": 0.5622130265,
    "researchAndDevelopmentExpenses": 0,
    "generalAndAdministrativeExpenses": 0,
    "sellingAndMarketingExpenses": 0,
    "sellingGeneralAndAdministrativeExpenses": 1277700000,
    "otherExpenses": 0,
    "operatingExpenses": 1314800000,
    "costAndExpenses": 2859400000,
    "interestIncome": 0,
    "interestExpense": 38500000,
    "depreciationAndAmortization": 85300000,
    "ebitda": 668800000,
    "ebitdaratio": 0.1895584151,
    "operatingIncome": 668800000,
    "operatingIncomeRatio": 0.1895584151,
    "totalOtherIncomeExpensesNet": -38500000,
    "incomeBeforeTax": 630300000,
    "incomeBeforeTaxRatio": 0.1786463352,
    "incomeTaxExpense": 210200000,
    "netIncome": 413200000,
    "netIncomeRatio": 0.1171135423,
    "eps": 0.41,
    "epsdiluted": 0.39,
    "weightedAverageShsOut": 1020246914,
    "weightedAverageShsOutDil": 1073246753,
    "link": "https://www.sec.gov/Archives/edgar/data/21665/000119312507229631/0001193125-07-229631-index.htm",
    "finalLink": "https://www.sec.gov/Archives/edgar/data/21665/000119312507229631/d10q.htm"
  },
  {
    "date": "2007-06-30",
    "symbol": "CL",
    "reportedCurrency": "USD",
    "cik": "0000021665",
    "fillingDate": "2007-07-26",
    "acceptedDate": "2007-07-26 13:25:39",
    "calendarYear": "2007",
    "period": "Q2",
    "revenue": 3405400000,
    "costOfRevenue": 1497000000,
    "grossProfit": 1908400000,
    "grossProfitRatio": 0.5604040641,
    "researchAndDevelopmentExpenses": 0,
    "generalAndAdministrativeExpenses": 0,
    "sellingAndMarketingExpenses": 0,
    "sellingGeneralAndAdministrativeExpenses": 1223700000,
    "otherExpenses": 0,
    "operatingExpenses": 1250800000,
    "costAndExpenses": 2747800000,
    "interestIncome": 0,
    "interestExpense": 40400000,
    "depreciationAndAmortization": 80100000,
    "ebitda": 657600000,
    "ebitdaratio": 0.1931050684,
    "operatingIncome": 657600000,
    "operatingIncomeRatio": 0.1931050684,
    "totalOtherIncomeExpensesNet": -40400000,
    "incomeBeforeTax": 617200000,
    "incomeBeforeTaxRatio": 0.1812415575,
    "incomeTaxExpense": 201400000,
    "netIncome": 409000000,
    "netIncomeRatio": 0.1201033652,
    "eps": 0.4,
    "epsdiluted": 0.38,
    "weightedAverageShsOut": 1022500000,
    "weightedAverageShsOutDil": 1076315789,
    "link": "https://www.sec.gov/Archives/edgar/data/21665/000119312507162747/0001193125-07-162747-index.htm",
    "finalLink": "https://www.sec.gov/Archives/edgar/data/21665/000119312507162747/d10q.htm"
  },
  {
    "date": "2007-03-31",
    "symbol": "CL",
    "reportedCurrency": "USD",
    "cik": "0000021665",
    "fillingDate": "2007-04-26",
    "acceptedDate": "2007-04-26 15:22:11",
    "calendarYear": "2007",
    "period": "Q1",
    "revenue": 3213900000,
    "costOfRevenue": 1401700000,
    "grossProfit": 1812200000,
    "grossProfitRatio": 0.5638632191,
    "researchAndDevelopmentExpenses": 0,
    "generalAndAdministrativeExpenses": 0,
    "sellingAndMarketingExpenses": 0,
    "sellingGeneralAndAdministrativeExpenses": 1170200000,
    "otherExpenses": 0,
    "operatingExpenses": 1161100000,
    "costAndExpenses": 2562800000,
    "interestIncome": 0,
    "interestExpense": 42700000,
    "depreciationAndAmortization": 81000000,
    "ebitda": 651100000,
    "ebitdaratio": 0.2025887551,
    "operatingIncome": 651100000,
    "operatingIncomeRatio": 0.2025887551,
    "totalOtherIncomeExpensesNet": -42700000,
    "incomeBeforeTax": 608400000,
    "incomeBeforeTaxRatio": 0.1893027163,
    "incomeTaxExpense": 121800000,
    "netIncome": 479500000,
    "netIncomeRatio": 0.1491956813,
    "eps": 0.47,
    "epsdiluted": 0.45,
    "weightedAverageShsOut": 1020212766,
    "weightedAverageShsOutDil": 1077528090,
    "link": "https://www.sec.gov/Archives/edgar/data/21665/000119312507091705/0001193125-07-091705-index.htm",
    "finalLink": "https://www.sec.gov/Archives/edgar/data/21665/000119312507091705/d10q.htm"
  },
  {
    "date": "2006-12-31",
    "symbol": "CL",
    "reportedCurrency": "USD",
    "cik": "0000021665",
    "fillingDate": "2007-02-23",
    "acceptedDate": "2007-02-23 14:08:28",
    "calendarYear": "2006",
    "period": "Q4",
    "revenue": 3209100000,
    "costOfRevenue": 1432500000,
    "grossProfit": 1776600000,
    "grossProfitRatio": 0.5536131626,
    "researchAndDevelopmentExpenses": 0,
    "generalAndAdministrativeExpenses": 0,
    "sellingAndMarketingExpenses": 0,
    "sellingGeneralAndAdministrativeExpenses": 1145000000,
    "otherExpenses": 0,
    "operatingExpenses": 990800000,
    "costAndExpenses": 2423300000,
    "interestIncome": 0,
    "interestExpense": 0,
    "depreciationAndAmortization": 85200000,
    "ebitda": 871000000,
    "ebitdaratio": 0.2714156617,
    "operatingIncome": 632700000,
    "operatingIncomeRatio": 0.1971580817,
    "totalOtherIncomeExpensesNet": -38900000,
    "incomeBeforeTax": 593800000,
    "incomeBeforeTaxRatio": 0.185036303,
    "incomeTaxExpense": 192600000,
    "netIncome": 393900000,
    "netIncomeRatio": 0.1227446948,
    "eps": 0.38,
    "epsdiluted": 0.37,
    "weightedAverageShsOut": 1038054905,
    "weightedAverageShsOutDil": 1079759387,
    "link": "https://www.sec.gov/Archives/edgar/data/21665/000119312507038190/0001193125-07-038190-index.htm",
    "finalLink": "https://www.sec.gov/Archives/edgar/data/21665/000119312507038190/d10k.htm"
  },
  {
    "date": "2006-09-30",
    "symbol": "CL",
    "reportedCurrency": "USD",
    "cik": "0000021665",
    "fillingDate": "2006-10-25",
    "acceptedDate": "2006-10-25 13:59:49",
    "calendarYear": "2006",
    "period": "Q3",
    "revenue": 3143700000,
    "costOfRevenue": 1415300000,
    "grossProfit": 1728400000,
    "grossProfitRatio": 0.5497980087,
    "researchAndDevelopmentExpenses": 0,
    "generalAndAdministrativeExpenses": 0,
    "sellingAndMarketingExpenses": 0,
    "sellingGeneralAndAdministrativeExpenses": 1140300000,
    "otherExpenses": 0,
    "operatingExpenses": 1179000000,
    "costAndExpenses": 2594300000,
    "interestIncome": 0,
    "interestExpense": 41200000,
    "depreciationAndAmortization": 81100000,
    "ebitda": 549400000,
    "ebitdaratio": 0.1747622229,
    "operatingIncome": 549400000,
    "operatingIncomeRatio": 0.1747622229,
    "totalOtherIncomeExpensesNet": -41200000,
    "incomeBeforeTax": 508200000,
    "incomeBeforeTaxRatio": 0.1616566466,
    "incomeTaxExpense": 164100000,
    "netIncome": 337200000,
    "netIncomeRatio": 0.1072621433,
    "eps": 0.33,
    "epsdiluted": 0.32,
    "weightedAverageShsOut": 1037538462,
    "weightedAverageShsOutDil": 1070476190,
    "link": "https://www.sec.gov/Archives/edgar/data/21665/000119312506214534/0001193125-06-214534-index.htm",
    "finalLink": "https://www.sec.gov/Archives/edgar/data/21665/000119312506214534/d10q.htm"
  },
  {
    "date": "2006-06-30",
    "symbol": "CL",
    "reportedCurrency": "USD",
    "cik": "0000021665",
    "fillingDate": "2006-07-27",
    "acceptedDate": "2006-07-27 16:58:41",
    "calendarYear": "2006",
    "period": "Q2",
    "revenue": 3014300000,
    "costOfRevenue": 1381200000,
    "grossProfit": 1633100000,
    "grossProfitRatio": 0.5417841622,
    "researchAndDevelopmentExpenses": 0,
    "generalAndAdministrativeExpenses": 0,
    "sellingAndMarketingExpenses": 0,
    "sellingGeneralAndAdministrativeExpenses": 1052300000,
    "otherExpenses": 0,
    "operatingExpenses": 1172200000,
    "costAndExpenses": 2553400000,
    "interestIncome": 0,
    "interestExpense": 41300000,
    "depreciationAndAmortization": 82200000,
    "ebitda": 460900000,
    "ebitdaratio": 0.1529044886,
    "operatingIncome": 460900000,
    "operatingIncomeRatio": 0.1529044886,
    "totalOtherIncomeExpensesNet": -41300000,
    "incomeBeforeTax": 419600000,
    "incomeBeforeTaxRatio": 0.1392031317,
    "incomeTaxExpense": 136000000,
    "netIncome": 276500000,
    "netIncomeRatio": 0.0917294231,
    "eps": 0.27,
    "epsdiluted": 0.26,
    "weightedAverageShsOut": 1024074074,
    "weightedAverageShsOutDil": 1084313725,
    "link": "https://www.sec.gov/Archives/edgar/data/21665/000119312506154959/0001193125-06-154959-index.htm",
    "finalLink": "https://www.sec.gov/Archives/edgar/data/21665/000119312506154959/d10q.htm"
  },
  {
    "date": "2006-03-31",
    "symbol": "CL",
    "reportedCurrency": "USD",
    "cik": "0000021665",
    "fillingDate": "2006-04-28",
    "acceptedDate": "2006-04-28 17:22:03",
    "calendarYear": "2006",
    "period": "Q1",
    "revenue": 2870600000,
    "costOfRevenue": 1307100000,
    "grossProfit": 1563500000,
    "grossProfitRatio": 0.544659653,
    "researchAndDevelopmentExpenses": 0,
    "generalAndAdministrativeExpenses": 0,
    "sellingAndMarketingExpenses": 0,
    "sellingGeneralAndAdministrativeExpenses": 1017600000,
    "otherExpenses": 0,
    "operatingExpenses": 1046000000,
    "costAndExpenses": 2353100000,
    "interestIncome": 0,
    "interestExpense": 37300000,
    "depreciationAndAmortization": 80200000,
    "ebitda": 517500000,
    "ebitdaratio": 0.1802759005,
    "operatingIncome": 517500000,
    "operatingIncomeRatio": 0.1802759005,
    "totalOtherIncomeExpensesNet": -37300000,
    "incomeBeforeTax": 480200000,
    "incomeBeforeTaxRatio": 0.1672821013,
    "incomeTaxExpense": 155700000,
    "netIncome": 317100000,
    "netIncomeRatio": 0.1104647112,
    "eps": 0.31,
    "epsdiluted": 0.3,
    "weightedAverageShsOut": 1022903226,
    "weightedAverageShsOutDil": 1074915254,
    "link": "https://www.sec.gov/Archives/edgar/data/21665/000119312506093176/0001193125-06-093176-index.htm",
    "finalLink": "https://www.sec.gov/Archives/edgar/data/21665/000119312506093176/d10q.htm"
  },
  {
    "date": "2005-12-31",
    "symbol": "CL",
    "reportedCurrency": "USD",
    "cik": "0000021665",
    "fillingDate": "2006-02-24",
    "acceptedDate": "2006-02-24 16:27:11",
    "calendarYear": "2005",
    "period": "Q4",
    "revenue": 2904600000,
    "costOfRevenue": 1319900000,
    "grossProfit": 1584700000,
    "grossProfitRatio": 0.5455828686,
    "researchAndDevelopmentExpenses": 0,
    "generalAndAdministrativeExpenses": 0,
    "sellingAndMarketingExpenses": 0,
    "sellingGeneralAndAdministrativeExpenses": 1010300000,
    "otherExpenses": 0,
    "operatingExpenses": 1007700000,
    "costAndExpenses": 2327600000,
    "interestIncome": 0,
    "interestExpense": 0,
    "depreciationAndAmortization": 81900000,
    "ebitda": 658900000,
    "ebitdaratio": 0.2268470702,
    "operatingIncome": 577000000,
    "operatingIncomeRatio": 0.1986504166,
    "totalOtherIncomeExpensesNet": -36700000,
    "incomeBeforeTax": 540300000,
    "incomeBeforeTaxRatio": 0.1860152861,
    "incomeTaxExpense": 179100000,
    "netIncome": 353800000,
    "netIncomeRatio": 0.1218067892,
    "eps": 0.34,
    "epsdiluted": 0.33,
    "weightedAverageShsOut": 1040462281,
    "weightedAverageShsOutDil": 1088573542,
    "link": "https://www.sec.gov/Archives/edgar/data/21665/000119312506038891/0001193125-06-038891-index.htm",
    "finalLink": "https://www.sec.gov/Archives/edgar/data/21665/000119312506038891/d10k.htm"
  },
  {
    "date": "2005-09-30",
    "symbol": "CL",
    "reportedCurrency": "USD",
    "cik": "0000021665",
    "fillingDate": "2005-11-04",
    "acceptedDate": "2005-11-04 16:20:08",
    "calendarYear": "2005",
    "period": "Q3",
    "revenue": 2911800000,
    "costOfRevenue": 1334200000,
    "grossProfit": 1577600000,
    "grossProfitRatio": 0.541795453,
    "researchAndDevelopmentExpenses": 0,
    "generalAndAdministrativeExpenses": 0,
    "sellingAndMarketingExpenses": 0,
    "sellingGeneralAndAdministrativeExpenses": 1007000000,
    "otherExpenses": 0,
    "operatingExpenses": 973300000,
    "costAndExpenses": 2307500000,
    "interestIncome": 0,
    "interestExpense": 36800000,
    "depreciationAndAmortization": 82200000,
    "ebitda": 604300000,
    "ebitdaratio": 0.2075348582,
    "operatingIncome": 604300000,
    "operatingIncomeRatio": 0.2075348582,
    "totalOtherIncomeExpensesNet": -36800000,
    "incomeBeforeTax": 567500000,
    "incomeBeforeTaxRatio": 0.1948966275,
    "incomeTaxExpense": 220300000,
    "netIncome": 340100000,
    "netIncomeRatio": 0.1168006044,
    "eps": 0.33,
    "epsdiluted": 0.32,
    "weightedAverageShsOut": 1030606061,
    "weightedAverageShsOutDil": 1079682540,
    "link": "https://www.sec.gov/Archives/edgar/data/21665/000119312505216935/0001193125-05-216935-index.htm",
    "finalLink": "https://www.sec.gov/Archives/edgar/data/21665/000119312505216935/d10q.htm"
  },
  {
    "date": "2005-06-30",
    "symbol": "CL",
    "reportedCurrency": "USD",
    "cik": "0000021665",
    "fillingDate": "2005-07-29",
    "acceptedDate": "2005-07-29 16:30:59",
    "calendarYear": "2005",
    "period": "Q2",
    "revenue": 2837500000,
    "costOfRevenue": 1298400000,
    "grossProfit": 1539100000,
    "grossProfitRatio": 0.5424140969,
    "researchAndDevelopmentExpenses": 0,
    "generalAndAdministrativeExpenses": 0,
    "sellingAndMarketingExpenses": 0,
    "sellingGeneralAndAdministrativeExpenses": 959100000,
    "otherExpenses": 0,
    "operatingExpenses": 998000000,
    "costAndExpenses": 2296400000,
    "interestIncome": 0,
    "interestExpense": 30900000,
    "depreciationAndAmortization": 82000000,
    "ebitda": 541100000,
    "ebitdaratio": 0.1906960352,
    "operatingIncome": 541100000,
    "operatingIncomeRatio": 0.1906960352,
    "totalOtherIncomeExpensesNet": -30900000,
    "incomeBeforeTax": 510200000,
    "incomeBeforeTaxRatio": 0.1798061674,
    "incomeTaxExpense": 167300000,
    "netIncome": 336200000,
    "netIncomeRatio": 0.1184845815,
    "eps": 0.32,
    "epsdiluted": 0.31,
    "weightedAverageShsOut": 1050625000,
    "weightedAverageShsOutDil": 1084516129,
    "link": "https://www.sec.gov/Archives/edgar/data/21665/000119312505152747/0001193125-05-152747-index.htm",
    "finalLink": "https://www.sec.gov/Archives/edgar/data/21665/000119312505152747/d10q.htm"
  },
  {
    "date": "2005-03-31",
    "symbol": "CL",
    "reportedCurrency": "USD",
    "cik": "0000021665",
    "fillingDate": "2005-04-29",
    "acceptedDate": "2005-04-29 15:00:18",
    "calendarYear": "2005",
    "period": "Q1",
    "revenue": 2743000000,
    "costOfRevenue": 1239400000,
    "grossProfit": 1503600000,
    "grossProfitRatio": 0.5481589501,
    "researchAndDevelopmentExpenses": 0,
    "generalAndAdministrativeExpenses": 0,
    "sellingAndMarketingExpenses": 0,
    "sellingGeneralAndAdministrativeExpenses": 1011000000,
    "otherExpenses": 0,
    "operatingExpenses": 1011000000,
    "costAndExpenses": 2250400000,
    "interestIncome": 0,
    "interestExpense": 31600000,
    "depreciationAndAmortization": 83200000,
    "ebitda": 492600000,
    "ebitdaratio": 0.1795843966,
    "operatingIncome": 492600000,
    "operatingIncomeRatio": 0.1795843966,
    "totalOtherIncomeExpensesNet": -31600000,
    "incomeBeforeTax": 461000000,
    "incomeBeforeTaxRatio": 0.1680641633,
    "incomeTaxExpense": 160900000,
    "netIncome": 293100000,
    "netIncomeRatio": 0.1068538097,
    "eps": 0.28,
    "epsdiluted": 0.27,
    "weightedAverageShsOut": 1046785714,
    "weightedAverageShsOutDil": 1106037736,
    "link": "https://www.sec.gov/Archives/edgar/data/21665/000119312505090269/0001193125-05-090269-index.htm",
    "finalLink": "https://www.sec.gov/Archives/edgar/data/21665/000119312505090269/d10q.htm"
  },
  {
    "date": "2004-12-31",
    "symbol": "CL",
    "reportedCurrency": "USD",
    "cik": "0000021665",
    "fillingDate": "2005-02-25",
    "acceptedDate": "2005-02-25 14:33:44",
    "calendarYear": "2004",
    "period": "Q4",
    "revenue": 2803300000,
    "costOfRevenue": 1266200000,
    "grossProfit": 1537100000,
    "grossProfitRatio": 0.5483180537,
    "researchAndDevelopmentExpenses": 0,
    "generalAndAdministrativeExpenses": 0,
    "sellingAndMarketingExpenses": 0,
    "sellingGeneralAndAdministrativeExpenses": 749300000,
    "otherExpenses": 0,
    "operatingExpenses": 1000700000,
    "costAndExpenses": 2266900000,
    "interestIncome": 0,
    "interestExpense": 0,
    "depreciationAndAmortization": 86600000,
    "ebitda": 623000000,
    "ebitdaratio": 0.2222380766,
    "operatingIncome": 468300000,
    "operatingIncomeRatio": 0.167053116,
    "totalOtherIncomeExpensesNet": -32000000,
    "incomeBeforeTax": 436300000,
    "incomeBeforeTaxRatio": 0.1556379981,
    "incomeTaxExpense": 150600000,
    "netIncome": 279200000,
    "netIncomeRatio": 0.0995969036,
    "eps": 0.27,
    "epsdiluted": 0.25,
    "weightedAverageShsOut": 1055066327,
    "weightedAverageShsOutDil": 1116819813,
    "link": "https://www.sec.gov/Archives/edgar/data/21665/000119312505037145/0001193125-05-037145-index.htm",
    "finalLink": "https://www.sec.gov/Archives/edgar/data/21665/000119312505037145/d10k.htm"
  },
  {
    "date": "2004-09-30",
    "symbol": "CL",
    "reportedCurrency": "USD",
    "cik": "0000021665",
    "fillingDate": "2004-11-04",
    "acceptedDate": "2004-11-04 14:14:44",
    "calendarYear": "2004",
    "period": "Q3",
    "revenue": 2695700000,
    "costOfRevenue": 1219000000,
    "grossProfit": 1476700000,
    "grossProfitRatio": 0.5477983455,
    "researchAndDevelopmentExpenses": 0,
    "generalAndAdministrativeExpenses": 0,
    "sellingAndMarketingExpenses": 0,
    "sellingGeneralAndAdministrativeExpenses": 939000000,
    "otherExpenses": 0,
    "operatingExpenses": 939000000,
    "costAndExpenses": 2158000000,
    "interestIncome": 0,
    "interestExpense": 30100000,
    "depreciationAndAmortization": 81500000,
    "ebitda": 537700000,
    "ebitdaratio": 0.1994658159,
    "operatingIncome": 537700000,
    "operatingIncomeRatio": 0.1994658159,
    "totalOtherIncomeExpensesNet": -30100000,
    "incomeBeforeTax": 507600000,
    "incomeBeforeTaxRatio": 0.188299885,
    "incomeTaxExpense": 178600000,
    "netIncome": 322700000,
    "netIncomeRatio": 0.1197091665,
    "eps": 0.31,
    "epsdiluted": 0.29,
    "weightedAverageShsOut": 1058032787,
    "weightedAverageShsOutDil": 1112758621,
    "link": "https://www.sec.gov/Archives/edgar/data/21665/000119312504186112/0001193125-04-186112-index.htm",
    "finalLink": "https://www.sec.gov/Archives/edgar/data/21665/000119312504186112/d10q.htm"
  },
  {
    "date": "2004-06-30",
    "symbol": "CL",
    "reportedCurrency": "USD",
    "cik": "0000021665",
    "fillingDate": "2004-08-06",
    "acceptedDate": "2004-08-06 15:11:21",
    "calendarYear": "2004",
    "period": "Q2",
    "revenue": 2571700000,
    "costOfRevenue": 1148100000,
    "grossProfit": 1423600000,
    "grossProfitRatio": 0.5535637905,
    "researchAndDevelopmentExpenses": 0,
    "generalAndAdministrativeExpenses": 0,
    "sellingAndMarketingExpenses": 0,
    "sellingGeneralAndAdministrativeExpenses": 838800000,
    "otherExpenses": 0,
    "operatingExpenses": 838800000,
    "costAndExpenses": 1986900000,
    "interestIncome": 0,
    "interestExpense": 29300000,
    "depreciationAndAmortization": 79800000,
    "ebitda": 584800000,
    "ebitdaratio": 0.2273982191,
    "operatingIncome": 584800000,
    "operatingIncomeRatio": 0.2273982191,
    "totalOtherIncomeExpensesNet": -29300000,
    "incomeBeforeTax": 555500000,
    "incomeBeforeTaxRatio": 0.2160049773,
    "incomeTaxExpense": 181600000,
    "netIncome": 367500000,
    "netIncomeRatio": 0.1429015826,
    "eps": 0.35,
    "epsdiluted": 0.33,
    "weightedAverageShsOut": 1065217391,
    "weightedAverageShsOutDil": 1113636364,
    "link": "https://www.sec.gov/Archives/edgar/data/21665/000119312504134219/0001193125-04-134219-index.htm",
    "finalLink": "https://www.sec.gov/Archives/edgar/data/21665/000119312504134219/d10q.htm"
  },
  {
    "date": "2004-03-31",
    "symbol": "CL",
    "reportedCurrency": "USD",
    "cik": "0000021665",
    "fillingDate": "2004-05-05",
    "acceptedDate": "2004-05-05 16:55:45",
    "calendarYear": "2004",
    "period": "Q1",
    "revenue": 2513500000,
    "costOfRevenue": 1113900000,
    "grossProfit": 1399600000,
    "grossProfitRatio": 0.5568331013,
    "researchAndDevelopmentExpenses": 0,
    "generalAndAdministrativeExpenses": 0,
    "sellingAndMarketingExpenses": 0,
    "sellingGeneralAndAdministrativeExpenses": 868300000,
    "otherExpenses": 0,
    "operatingExpenses": 868300000,
    "costAndExpenses": 1982200000,
    "interestIncome": 0,
    "interestExpense": 28300000,
    "depreciationAndAmortization": 79900000,
    "ebitda": 611200000,
    "ebitdaratio": 0.2431668987,
    "operatingIncome": 531300000,
    "operatingIncomeRatio": 0.2113785558,
    "totalOtherIncomeExpensesNet": -28300000,
    "incomeBeforeTax": 503000000,
    "incomeBeforeTaxRatio": 0.2001193555,
    "incomeTaxExpense": 164500000,
    "netIncome": 331900000,
    "netIncomeRatio": 0.1320469465,
    "eps": 0.31,
    "epsdiluted": 0.3,
    "weightedAverageShsOut": 1070645161,
    "weightedAverageShsOutDil": 1125084746,
    "link": "https://www.sec.gov/Archives/edgar/data/21665/000119312504079364/0001193125-04-079364-index.htm",
    "finalLink": "https://www.sec.gov/Archives/edgar/data/21665/000119312504079364/d10q.htm"
  },
  {
    "date": "2003-12-31",
    "symbol": "CL",
    "reportedCurrency": "USD",
    "cik": "0000021665",
    "fillingDate": "2004-03-12",
    "acceptedDate": "2004-03-12 15:27:47",
    "calendarYear": "2003",
    "period": "Q4",
    "revenue": 2572600000,
    "costOfRevenue": 1163600000,
    "grossProfit": 1409000000,
    "grossProfitRatio": 0.547694939,
    "researchAndDevelopmentExpenses": 0,
    "generalAndAdministrativeExpenses": 0,
    "sellingAndMarketingExpenses": 0,
    "sellingGeneralAndAdministrativeExpenses": 861300000,
    "otherExpenses": 0,
    "operatingExpenses": 787000000,
    "costAndExpenses": 1950600000,
    "interestIncome": 0,
    "interestExpense": 0,
    "depreciationAndAmortization": 84900000,
    "ebitda": 706900000,
    "ebitdaratio": 0.2747803778,
    "operatingIncome": 562700000,
    "operatingIncomeRatio": 0.218728135,
    "totalOtherIncomeExpensesNet": -28400000,
    "incomeBeforeTax": 534300000,
    "incomeBeforeTaxRatio": 0.2076887196,
    "incomeTaxExpense": 162200000,
    "netIncome": 365400000,
    "netIncomeRatio": 0.142035295,
    "eps": 0.34,
    "epsdiluted": 0.33,
    "weightedAverageShsOut": 1074778846,
    "weightedAverageShsOutDil": 1123508961,
    "link": "https://www.sec.gov/Archives/edgar/data/21665/000119312504040431/0001193125-04-040431-index.htm",
    "finalLink": "https://www.sec.gov/Archives/edgar/data/21665/000119312504040431/d10k.htm"
  },
  {
    "date": "2003-09-30",
    "symbol": "CL",
    "reportedCurrency": "USD",
    "cik": "0000021665",
    "fillingDate": "2003-11-07",
    "acceptedDate": "2003-11-07 14:53:24",
    "calendarYear": "2003",
    "period": "Q3",
    "revenue": 2523800000,
    "costOfRevenue": 1136500000,
    "grossProfit": 1387300000,
    "grossProfitRatio": 0.54968698,
    "researchAndDevelopmentExpenses": 0,
    "generalAndAdministrativeExpenses": 0,
    "sellingAndMarketingExpenses": 0,
    "sellingGeneralAndAdministrativeExpenses": 852000000,
    "otherExpenses": 0,
    "operatingExpenses": 852000000,
    "costAndExpenses": 1988500000,
    "interestIncome": 0,
    "interestExpense": 30400000,
    "depreciationAndAmortization": 77000000,
    "ebitda": 612300000,
    "ebitdaratio": 0.2426103495,
    "operatingIncome": 535300000,
    "operatingIncomeRatio": 0.2121008004,
    "totalOtherIncomeExpensesNet": -30400000,
    "incomeBeforeTax": 504900000,
    "incomeBeforeTaxRatio": 0.2000554719,
    "incomeTaxExpense": 139500000,
    "netIncome": 358600000,
    "netIncomeRatio": 0.1420873286,
    "eps": 0.34,
    "epsdiluted": 0.32,
    "weightedAverageShsOut": 1070447761,
    "weightedAverageShsOutDil": 1138412698,
    "link": "https://www.sec.gov/Archives/edgar/data/21665/000119312503075116/0001193125-03-075116-index.htm",
    "finalLink": "https://www.sec.gov/Archives/edgar/data/21665/000119312503075116/d10q.htm"
  },
  {
    "date": "2003-06-30",
    "symbol": "CL",
    "reportedCurrency": "USD",
    "cik": "0000021665",
    "fillingDate": "2003-08-13",
    "acceptedDate": "2003-08-13 16:14:58",
    "calendarYear": "2003",
    "period": "Q2",
    "revenue": 2458600000,
    "costOfRevenue": 1105800000,
    "grossProfit": 1352800000,
    "grossProfitRatio": 0.5502318393,
    "researchAndDevelopmentExpenses": 0,
    "generalAndAdministrativeExpenses": 0,
    "sellingAndMarketingExpenses": 0,
    "sellingGeneralAndAdministrativeExpenses": 795300000,
    "otherExpenses": 0,
    "operatingExpenses": 795300000,
    "costAndExpenses": 1901100000,
    "interestIncome": 0,
    "interestExpense": 31300000,
    "depreciationAndAmortization": 77900000,
    "ebitda": 557500000,
    "ebitdaratio": 0.2267550639,
    "operatingIncome": 557500000,
    "operatingIncomeRatio": 0.2267550639,
    "totalOtherIncomeExpensesNet": -31300000,
    "incomeBeforeTax": 526200000,
    "incomeBeforeTaxRatio": 0.2140242414,
    "incomeTaxExpense": 166400000,
    "netIncome": 354500000,
    "netIncomeRatio": 0.1441877491,
    "eps": 0.33,
    "epsdiluted": 0.31,
    "weightedAverageShsOut": 1074242424,
    "weightedAverageShsOutDil": 1143548387,
    "link": "https://www.sec.gov/Archives/edgar/data/21665/000119312503035970/0001193125-03-035970-index.htm",
    "finalLink": "https://www.sec.gov/Archives/edgar/data/21665/000119312503035970/d10q.htm"
  },
  {
    "date": "2003-03-31",
    "symbol": "CL",
    "reportedCurrency": "USD",
    "cik": "0000021665",
    "fillingDate": "2003-05-12",
    "acceptedDate": "2003-05-12 17:27:00",
    "calendarYear": "2003",
    "period": "Q1",
    "revenue": 2348400000,
    "costOfRevenue": 1050200000,
    "grossProfit": 1298200000,
    "grossProfitRatio": 0.5528019077,
    "researchAndDevelopmentExpenses": 0,
    "generalAndAdministrativeExpenses": 0,
    "sellingAndMarketingExpenses": 0,
    "sellingGeneralAndAdministrativeExpenses": 787700000,
    "otherExpenses": 0,
    "operatingExpenses": 787700000,
    "costAndExpenses": 1837900000,
    "interestIncome": 0,
    "interestExpense": 0,
    "depreciationAndAmortization": 75700000,
    "ebitda": 586200000,
    "ebitdaratio": 0.2496167603,
    "operatingIncome": 510500000,
    "operatingIncomeRatio": 0.2173820474,
    "totalOtherIncomeExpensesNet": -34000000,
    "incomeBeforeTax": 476500000,
    "incomeBeforeTaxRatio": 0.2029041049,
    "incomeTaxExpense": 152500000,
    "netIncome": 317100000,
    "netIncomeRatio": 0.1350281042,
    "eps": 0.3,
    "epsdiluted": 0.28,
    "weightedAverageShsOut": 1074915254,
    "weightedAverageShsOutDil": 1132500000,
    "link": "https://www.sec.gov/Archives/edgar/data/21665/000119312503004433/0001193125-03-004433-index.htm",
    "finalLink": "https://www.sec.gov/Archives/edgar/data/21665/000119312503004433/d10q.htm"
  },
  {
    "date": "2002-12-31",
    "symbol": "CL",
    "reportedCurrency": "USD",
    "cik": "0000021665",
    "fillingDate": "2003-03-24",
    "acceptedDate": "2003-03-24 15:48:28",
    "calendarYear": "2002",
    "period": "Q4",
    "revenue": 2420400000,
    "costOfRevenue": 1099700000,
    "grossProfit": 1320700000,
    "grossProfitRatio": 0.545653611,
    "researchAndDevelopmentExpenses": 0,
    "generalAndAdministrativeExpenses": 0,
    "sellingAndMarketingExpenses": 0,
    "sellingGeneralAndAdministrativeExpenses": 777200000,
    "otherExpenses": 0,
    "operatingExpenses": 800200000,
    "costAndExpenses": 1899900000,
    "interestIncome": 0,
    "interestExpense": 0,
    "depreciationAndAmortization": 77800000,
    "ebitda": 598300000,
    "ebitdaratio": 0.247190547,
    "operatingIncome": 520500000,
    "operatingIncomeRatio": 0.2150470997,
    "totalOtherIncomeExpensesNet": -32100000,
    "incomeBeforeTax": 488400000,
    "incomeBeforeTaxRatio": 0.201784829,
    "incomeTaxExpense": 147500000,
    "netIncome": 335600000,
    "netIncomeRatio": 0.1386547678,
    "eps": 0.31,
    "epsdiluted": 0.3,
    "weightedAverageShsOut": 1082189594,
    "weightedAverageShsOutDil": 1135618721,
    "link": "https://www.sec.gov/Archives/edgar/data/21665/000095013003002310/0000950130-03-002310-index.htm",
    "finalLink": "https://www.sec.gov/Archives/edgar/data/21665/000095013003002310/d10k.htm"
  },
  {
    "date": "2002-09-30",
    "symbol": "CL",
    "reportedCurrency": "USD",
    "cik": "0000021665",
    "fillingDate": "2002-11-06",
    "acceptedDate": "2002-11-06 16:36:52",
    "calendarYear": "2002",
    "period": "Q3",
    "revenue": 2381700000,
    "costOfRevenue": 1079100000,
    "grossProfit": 1302600000,
    "grossProfitRatio": 0.546920267,
    "researchAndDevelopmentExpenses": 0,
    "generalAndAdministrativeExpenses": 0,
    "sellingAndMarketingExpenses": 0,
    "sellingGeneralAndAdministrativeExpenses": 788500000,
    "otherExpenses": 0,
    "operatingExpenses": 788500000,
    "costAndExpenses": 1867600000,
    "interestIncome": 0,
    "interestExpense": 0,
    "depreciationAndAmortization": 73500000,
    "ebitda": 514100000,
    "ebitdaratio": 0.2158542218,
    "operatingIncome": 514100000,
    "operatingIncomeRatio": 0.2158542218,
    "totalOtherIncomeExpensesNet": -38700000,
    "incomeBeforeTax": 475400000,
    "incomeBeforeTaxRatio": 0.1996053239,
    "incomeTaxExpense": 144700000,
    "netIncome": 325200000,
    "netIncomeRatio": 0.1365411261,
    "eps": 0.3,
    "epsdiluted": 0.28,
    "weightedAverageShsOut": 1084000000,
    "weightedAverageShsOutDil": 1141052632,
    "link": "https://www.sec.gov/Archives/edgar/data/21665/000095013002007541/0000950130-02-007541-index.htm",
    "finalLink": "https://www.sec.gov/Archives/edgar/data/21665/000095013002007541/d10q.htm"
  },
  {
    "date": "2002-06-30",
    "symbol": "CL",
    "reportedCurrency": "USD",
    "cik": "0000021665",
    "fillingDate": "2002-08-02",
    "acceptedDate": "2002-08-02 10:58:29",
    "calendarYear": "2002",
    "period": "Q2",
    "revenue": 2297000000,
    "costOfRevenue": 1053000000,
    "grossProfit": 1244000000,
    "grossProfitRatio": 0.5415759687,
    "researchAndDevelopmentExpenses": 0,
    "generalAndAdministrativeExpenses": 0,
    "sellingAndMarketingExpenses": 0,
    "sellingGeneralAndAdministrativeExpenses": 726200000,
    "otherExpenses": 0,
    "operatingExpenses": 726200000,
    "costAndExpenses": 1779200000,
    "interestIncome": 0,
    "interestExpense": 0,
    "depreciationAndAmortization": 73500000,
    "ebitda": 591300000,
    "ebitdaratio": 0.2574227253,
    "operatingIncome": 517800000,
    "operatingIncomeRatio": 0.2254244667,
    "totalOtherIncomeExpensesNet": -37100000,
    "incomeBeforeTax": 480700000,
    "incomeBeforeTaxRatio": 0.2092729647,
    "incomeTaxExpense": 153700000,
    "netIncome": 321600000,
    "netIncomeRatio": 0.140008707,
    "eps": 0.3,
    "epsdiluted": 0.28,
    "weightedAverageShsOut": 1090169492,
    "weightedAverageShsOutDil": 1169454545,
    "link": "https://www.sec.gov/Archives/edgar/data/21665/000095013002005479/0000950130-02-005479-index.htm",
    "finalLink": "https://www.sec.gov/Archives/edgar/data/21665/000095013002005479/d10q.txt"
  },
  {
    "date": "2002-03-31",
    "symbol": "CL",
    "reportedCurrency": "USD",
    "cik": "0000021665",
    "fillingDate": "2002-04-30",
    "acceptedDate": "2002-04-30 17:07:39",
    "calendarYear": "2002",
    "period": "Q1",
    "revenue": 2195200000,
    "costOfRevenue": 992400000,
    "grossProfit": 1202800000,
    "grossProfitRatio": 0.5479227405,
    "researchAndDevelopmentExpenses": 0,
    "generalAndAdministrativeExpenses": 0,
    "sellingAndMarketingExpenses": 0,
    "sellingGeneralAndAdministrativeExpenses": 742100000,
    "otherExpenses": 0,
    "operatingExpenses": 742100000,
    "costAndExpenses": 1734500000,
    "interestIncome": 0,
    "interestExpense": 0,
    "depreciationAndAmortization": 71700000,
    "ebitda": 532400000,
    "ebitdaratio": 0.2425291545,
    "operatingIncome": 460700000,
    "operatingIncomeRatio": 0.2098669825,
    "totalOtherIncomeExpensesNet": -34900000,
    "incomeBeforeTax": 425800000,
    "incomeBeforeTaxRatio": 0.1939686589,
    "incomeTaxExpense": 136100000,
    "netIncome": 284000000,
    "netIncomeRatio": 0.1293731778,
    "eps": 0.26,
    "epsdiluted": 0.25,
    "weightedAverageShsOut": 1092307692,
    "weightedAverageShsOutDil": 1159183673,
    "link": "https://www.sec.gov/Archives/edgar/data/21665/000095013002003134/0000950130-02-003134-index.htm",
    "finalLink": "https://www.sec.gov/Archives/edgar/data/21665/000095013002003134/d10q.txt"
  },
  {
    "date": "2001-12-31",
    "symbol": "CL",
    "reportedCurrency": "USD",
    "cik": "0000021665",
    "fillingDate": "2002-03-20",
    "acceptedDate": "2002-03-20 00:00:00",
    "calendarYear": "2001",
    "period": "Q4",
    "revenue": 2414400000,
    "costOfRevenue": 1081100000,
    "grossProfit": 1333300000,
    "grossProfitRatio": 0.5522282969,
    "researchAndDevelopmentExpenses": 0,
    "generalAndAdministrativeExpenses": 0,
    "sellingAndMarketingExpenses": 0,
    "sellingGeneralAndAdministrativeExpenses": 790500000,
    "otherExpenses": 0,
    "operatingExpenses": 858500000,
    "costAndExpenses": 1939600000,
    "interestIncome": 0,
    "interestExpense": 0,
    "depreciationAndAmortization": 86000000,
    "ebitda": 560800000,
    "ebitdaratio": 0.2322730285,
    "operatingIncome": 474800000,
    "operatingIncomeRatio": 0.1966534129,
    "totalOtherIncomeExpensesNet": -62600000,
    "incomeBeforeTax": 412200000,
    "incomeBeforeTaxRatio": 0.1707256461,
    "incomeTaxExpense": 116900000,
    "netIncome": 289500000,
    "netIncomeRatio": 0.1199055666,
    "eps": 0.27,
    "epsdiluted": 0.25,
    "weightedAverageShsOut": 1095649505,
    "weightedAverageShsOutDil": 1101481481,
    "link": "https://www.sec.gov/Archives/edgar/data/21665/000095013002001698/0000950130-02-001698-index.htm",
    "finalLink": "https://www.sec.gov/Archives/edgar/data/21665/000095013002001698/d10k.txt"
  },
  {
    "date": "2001-09-30",
    "symbol": "CL",
    "reportedCurrency": "USD",
    "cik": "0000021665",
    "fillingDate": "2001-11-09",
    "acceptedDate": "2001-11-09 00:00:00",
    "calendarYear": "2001",
    "period": "Q3",
    "revenue": 2391200000,
    "costOfRevenue": 1072000000,
    "grossProfit": 1319200000,
    "grossProfitRatio": 0.5516895283,
    "researchAndDevelopmentExpenses": 0,
    "generalAndAdministrativeExpenses": 0,
    "sellingAndMarketingExpenses": 0,
    "sellingGeneralAndAdministrativeExpenses": 843800000,
    "otherExpenses": 0,
    "operatingExpenses": 843800000,
    "costAndExpenses": 1915800000,
    "interestIncome": 0,
    "interestExpense": 0,
    "depreciationAndAmortization": 83000000,
    "ebitda": 558400000,
    "ebitdaratio": 0.2335229174,
    "operatingIncome": 475400000,
    "operatingIncomeRatio": 0.1988123118,
    "totalOtherIncomeExpensesNet": -43500000,
    "incomeBeforeTax": 431900000,
    "incomeBeforeTaxRatio": 0.1806206089,
    "incomeTaxExpense": 135700000,
    "netIncome": 290400000,
    "netIncomeRatio": 0.1214452994,
    "eps": 0.26,
    "epsdiluted": 0.25,
    "weightedAverageShsOut": 1109000000,
    "weightedAverageShsOutDil": 1207600000,
    "link": "https://www.sec.gov/Archives/edgar/data/21665/000095013001505209/0000950130-01-505209-index.htm",
    "finalLink": "https://www.sec.gov/Archives/edgar/data/21665/000095013001505209/d10q.txt"
  },
  {
    "date": "2001-06-30",
    "symbol": "CL",
    "reportedCurrency": "USD",
    "cik": "0000021665",
    "fillingDate": "2001-08-13",
    "acceptedDate": "2001-08-13 00:00:00",
    "calendarYear": "2001",
    "period": "Q2",
    "revenue": 2329600000,
    "costOfRevenue": 1051000000,
    "grossProfit": 1278600000,
    "grossProfitRatio": 0.5488495879,
    "researchAndDevelopmentExpenses": 0,
    "generalAndAdministrativeExpenses": 0,
    "sellingAndMarketingExpenses": 0,
    "sellingGeneralAndAdministrativeExpenses": 809000000,
    "otherExpenses": 0,
    "operatingExpenses": 809000000,
    "costAndExpenses": 1860000000,
    "interestIncome": 0,
    "interestExpense": 0,
    "depreciationAndAmortization": 83700000,
    "ebitda": 553300000,
    "ebitdaratio": 0.2375085852,
    "operatingIncome": 469600000,
    "operatingIncomeRatio": 0.2015796703,
    "totalOtherIncomeExpensesNet": -42900000,
    "incomeBeforeTax": 426700000,
    "incomeBeforeTaxRatio": 0.1831644918,
    "incomeTaxExpense": 139500000,
    "netIncome": 282200000,
    "netIncomeRatio": 0.1211366758,
    "eps": 0.25,
    "epsdiluted": 0.24,
    "weightedAverageShsOut": 1121200000,
    "weightedAverageShsOutDil": 1221400000,
    "link": "https://www.sec.gov/Archives/edgar/data/21665/000095013001503792/0000950130-01-503792-index.htm",
    "finalLink": "https://www.sec.gov/Archives/edgar/data/21665/000095013001503792/d10q.txt"
  },
  {
    "date": "2001-03-31",
    "symbol": "CL",
    "reportedCurrency": "USD",
    "cik": "0000021665",
    "fillingDate": "2001-05-14",
    "acceptedDate": "2001-05-14 00:00:00",
    "calendarYear": "2001",
    "period": "Q1",
    "revenue": 2292600000,
    "costOfRevenue": 1032800000,
    "grossProfit": 1259800000,
    "grossProfitRatio": 0.5495071098,
    "researchAndDevelopmentExpenses": 0,
    "generalAndAdministrativeExpenses": 0,
    "sellingAndMarketingExpenses": 0,
    "sellingGeneralAndAdministrativeExpenses": 818300000,
    "otherExpenses": 0,
    "operatingExpenses": 818300000,
    "costAndExpenses": 1851100000,
    "interestIncome": 0,
    "interestExpense": 0,
    "depreciationAndAmortization": 83500000,
    "ebitda": 525000000,
    "ebitdaratio": 0.2289976446,
    "operatingIncome": 441500000,
    "operatingIncomeRatio": 0.1925761145,
    "totalOtherIncomeExpensesNet": -43600000,
    "incomeBeforeTax": 397900000,
    "incomeBeforeTaxRatio": 0.1735584053,
    "incomeTaxExpense": 130000000,
    "netIncome": 262800000,
    "netIncomeRatio": 0.1146296781,
    "eps": 0.24,
    "epsdiluted": 0.22,
    "weightedAverageShsOut": 1129200000,
    "weightedAverageShsOutDil": 1231000000,
    "link": "https://www.sec.gov/Archives/edgar/data/21665/000095013001501611/0000950130-01-501611-index.htm",
    "finalLink": "https://www.sec.gov/Archives/edgar/data/21665/000095013001501611/d10q.txt"
  },
  {
    "date": "2000-12-31",
    "symbol": "CL",
    "reportedCurrency": "USD",
    "cik": "0000021665",
    "fillingDate": "2001-03-28",
    "acceptedDate": "2001-03-28 00:00:00",
    "calendarYear": "2000",
    "period": "Q4",
    "revenue": 2412900000,
    "costOfRevenue": 1106100000,
    "grossProfit": 1306800000,
    "grossProfitRatio": 0.5415889593,
    "researchAndDevelopmentExpenses": 0,
    "generalAndAdministrativeExpenses": 0,
    "sellingAndMarketingExpenses": 0,
    "sellingGeneralAndAdministrativeExpenses": 798200000,
    "otherExpenses": 0,
    "operatingExpenses": 870300000,
    "costAndExpenses": 1976400000,
    "interestIncome": 0,
    "interestExpense": 0,
    "depreciationAndAmortization": 85500000,
    "ebitda": 522000000,
    "ebitdaratio": 0.2163371876,
    "operatingIncome": 436500000,
    "operatingIncomeRatio": 0.1809026483,
    "totalOtherIncomeExpensesNet": -19900000,
    "incomeBeforeTax": 416600000,
    "incomeBeforeTaxRatio": 0.172655311,
    "incomeTaxExpense": 129900000,
    "netIncome": 281600000,
    "netIncomeRatio": 0.1167060384,
    "eps": 0.25,
    "epsdiluted": 0.23,
    "weightedAverageShsOut": 1149023104,
    "weightedAverageShsOutDil": 1224028463,
    "link": "https://www.sec.gov/Archives/edgar/data/21665/000095013001500364/0000950130-01-500364-index.htm",
    "finalLink": "https://www.sec.gov/Archives/edgar/data/21665/000095013001500364/d10k405.txt"
  },
  {
    "date": "2000-09-30",
    "symbol": "CL",
    "reportedCurrency": "USD",
    "cik": "0000021665",
    "fillingDate": "2000-11-09",
    "acceptedDate": "2000-11-09 00:00:00",
    "calendarYear": "2000",
    "period": "Q3",
    "revenue": 2366500000,
    "costOfRevenue": 1073000000,
    "grossProfit": 1293500000,
    "grossProfitRatio": 0.5465877879,
    "researchAndDevelopmentExpenses": 0,
    "generalAndAdministrativeExpenses": 0,
    "sellingAndMarketingExpenses": 0,
    "sellingGeneralAndAdministrativeExpenses": 851900000,
    "otherExpenses": 0,
    "operatingExpenses": 851900000,
    "costAndExpenses": 1924900000,
    "interestIncome": 0,
    "interestExpense": 0,
    "depreciationAndAmortization": 0,
    "ebitda": 441600000,
    "ebitdaratio": 0.1866046905,
    "operatingIncome": 441600000,
    "operatingIncomeRatio": 0.1866046905,
    "totalOtherIncomeExpensesNet": -48300000,
    "incomeBeforeTax": 393300000,
    "incomeBeforeTaxRatio": 0.1661948025,
    "incomeTaxExpense": 118000000,
    "netIncome": 270100000,
    "netIncomeRatio": 0.1141347982,
    "eps": 0.24,
    "epsdiluted": 0.22,
    "weightedAverageShsOut": 1149361702,
    "weightedAverageShsOutDil": 1227727273,
    "link": "https://www.sec.gov/Archives/edgar/data/21665/000095013000005910/0000950130-00-005910-index.htm",
    "finalLink": "https://www.sec.gov/Archives/edgar/data/21665/000095013000005910/0000950130-00-005910-0001.txt"
  },
  {
    "date": "2000-06-30",
    "symbol": "CL",
    "reportedCurrency": "USD",
    "cik": "0000021665",
    "fillingDate": "2000-08-10",
    "acceptedDate": "2000-08-10 00:00:00",
    "calendarYear": "2000",
    "period": "Q2",
    "revenue": 2336700000,
    "costOfRevenue": 1065800000,
    "grossProfit": 1270900000,
    "grossProfitRatio": 0.5438866778,
    "researchAndDevelopmentExpenses": 0,
    "generalAndAdministrativeExpenses": 0,
    "sellingAndMarketingExpenses": 0,
    "sellingGeneralAndAdministrativeExpenses": 832800000,
    "otherExpenses": 0,
    "operatingExpenses": 832800000,
    "costAndExpenses": 1898600000,
    "interestIncome": 0,
    "interestExpense": 0,
    "depreciationAndAmortization": 0,
    "ebitda": 438100000,
    "ebitdaratio": 0.1874866264,
    "operatingIncome": 438100000,
    "operatingIncomeRatio": 0.1874866264,
    "totalOtherIncomeExpensesNet": -44200000,
    "incomeBeforeTax": 393900000,
    "incomeBeforeTaxRatio": 0.1685710618,
    "incomeTaxExpense": 132000000,
    "netIncome": 256800000,
    "netIncomeRatio": 0.1098985749,
    "eps": 0.23,
    "epsdiluted": 0.21,
    "weightedAverageShsOut": 1141333333,
    "weightedAverageShsOutDil": 1222857143,
    "link": "https://www.sec.gov/Archives/edgar/data/21665/000094018000000960/0000940180-00-000960-index.htm",
    "finalLink": "https://www.sec.gov/Archives/edgar/data/21665/000094018000000960/0000940180-00-000960-0001.txt"
  },
  {
    "date": "2000-03-31",
    "symbol": "CL",
    "reportedCurrency": "USD",
    "cik": "0000021665",
    "fillingDate": "2000-05-08",
    "acceptedDate": "2000-05-08 00:00:00",
    "calendarYear": "2000",
    "period": "Q1",
    "revenue": 2241800000,
    "costOfRevenue": 1020600000,
    "grossProfit": 1221200000,
    "grossProfitRatio": 0.5447408333,
    "researchAndDevelopmentExpenses": 0,
    "generalAndAdministrativeExpenses": 0,
    "sellingAndMarketingExpenses": 0,
    "sellingGeneralAndAdministrativeExpenses": 816700000,
    "otherExpenses": 0,
    "operatingExpenses": 816700000,
    "costAndExpenses": 1837300000,
    "interestIncome": 0,
    "interestExpense": 0,
    "depreciationAndAmortization": 84500000,
    "ebitda": 489000000,
    "ebitdaratio": 0.2181282898,
    "operatingIncome": 404500000,
    "operatingIncomeRatio": 0.1804353644,
    "totalOtherIncomeExpensesNet": -41100000,
    "incomeBeforeTax": 363400000,
    "incomeBeforeTaxRatio": 0.1621018824,
    "incomeTaxExpense": 123500000,
    "netIncome": 234600000,
    "netIncomeRatio": 0.1046480507,
    "eps": 0.21,
    "epsdiluted": 0.19,
    "weightedAverageShsOut": 1156400000,
    "weightedAverageShsOutDil": 1264400000,
    "link": "https://www.sec.gov/Archives/edgar/data/21665/000095013000002645/0000950130-00-002645-index.html",
    "finalLink": "https://www.sec.gov/Archives/edgar/data/21665/000095013000002645/"
  },
  {
    "date": "1999-12-31",
    "symbol": "CL",
    "reportedCurrency": "USD",
    "cik": "0000021665",
    "fillingDate": "2000-03-27",
    "acceptedDate": "2000-03-27 00:00:00",
    "calendarYear": "1999",
    "period": "Q4",
    "revenue": 2343900000,
    "costOfRevenue": 750300000,
    "grossProfit": 1593600000,
    "grossProfitRatio": 0.6798924869,
    "researchAndDevelopmentExpenses": 0,
    "generalAndAdministrativeExpenses": 0,
    "sellingAndMarketingExpenses": 0,
    "sellingGeneralAndAdministrativeExpenses": 769900000,
    "otherExpenses": 0,
    "operatingExpenses": 1110100000,
    "costAndExpenses": 1860400000,
    "interestIncome": 0,
    "interestExpense": 0,
    "depreciationAndAmortization": 0,
    "ebitda": 483500000,
    "ebitdaratio": 0.2062801314,
    "operatingIncome": 483500000,
    "operatingIncomeRatio": 0.2062801314,
    "totalOtherIncomeExpensesNet": -111300000,
    "incomeBeforeTax": 372200000,
    "incomeBeforeTaxRatio": 0.1587951704,
    "incomeTaxExpense": 111600000,
    "netIncome": 255300000,
    "netIncomeRatio": 0.1089210291,
    "eps": 0.22,
    "epsdiluted": 0.21,
    "weightedAverageShsOut": 1159310073,
    "weightedAverageShsOutDil": 1245157233,
    "link": "https://www.sec.gov/Archives/edgar/data/21665/000095013000001590/0000950130-00-001590-index.html",
    "finalLink": "https://www.sec.gov/Archives/edgar/data/21665/000095013000001590/"
  },
  {
    "date": "1999-09-30",
    "symbol": "CL",
    "reportedCurrency": "USD",
    "cik": "0000021665",
    "fillingDate": "1999-11-12",
    "acceptedDate": "1999-11-12 00:00:00",
    "calendarYear": "1999",
    "period": "Q3",
    "revenue": 2314000000,
    "costOfRevenue": 1060400000,
    "grossProfit": 1253600000,
    "grossProfitRatio": 0.5417458946,
    "researchAndDevelopmentExpenses": 0,
    "generalAndAdministrativeExpenses": 0,
    "sellingAndMarketingExpenses": 0,
    "sellingGeneralAndAdministrativeExpenses": 852000000,
    "otherExpenses": 0,
    "operatingExpenses": 852000000,
    "costAndExpenses": 1912400000,
    "interestIncome": 0,
    "interestExpense": 0,
    "depreciationAndAmortization": 0,
    "ebitda": 401600000,
    "ebitdaratio": 0.1735522904,
    "operatingIncome": 401600000,
    "operatingIncomeRatio": 0.1735522904,
    "totalOtherIncomeExpensesNet": -43800000,
    "incomeBeforeTax": 357800000,
    "incomeBeforeTaxRatio": 0.1546240277,
    "incomeTaxExpense": 118100000,
    "netIncome": 234400000,
    "netIncomeRatio": 0.1012964564,
    "eps": 0.2,
    "epsdiluted": 0.19,
    "weightedAverageShsOut": 1172000000,
    "weightedAverageShsOutDil": 1233684211,
    "link": "https://www.sec.gov/Archives/edgar/data/21665/000095013099006432/0000950130-99-006432-index.html",
    "finalLink": "https://www.sec.gov/Archives/edgar/data/21665/000095013099006432/"
  },
  {
    "date": "1999-06-30",
    "symbol": "CL",
    "reportedCurrency": "USD",
    "cik": "0000021665",
    "fillingDate": "1999-08-12",
    "acceptedDate": "1999-08-12 00:00:00",
    "calendarYear": "1999",
    "period": "Q2",
    "revenue": 2285000000,
    "costOfRevenue": 1063700000,
    "grossProfit": 1221300000,
    "grossProfitRatio": 0.5344857768,
    "researchAndDevelopmentExpenses": 0,
    "generalAndAdministrativeExpenses": 0,
    "sellingAndMarketingExpenses": 0,
    "sellingGeneralAndAdministrativeExpenses": 831500000,
    "otherExpenses": 0,
    "operatingExpenses": 831500000,
    "costAndExpenses": 1895200000,
    "interestIncome": 0,
    "interestExpense": 0,
    "depreciationAndAmortization": -10300000,
    "ebitda": 379500000,
    "ebitdaratio": 0.166083151,
    "operatingIncome": 389800000,
    "operatingIncomeRatio": 0.1705908096,
    "totalOtherIncomeExpensesNet": -44200000,
    "incomeBeforeTax": 345600000,
    "incomeBeforeTaxRatio": 0.1512472648,
    "incomeTaxExpense": 117500000,
    "netIncome": 223000000,
    "netIncomeRatio": 0.0975929978,
    "eps": 0.19,
    "epsdiluted": 0.18,
    "weightedAverageShsOut": 1173684211,
    "weightedAverageShsOutDil": 1238888889,
    "link": "https://www.sec.gov/Archives/edgar/data/21665/000095013099004770/0000950130-99-004770-index.html",
    "finalLink": "https://www.sec.gov/Archives/edgar/data/21665/000095013099004770/"
  },
  {
    "date": "1999-03-31",
    "symbol": "CL",
    "reportedCurrency": "USD",
    "cik": "0000021665",
    "fillingDate": "1999-05-14",
    "acceptedDate": "1999-05-14 00:00:00",
    "calendarYear": "1999",
    "period": "Q1",
    "revenue": 2175300000,
    "costOfRevenue": 1009400000,
    "grossProfit": 1165900000,
    "grossProfitRatio": 0.5359720498,
    "researchAndDevelopmentExpenses": 0,
    "generalAndAdministrativeExpenses": 0,
    "sellingAndMarketingExpenses": 0,
    "sellingGeneralAndAdministrativeExpenses": 801000000,
    "otherExpenses": 0,
    "operatingExpenses": 801000000,
    "costAndExpenses": 1810400000,
    "interestIncome": 0,
    "interestExpense": 0,
    "depreciationAndAmortization": -8100000,
    "ebitda": 356800000,
    "ebitdaratio": 0.1640233531,
    "operatingIncome": 364900000,
    "operatingIncomeRatio": 0.1677469774,
    "totalOtherIncomeExpensesNet": -45900000,
    "incomeBeforeTax": 319000000,
    "incomeBeforeTaxRatio": 0.1466464396,
    "incomeTaxExpense": 110100000,
    "netIncome": 208900000,
    "netIncomeRatio": 0.0960327311,
    "eps": 0.18,
    "epsdiluted": 0.17,
    "weightedAverageShsOut": 1193714286,
    "weightedAverageShsOutDil": 1266060606,
    "link": "https://www.sec.gov/Archives/edgar/data/21665/000095013099002988/0000950130-99-002988-index.html",
    "finalLink": "https://www.sec.gov/Archives/edgar/data/21665/"
  },
  {
    "date": "1998-12-31",
    "symbol": "CL",
    "reportedCurrency": "USD",
    "cik": "0000021665",
    "fillingDate": "1999-03-30",
    "acceptedDate": "1999-03-30 00:00:00",
    "calendarYear": "1998",
    "period": "Q4",
    "revenue": 2290200000,
    "costOfRevenue": 767300000,
    "grossProfit": 1522900000,
    "grossProfitRatio": 0.6649637586,
    "researchAndDevelopmentExpenses": 0,
    "generalAndAdministrativeExpenses": 0,
    "sellingAndMarketingExpenses": 0,
    "sellingGeneralAndAdministrativeExpenses": 766200000,
    "otherExpenses": 0,
    "operatingExpenses": 1096500000,
    "costAndExpenses": 1863800000,
    "interestIncome": 0,
    "interestExpense": 0,
    "depreciationAndAmortization": 21300000,
    "ebitda": 426400000,
    "ebitdaratio": 0.1861846127,
    "operatingIncome": 426400000,
    "operatingIncomeRatio": 0.1861846127,
    "totalOtherIncomeExpensesNet": -100100000,
    "incomeBeforeTax": 326300000,
    "incomeBeforeTaxRatio": 0.1424766396,
    "incomeTaxExpense": 92100000,
    "netIncome": 229000000,
    "netIncomeRatio": 0.0999912671,
    "eps": 0.19,
    "epsdiluted": 0.18,
    "weightedAverageShsOut": 1207949580,
    "weightedAverageShsOutDil": 1272049100,
    "link": "https://www.sec.gov/Archives/edgar/data/21665/000095013099001795/0000950130-99-001795-index.html",
    "finalLink": "https://www.sec.gov/Archives/edgar/data/21665/"
  },
  {
    "date": "1998-09-30",
    "symbol": "CL",
    "reportedCurrency": "USD",
    "cik": "0000021665",
    "fillingDate": "1998-11-13",
    "acceptedDate": "1998-11-13 00:00:00",
    "calendarYear": "1998",
    "period": "Q3",
    "revenue": 2265400000,
    "costOfRevenue": 1072800000,
    "grossProfit": 1192600000,
    "grossProfitRatio": 0.5264412466,
    "researchAndDevelopmentExpenses": 0,
    "generalAndAdministrativeExpenses": 0,
    "sellingAndMarketingExpenses": 0,
    "sellingGeneralAndAdministrativeExpenses": 825100000,
    "otherExpenses": 0,
    "operatingExpenses": 825100000,
    "costAndExpenses": 1897900000,
    "interestIncome": 0,
    "interestExpense": 0,
    "depreciationAndAmortization": -5800000,
    "ebitda": 361700000,
    "ebitdaratio": 0.1596627527,
    "operatingIncome": 367500000,
    "operatingIncomeRatio": 0.162223007,
    "totalOtherIncomeExpensesNet": -46700000,
    "incomeBeforeTax": 320800000,
    "incomeBeforeTaxRatio": 0.141608546,
    "incomeTaxExpense": 105900000,
    "netIncome": 209700000,
    "netIncomeRatio": 0.0925664342,
    "eps": 0.18,
    "epsdiluted": 0.17,
    "weightedAverageShsOut": 1165000000,
    "weightedAverageShsOutDil": 1270909091,
    "link": "https://www.sec.gov/Archives/edgar/data/21665/000095013098005508/0000950130-98-005508-index.html",
    "finalLink": "https://www.sec.gov/Archives/edgar/data/21665/"
  },
  {
    "date": "1998-06-30",
    "symbol": "CL",
    "reportedCurrency": "USD",
    "cik": "0000021665",
    "fillingDate": "1998-08-12",
    "acceptedDate": "1998-08-12 00:00:00",
    "calendarYear": "1998",
    "period": "Q2",
    "revenue": 2256500000,
    "costOfRevenue": 1083900000,
    "grossProfit": 1172600000,
    "grossProfitRatio": 0.5196543319,
    "researchAndDevelopmentExpenses": 0,
    "generalAndAdministrativeExpenses": 0,
    "sellingAndMarketingExpenses": 0,
    "sellingGeneralAndAdministrativeExpenses": 824700000,
    "otherExpenses": 0,
    "operatingExpenses": 824700000,
    "costAndExpenses": 1908600000,
    "interestIncome": 0,
    "interestExpense": 0,
    "depreciationAndAmortization": -6900000,
    "ebitda": 341000000,
    "ebitdaratio": 0.1511189896,
    "operatingIncome": 347900000,
    "operatingIncomeRatio": 0.1541768225,
    "totalOtherIncomeExpensesNet": -44100000,
    "incomeBeforeTax": 303800000,
    "incomeBeforeTaxRatio": 0.1346332816,
    "incomeTaxExpense": 100300000,
    "netIncome": 198400000,
    "netIncomeRatio": 0.0879237758,
    "eps": 0.17,
    "epsdiluted": 0.16,
    "weightedAverageShsOut": 1167058824,
    "weightedAverageShsOutDil": 1280000000,
    "link": "https://www.sec.gov/Archives/edgar/data/21665/000104746998030810/0001047469-98-030810-index.html",
    "finalLink": "https://www.sec.gov/Archives/edgar/data/21665/"
  },
  {
    "date": "1998-03-31",
    "symbol": "CL",
    "reportedCurrency": "USD",
    "cik": "0000021665",
    "fillingDate": "1998-05-13",
    "acceptedDate": "1998-05-13 00:00:00",
    "calendarYear": "1998",
    "period": "Q1",
    "revenue": 2159500000,
    "costOfRevenue": 1036000000,
    "grossProfit": 1123500000,
    "grossProfitRatio": 0.5202593193,
    "researchAndDevelopmentExpenses": 0,
    "generalAndAdministrativeExpenses": 0,
    "sellingAndMarketingExpenses": 0,
    "sellingGeneralAndAdministrativeExpenses": 781100000,
    "otherExpenses": 0,
    "operatingExpenses": 781100000,
    "costAndExpenses": 1817100000,
    "interestIncome": 0,
    "interestExpense": 0,
    "depreciationAndAmortization": -7100000,
    "ebitda": 335300000,
    "ebitdaratio": 0.155267423,
    "operatingIncome": 342400000,
    "operatingIncomeRatio": 0.1585552211,
    "totalOtherIncomeExpensesNet": -43200000,
    "incomeBeforeTax": 299200000,
    "incomeBeforeTaxRatio": 0.1385505904,
    "incomeTaxExpense": 103200000,
    "netIncome": 190700000,
    "netIncomeRatio": 0.0883074786,
    "eps": 0.17,
    "epsdiluted": 0.17,
    "weightedAverageShsOut": 1155757576,
    "weightedAverageShsOutDil": 1155757576,
    "link": "https://www.sec.gov/Archives/edgar/data/21665/000104746998019854/0001047469-98-019854-index.html",
    "finalLink": "https://www.sec.gov/Archives/edgar/data/21665/"
  },
  {
    "date": "1997-12-31",
    "symbol": "CL",
    "reportedCurrency": "USD",
    "cik": "0000021665",
    "fillingDate": "1998-03-24",
    "acceptedDate": "1998-03-24 00:00:00",
    "calendarYear": "1997",
    "period": "Q4",
    "revenue": 2311500000,
    "costOfRevenue": 811800000,
    "grossProfit": 1499700000,
    "grossProfitRatio": 0.6487994809,
    "researchAndDevelopmentExpenses": 0,
    "generalAndAdministrativeExpenses": 0,
    "sellingAndMarketingExpenses": 0,
    "sellingGeneralAndAdministrativeExpenses": 775700000,
    "otherExpenses": 0,
    "operatingExpenses": 1095600000,
    "costAndExpenses": 1907400000,
    "interestIncome": 0,
    "interestExpense": 0,
    "depreciationAndAmortization": 61200000,
    "ebitda": 404100000,
    "ebitdaratio": 0.1748215445,
    "operatingIncome": 404100000,
    "operatingIncomeRatio": 0.1748215445,
    "totalOtherIncomeExpensesNet": -116600000,
    "incomeBeforeTax": 287500000,
    "incomeBeforeTaxRatio": 0.1243781095,
    "incomeTaxExpense": 81100000,
    "netIncome": 201100000,
    "netIncomeRatio": 0.0869997837,
    "eps": 0.17,
    "epsdiluted": 0.16,
    "weightedAverageShsOut": 1183539493,
    "weightedAverageShsOutDil": 1300682063,
    "link": "https://www.sec.gov/Archives/edgar/data/21665/000094018098000317/0000940180-98-000317-index.html",
    "finalLink": "https://www.sec.gov/Archives/edgar/data/21665/"
  },
  {
    "date": "1997-09-30",
    "symbol": "CL",
    "reportedCurrency": "USD",
    "cik": "0000021665",
    "fillingDate": "1997-11-13",
    "acceptedDate": "1997-11-13 00:00:00",
    "calendarYear": "1997",
    "period": "Q3",
    "revenue": 2297200000,
    "costOfRevenue": 1130500000,
    "grossProfit": 1166700000,
    "grossProfitRatio": 0.5078791572,
    "researchAndDevelopmentExpenses": 0,
    "generalAndAdministrativeExpenses": 0,
    "sellingAndMarketingExpenses": 0,
    "sellingGeneralAndAdministrativeExpenses": 832600000,
    "otherExpenses": 0,
    "operatingExpenses": 832600000,
    "costAndExpenses": 1963100000,
    "interestIncome": 0,
    "interestExpense": 0,
    "depreciationAndAmortization": -13300000,
    "ebitda": 320800000,
    "ebitdaratio": 0.1396482675,
    "operatingIncome": 334100000,
    "operatingIncomeRatio": 0.1454379244,
    "totalOtherIncomeExpensesNet": -46600000,
    "incomeBeforeTax": 287500000,
    "incomeBeforeTaxRatio": 0.1251523594,
    "incomeTaxExpense": 98900000,
    "netIncome": 183400000,
    "netIncomeRatio": 0.0798363225,
    "eps": 0.16,
    "epsdiluted": 0.14,
    "weightedAverageShsOut": 1183225806,
    "weightedAverageShsOutDil": 1264827586,
    "link": "https://www.sec.gov/Archives/edgar/data/21665/000104746997004344/0001047469-97-004344-index.html",
    "finalLink": "https://www.sec.gov/Archives/edgar/data/21665/"
  },
  {
    "date": "1997-06-30",
    "symbol": "CL",
    "reportedCurrency": "USD",
    "cik": "0000021665",
    "fillingDate": "1997-08-14",
    "acceptedDate": "1997-08-14 00:00:00",
    "calendarYear": "1997",
    "period": "Q2",
    "revenue": 2300900000,
    "costOfRevenue": 1132800000,
    "grossProfit": 1168100000,
    "grossProfitRatio": 0.5076709114,
    "researchAndDevelopmentExpenses": 0,
    "generalAndAdministrativeExpenses": 0,
    "sellingAndMarketingExpenses": 0,
    "sellingGeneralAndAdministrativeExpenses": 854600000,
    "otherExpenses": 0,
    "operatingExpenses": 854600000,
    "costAndExpenses": 1987400000,
    "interestIncome": 0,
    "interestExpense": 0,
    "depreciationAndAmortization": -11700000,
    "ebitda": 301800000,
    "ebitdaratio": 0.1311660655,
    "operatingIncome": 313500000,
    "operatingIncomeRatio": 0.1362510322,
    "totalOtherIncomeExpensesNet": -47000000,
    "incomeBeforeTax": 266500000,
    "incomeBeforeTaxRatio": 0.1158242427,
    "incomeTaxExpense": 90700000,
    "netIncome": 170600000,
    "netIncomeRatio": 0.0741448998,
    "eps": 0.14,
    "epsdiluted": 0.14,
    "weightedAverageShsOut": 1176551724,
    "weightedAverageShsOutDil": 1263703704,
    "link": "https://www.sec.gov/Archives/edgar/data/21665/000091205797027943/0000912057-97-027943-index.html",
    "finalLink": "https://www.sec.gov/Archives/edgar/data/21665/"
  },
  {
    "date": "1997-03-31",
    "symbol": "CL",
    "reportedCurrency": "USD",
    "cik": "0000021665",
    "fillingDate": "1997-05-14",
    "acceptedDate": "1997-05-14 00:00:00",
    "calendarYear": "1997",
    "period": "Q1",
    "revenue": 2147100000,
    "costOfRevenue": 1066500000,
    "grossProfit": 1080600000,
    "grossProfitRatio": 0.5032834987,
    "researchAndDevelopmentExpenses": 0,
    "generalAndAdministrativeExpenses": 0,
    "sellingAndMarketingExpenses": 0,
    "sellingGeneralAndAdministrativeExpenses": 774100000,
    "otherExpenses": 0,
    "operatingExpenses": 774100000,
    "costAndExpenses": 1840600000,
    "interestIncome": 0,
    "interestExpense": 0,
    "depreciationAndAmortization": -11900000,
    "ebitda": 294600000,
    "ebitdaratio": 0.1372083275,
    "operatingIncome": 306500000,
    "operatingIncomeRatio": 0.142750687,
    "totalOtherIncomeExpensesNet": -45700000,
    "incomeBeforeTax": 260800000,
    "incomeBeforeTaxRatio": 0.1214661637,
    "incomeTaxExpense": 91200000,
    "netIncome": 164200000,
    "netIncomeRatio": 0.0764752457,
    "eps": 0.14,
    "epsdiluted": 0.13,
    "weightedAverageShsOut": 1172857143,
    "weightedAverageShsOutDil": 1263076923,
    "link": "https://www.sec.gov/Archives/edgar/data/21665/000094018097000460/0000940180-97-000460-index.html",
    "finalLink": "https://www.sec.gov/Archives/edgar/data/21665/"
  },
  {
    "date": "1996-12-31",
    "symbol": "CL",
    "reportedCurrency": "USD",
    "cik": "0000021665",
    "fillingDate": "1997-03-18",
    "acceptedDate": "1997-03-18 00:00:00",
    "calendarYear": "1996",
    "period": "Q4",
    "revenue": 2297400000,
    "costOfRevenue": 842300000,
    "grossProfit": 1455100000,
    "grossProfitRatio": 0.6333681553,
    "researchAndDevelopmentExpenses": 0,
    "generalAndAdministrativeExpenses": 0,
    "sellingAndMarketingExpenses": 0,
    "sellingGeneralAndAdministrativeExpenses": 738700000,
    "otherExpenses": 0,
    "operatingExpenses": 1055000000,
    "costAndExpenses": 1897300000,
    "interestIncome": 0,
    "interestExpense": 0,
    "depreciationAndAmortization": 117700000,
    "ebitda": 400100000,
    "ebitdaratio": 0.1741533908,
    "operatingIncome": 400100000,
    "operatingIncomeRatio": 0.1741533908,
    "totalOtherIncomeExpensesNet": -140600000,
    "incomeBeforeTax": 259500000,
    "incomeBeforeTaxRatio": 0.1129537738,
    "incomeTaxExpense": 77800000,
    "netIncome": 181700000,
    "netIncomeRatio": 0.0790894054,
    "eps": 0.15,
    "epsdiluted": 0.14,
    "weightedAverageShsOut": 1048647619,
    "weightedAverageShsOutDil": 1123551020,
    "link": "https://www.sec.gov/Archives/edgar/data/21665/000094018097000241/0000940180-97-000241-index.html",
    "finalLink": "https://www.sec.gov/Archives/edgar/data/21665/"
  },
  {
    "date": "1996-09-30",
    "symbol": "CL",
    "reportedCurrency": "USD",
    "cik": "0000021665",
    "fillingDate": "1996-10-25",
    "acceptedDate": "1996-10-25 00:00:00",
    "calendarYear": "1996",
    "period": "Q3",
    "revenue": 2230600000,
    "costOfRevenue": 1135800000,
    "grossProfit": 1094800000,
    "grossProfitRatio": 0.4908096476,
    "researchAndDevelopmentExpenses": 0,
    "generalAndAdministrativeExpenses": 0,
    "sellingAndMarketingExpenses": 0,
    "sellingGeneralAndAdministrativeExpenses": 799100000,
    "otherExpenses": 0,
    "operatingExpenses": 799100000,
    "costAndExpenses": 1934900000,
    "interestIncome": 0,
    "interestExpense": 0,
    "depreciationAndAmortization": -9400000,
    "ebitda": 286300000,
    "ebitdaratio": 0.1283511163,
    "operatingIncome": 295700000,
    "operatingIncomeRatio": 0.1325652291,
    "totalOtherIncomeExpensesNet": -50400000,
    "incomeBeforeTax": 245300000,
    "incomeBeforeTaxRatio": 0.1099704115,
    "incomeTaxExpense": 84400000,
    "netIncome": 160900000,
    "netIncomeRatio": 0.0721330584,
    "eps": 0.14,
    "epsdiluted": 0.13,
    "weightedAverageShsOut": 1191851852,
    "weightedAverageShsOutDil": 1287200000,
    "link": "https://www.sec.gov/Archives/edgar/data/21665/000091205796023694/0000912057-96-023694-index.html",
    "finalLink": "https://www.sec.gov/Archives/edgar/data/21665/"
  },
  {
    "date": "1996-06-30",
    "symbol": "CL",
    "reportedCurrency": "USD",
    "cik": "0000021665",
    "fillingDate": "1996-08-14",
    "acceptedDate": "1996-08-14 00:00:00",
    "calendarYear": "1996",
    "period": "Q2",
    "revenue": 2167300000,
    "costOfRevenue": 1106300000,
    "grossProfit": 1061000000,
    "grossProfitRatio": 0.4895492087,
    "researchAndDevelopmentExpenses": 0,
    "generalAndAdministrativeExpenses": 0,
    "sellingAndMarketingExpenses": 0,
    "sellingGeneralAndAdministrativeExpenses": 780500000,
    "otherExpenses": 0,
    "operatingExpenses": 780500000,
    "costAndExpenses": 1886800000,
    "interestIncome": 0,
    "interestExpense": 0,
    "depreciationAndAmortization": -5200000,
    "ebitda": 275300000,
    "ebitdaratio": 0.1270244082,
    "operatingIncome": 280500000,
    "operatingIncomeRatio": 0.1294237069,
    "totalOtherIncomeExpensesNet": -53100000,
    "incomeBeforeTax": 227400000,
    "incomeBeforeTaxRatio": 0.1049231763,
    "incomeTaxExpense": 78500000,
    "netIncome": 143600000,
    "netIncomeRatio": 0.0662575555,
    "eps": 0.13,
    "epsdiluted": 0.12,
    "weightedAverageShsOut": 1148800000,
    "weightedAverageShsOutDil": 1248695652,
    "link": "https://www.sec.gov/Archives/edgar/data/21665/000095011296002836/0000950112-96-002836-index.html",
    "finalLink": "https://www.sec.gov/Archives/edgar/data/21665/"
  },
  {
    "date": "1996-03-31",
    "symbol": "CL",
    "reportedCurrency": "USD",
    "cik": "0000021665",
    "fillingDate": "1996-05-10",
    "acceptedDate": "1996-05-10 00:00:00",
    "calendarYear": "1996",
    "period": "Q1",
    "revenue": 2053700000,
    "costOfRevenue": 1050400000,
    "grossProfit": 1003300000,
    "grossProfitRatio": 0.4885328919,
    "researchAndDevelopmentExpenses": 0,
    "generalAndAdministrativeExpenses": 0,
    "sellingAndMarketingExpenses": 0,
    "sellingGeneralAndAdministrativeExpenses": 733800000,
    "otherExpenses": 0,
    "operatingExpenses": 733800000,
    "costAndExpenses": 1784200000,
    "interestIncome": 0,
    "interestExpense": 0,
    "depreciationAndAmortization": -9300000,
    "ebitda": 260200000,
    "ebitdaratio": 0.1266981546,
    "operatingIncome": 269500000,
    "operatingIncomeRatio": 0.1312265667,
    "totalOtherIncomeExpensesNet": -47100000,
    "incomeBeforeTax": 222400000,
    "incomeBeforeTaxRatio": 0.1082923504,
    "incomeTaxExpense": 78900000,
    "netIncome": 138100000,
    "netIncomeRatio": 0.0672444856,
    "eps": 0.12,
    "epsdiluted": 0.11,
    "weightedAverageShsOut": 1150833333,
    "weightedAverageShsOutDil": 1255454545,
    "link": "https://www.sec.gov/Archives/edgar/data/21665/000095011296001407/0000950112-96-001407-index.html",
    "finalLink": "https://www.sec.gov/Archives/edgar/data/21665/"
  },
  {
    "date": "1995-12-31",
    "symbol": "CL",
    "reportedCurrency": "USD",
    "cik": "0000021665",
    "fillingDate": "1996-03-25",
    "acceptedDate": "1996-03-25 00:00:00",
    "calendarYear": "1995",
    "period": "Q4",
    "revenue": 2152800000,
    "costOfRevenue": 822000000,
    "grossProfit": 1330800000,
    "grossProfitRatio": 0.6181716834,
    "researchAndDevelopmentExpenses": 0,
    "generalAndAdministrativeExpenses": 0,
    "sellingAndMarketingExpenses": 0,
    "sellingGeneralAndAdministrativeExpenses": 694100000,
    "otherExpenses": 0,
    "operatingExpenses": 994400000,
    "costAndExpenses": 1816400000,
    "interestIncome": 0,
    "interestExpense": 0,
    "depreciationAndAmortization": 91800000,
    "ebitda": 336400000,
    "ebitdaratio": 0.1562616128,
    "operatingIncome": 336400000,
    "operatingIncomeRatio": 0.1562616128,
    "totalOtherIncomeExpensesNet": -155600000,
    "incomeBeforeTax": 180800000,
    "incomeBeforeTaxRatio": 0.0839836492,
    "incomeTaxExpense": 58300000,
    "netIncome": 122500000,
    "netIncomeRatio": 0.0569026384,
    "eps": 0.1,
    "epsdiluted": 0.1,
    "weightedAverageShsOut": 1031292308,
    "weightedAverageShsOutDil": 1031292308,
    "link": "https://www.sec.gov/Archives/edgar/data/21665/000095011296000868/0000950112-96-000868-index.html",
    "finalLink": "https://www.sec.gov/Archives/edgar/data/21665/"
  },
  {
    "date": "1995-09-30",
    "symbol": "CL",
    "reportedCurrency": "USD",
    "cik": "0000021665",
    "fillingDate": "1995-11-03",
    "acceptedDate": "1995-11-03 00:00:00",
    "calendarYear": "1995",
    "period": "Q3",
    "revenue": 2134400000,
    "costOfRevenue": 1109700000,
    "grossProfit": 1024700000,
    "grossProfitRatio": 0.480088081,
    "researchAndDevelopmentExpenses": 0,
    "generalAndAdministrativeExpenses": 0,
    "sellingAndMarketingExpenses": 0,
    "sellingGeneralAndAdministrativeExpenses": 785800000,
    "otherExpenses": 0,
    "operatingExpenses": 785800000,
    "costAndExpenses": 1895500000,
    "interestIncome": 0,
    "interestExpense": 0,
    "depreciationAndAmortization": 452000000,
    "ebitda": 238900000,
    "ebitdaratio": 0.1119284108,
    "operatingIncome": 238900000,
    "operatingIncomeRatio": 0.1119284108,
    "totalOtherIncomeExpensesNet": -513800000,
    "incomeBeforeTax": -274900000,
    "incomeBeforeTaxRatio": -0.1287949775,
    "incomeTaxExpense": -24700000,
    "netIncome": -250200000,
    "netIncomeRatio": -0.1172226387,
    "eps": -0.22,
    "epsdiluted": -0.22,
    "weightedAverageShsOut": 1137272727,
    "weightedAverageShsOutDil": 1137272727,
    "link": "https://www.sec.gov/Archives/edgar/data/21665/000095014695000667/0000950146-95-000667-index.html",
    "finalLink": "https://www.sec.gov/Archives/edgar/data/21665/"
  }
]