[
  {
    "date": "2024-12-31",
    "symbol": "CL",
    "reportedCurrency": "USD",
    "cik": "0000021665",
    "fillingDate": "2025-02-13",
    "acceptedDate": "2025-02-13 16:04:47",
    "calendarYear": "2024",
    "period": "FY",
    "revenue": 20101000000,
    "costOfRevenue": 7995000000,
    "grossProfit": 12106000000,
    "grossProfitRatio": 0.6022585941,
    "researchAndDevelopmentExpenses": 355000000,
    "generalAndAdministrativeExpenses": 0,
    "sellingAndMarketingExpenses": 0,
    "sellingGeneralAndAdministrativeExpenses": 7368000000,
    "otherExpenses": 0,
    "operatingExpenses": 7723000000,
    "costAndExpenses": 15718000000,
    "interestIncome": 67000000,
    "interestExpense": 292000000,
    "depreciationAndAmortization": 605000000,
    "ebitda": 4853000000,
    "ebitdaratio": 0.2414307746,
    "operatingIncome": 4383000000,
    "operatingIncomeRatio": 0.2180488533,
    "totalOtherIncomeExpensesNet": -427000000,
    "incomeBeforeTax": 3956000000,
    "incomeBeforeTaxRatio": 0.196806129,
    "incomeTaxExpense": 907000000,
    "netIncome": 2889000000,
    "netIncomeRatio": 0.1437241928,
    "eps": 3.53,
    "epsdiluted": 3.51,
    "weightedAverageShsOut": 817700000,
    "weightedAverageShsOutDil": 822500000,
    "link": "https://www.sec.gov/Archives/edgar/data/21665/000002166525000008/0000021665-25-000008-index.htm",
    "finalLink": "https://www.sec.gov/Archives/edgar/data/21665/000002166525000008/cl-20241231.htm"
  },
  {
    "date": "2023-12-31",
    "symbol": "CL",
    "reportedCurrency": "USD",
    "cik": "0000021665",
    "fillingDate": "2024-02-15",
    "acceptedDate": "2024-02-15 16:03:27",
    "calendarYear": "2023",
    "period": "FY",
    "revenue": 19457000000,
    "costOfRevenue": 8206000000,
    "grossProfit": 11251000000,
    "grossProfitRatio": 0.5782494732,
    "researchAndDevelopmentExpenses": 343000000,
    "generalAndAdministrativeExpenses": 0,
    "sellingAndMarketingExpenses": 0,
    "sellingGeneralAndAdministrativeExpenses": 6777000000,
    "otherExpenses": 0,
    "operatingExpenses": 7120000000,
    "costAndExpenses": 15326000000,
    "interestIncome": 55000000,
    "interestExpense": 287000000,
    "depreciationAndAmortization": 567000000,
    "ebitda": 4246000000,
    "ebitdaratio": 0.2182248034,
    "operatingIncome": 4131000000,
    "operatingIncomeRatio": 0.2123143342,
    "totalOtherIncomeExpensesNet": -739000000,
    "incomeBeforeTax": 3392000000,
    "incomeBeforeTaxRatio": 0.1743331449,
    "incomeTaxExpense": 937000000,
    "netIncome": 2300000000,
    "netIncomeRatio": 0.1182093848,
    "eps": 2.78,
    "epsdiluted": 2.77,
    "weightedAverageShsOut": 827400000,
    "weightedAverageShsOutDil": 829200000,
    "link": "https://www.sec.gov/Archives/edgar/data/21665/000002166524000003/0000021665-24-000003-index.htm",
    "finalLink": "https://www.sec.gov/Archives/edgar/data/21665/000002166524000003/cl-20231231.htm"
  },
  {
    "date": "2022-12-31",
    "symbol": "CL",
    "reportedCurrency": "USD",
    "cik": "0000021665",
    "fillingDate": "2023-02-16",
    "acceptedDate": "2023-02-16 16:17:09",
    "calendarYear": "2022",
    "period": "FY",
    "revenue": 17967000000,
    "costOfRevenue": 7817000000,
    "grossProfit": 10150000000,
    "grossProfitRatio": 0.564924584,
    "researchAndDevelopmentExpenses": 320000000,
    "generalAndAdministrativeExpenses": 0,
    "sellingAndMarketingExpenses": 0,
    "sellingGeneralAndAdministrativeExpenses": 6245000000,
    "otherExpenses": 0,
    "operatingExpenses": 6565000000,
    "costAndExpenses": 14382000000,
    "interestIncome": 14000000,
    "interestExpense": 167000000,
    "depreciationAndAmortization": 545000000,
    "ebitda": 3372000000,
    "ebitdaratio": 0.1876774086,
    "operatingIncome": 3585000000,
    "operatingIncomeRatio": 0.1995324762,
    "totalOtherIncomeExpensesNet": -925000000,
    "incomeBeforeTax": 2660000000,
    "incomeBeforeTaxRatio": 0.1480492013,
    "incomeTaxExpense": 693000000,
    "netIncome": 1785000000,
    "netIncomeRatio": 0.0993488061,
    "eps": 2.13,
    "epsdiluted": 2.13,
    "weightedAverageShsOut": 836400000,
    "weightedAverageShsOutDil": 838800000,
    "link": "https://www.sec.gov/Archives/edgar/data/21665/000002166523000007/0000021665-23-000007-index.htm",
    "finalLink": "https://www.sec.gov/Archives/edgar/data/21665/000002166523000007/cl-20221231.htm"
  },
  {
    "date": "2021-12-31",
    "symbol": "CL",
    "reportedCurrency": "USD",
    "cik": "0000021665",
    "fillingDate": "2022-02-17",
    "acceptedDate": "2022-02-17 16:17:32",
    "calendarYear": "2021",
    "period": "FY",
    "revenue": 17421000000,
    "costOfRevenue": 7128000000,
    "grossProfit": 10293000000,
    "grossProfitRatio": 0.590838643,
    "researchAndDevelopmentExpenses": 307000000,
    "generalAndAdministrativeExpenses": 0,
    "sellingAndMarketingExpenses": 0,
    "sellingGeneralAndAdministrativeExpenses": 6100000000,
    "otherExpenses": 0,
    "operatingExpenses": 6407000000,
    "costAndExpenses": 13535000000,
    "interestIncome": 17000000,
    "interestExpense": 117000000,
    "depreciationAndAmortization": 556000000,
    "ebitda": 3760000000,
    "ebitdaratio": 0.2158314678,
    "operatingIncome": 3886000000,
    "operatingIncomeRatio": 0.223064118,
    "totalOtherIncomeExpensesNet": -799000000,
    "incomeBeforeTax": 3087000000,
    "incomeBeforeTaxRatio": 0.1771999311,
    "incomeTaxExpense": 749000000,
    "netIncome": 2166000000,
    "netIncomeRatio": 0.1243327019,
    "eps": 2.56,
    "epsdiluted": 2.55,
    "weightedAverageShsOut": 845000000,
    "weightedAverageShsOutDil": 848300000,
    "link": "https://www.sec.gov/Archives/edgar/data/21665/000002166522000003/0000021665-22-000003-index.htm",
    "finalLink": "https://www.sec.gov/Archives/edgar/data/21665/000002166522000003/cl-20211231.htm"
  },
  {
    "date": "2020-12-31",
    "symbol": "CL",
    "reportedCurrency": "USD",
    "cik": "0000021665",
    "fillingDate": "2021-02-18",
    "acceptedDate": "2021-02-18 16:10:54",
    "calendarYear": "2020",
    "period": "FY",
    "revenue": 16471000000,
    "costOfRevenue": 6538000000,
    "grossProfit": 9933000000,
    "grossProfitRatio": 0.6030599235,
    "researchAndDevelopmentExpenses": 290000000,
    "generalAndAdministrativeExpenses": 0,
    "sellingAndMarketingExpenses": 0,
    "sellingGeneralAndAdministrativeExpenses": 5732000000,
    "otherExpenses": 0,
    "operatingExpenses": 6022000000,
    "costAndExpenses": 12560000000,
    "interestIncome": 19000000,
    "interestExpense": 160000000,
    "depreciationAndAmortization": 539000000,
    "ebitda": 4346000000,
    "ebitdaratio": 0.2638576893,
    "operatingIncome": 3911000000,
    "operatingIncomeRatio": 0.2374476352,
    "totalOtherIncomeExpensesNet": -264000000,
    "incomeBeforeTax": 3647000000,
    "incomeBeforeTaxRatio": 0.2214194645,
    "incomeTaxExpense": 787000000,
    "netIncome": 2695000000,
    "netIncomeRatio": 0.1636209095,
    "eps": 3.15,
    "epsdiluted": 3.14,
    "weightedAverageShsOut": 856800000,
    "weightedAverageShsOutDil": 859300000,
    "link": "https://www.sec.gov/Archives/edgar/data/21665/000002166521000007/0000021665-21-000007-index.htm",
    "finalLink": "https://www.sec.gov/Archives/edgar/data/21665/000002166521000007/cl-20201231.htm"
  },
  {
    "date": "2019-12-31",
    "symbol": "CL",
    "reportedCurrency": "USD",
    "cik": "0000021665",
    "fillingDate": "2020-02-21",
    "acceptedDate": "2020-02-21 16:53:42",
    "calendarYear": "2019",
    "period": "FY",
    "revenue": 15693000000,
    "costOfRevenue": 6416000000,
    "grossProfit": 9277000000,
    "grossProfitRatio": 0.5911552922,
    "researchAndDevelopmentExpenses": 281000000,
    "generalAndAdministrativeExpenses": 0,
    "sellingAndMarketingExpenses": 0,
    "sellingGeneralAndAdministrativeExpenses": 5234000000,
    "otherExpenses": 0,
    "operatingExpenses": 5515000000,
    "costAndExpenses": 11931000000,
    "interestIncome": 47000000,
    "interestExpense": 192000000,
    "depreciationAndAmortization": 519000000,
    "ebitda": 4012000000,
    "ebitdaratio": 0.2556553878,
    "operatingIncome": 3762000000,
    "operatingIncomeRatio": 0.239724718,
    "totalOtherIncomeExpensesNet": -461000000,
    "incomeBeforeTax": 3301000000,
    "incomeBeforeTaxRatio": 0.2103485631,
    "incomeTaxExpense": 774000000,
    "netIncome": 2367000000,
    "netIncomeRatio": 0.150831581,
    "eps": 2.76,
    "epsdiluted": 2.75,
    "weightedAverageShsOut": 859100000,
    "weightedAverageShsOutDil": 861100000,
    "link": "https://www.sec.gov/Archives/edgar/data/21665/000002166520000004/0000021665-20-000004-index.htm",
    "finalLink": "https://www.sec.gov/Archives/edgar/data/21665/000002166520000004/cl-12312019x10k.htm"
  },
  {
    "date": "2018-12-31",
    "symbol": "CL",
    "reportedCurrency": "USD",
    "cik": "0000021665",
    "fillingDate": "2019-02-21",
    "acceptedDate": "2019-02-21 16:13:44",
    "calendarYear": "2018",
    "period": "FY",
    "revenue": 15544000000,
    "costOfRevenue": 6338000000,
    "grossProfit": 9206000000,
    "grossProfitRatio": 0.592254246,
    "researchAndDevelopmentExpenses": 277000000,
    "generalAndAdministrativeExpenses": 0,
    "sellingAndMarketingExpenses": 0,
    "sellingGeneralAndAdministrativeExpenses": 5079000000,
    "otherExpenses": 0,
    "operatingExpenses": 5356000000,
    "costAndExpenses": 11694000000,
    "interestIncome": 50000000,
    "interestExpense": 193000000,
    "depreciationAndAmortization": 511000000,
    "ebitda": 4168000000,
    "ebitdaratio": 0.2681420484,
    "operatingIncome": 3850000000,
    "operatingIncomeRatio": 0.2476839938,
    "totalOtherIncomeExpensesNet": -386000000,
    "incomeBeforeTax": 3464000000,
    "incomeBeforeTaxRatio": 0.2228512609,
    "incomeTaxExpense": 906000000,
    "netIncome": 2400000000,
    "netIncomeRatio": 0.1544004117,
    "eps": 2.76,
    "epsdiluted": 2.75,
    "weightedAverageShsOut": 870600000,
    "weightedAverageShsOutDil": 873000000,
    "link": "https://www.sec.gov/Archives/edgar/data/21665/000002166519000003/0000021665-19-000003-index.htm",
    "finalLink": "https://www.sec.gov/Archives/edgar/data/21665/000002166519000003/cl-12312018x10k.htm"
  },
  {
    "date": "2017-12-31",
    "symbol": "CL",
    "reportedCurrency": "USD",
    "cik": "0000021665",
    "fillingDate": "2018-02-15",
    "acceptedDate": "2018-02-15 14:33:07",
    "calendarYear": "2017",
    "period": "FY",
    "revenue": 15454000000,
    "costOfRevenue": 6131000000,
    "grossProfit": 9323000000,
    "grossProfitRatio": 0.6032742332,
    "researchAndDevelopmentExpenses": 285000000,
    "generalAndAdministrativeExpenses": 0,
    "sellingAndMarketingExpenses": 0,
    "sellingGeneralAndAdministrativeExpenses": 5029000000,
    "otherExpenses": 0,
    "operatingExpenses": 5314000000,
    "costAndExpenses": 11445000000,
    "interestIncome": 51000000,
    "interestExpense": 153000000,
    "depreciationAndAmortization": 475000000,
    "ebitda": 4115000000,
    "ebitdaratio": 0.2662741038,
    "operatingIncome": 4009000000,
    "operatingIncomeRatio": 0.2594150382,
    "totalOtherIncomeExpensesNet": -522000000,
    "incomeBeforeTax": 3487000000,
    "incomeBeforeTaxRatio": 0.2256373754,
    "incomeTaxExpense": 1313000000,
    "netIncome": 2024000000,
    "netIncomeRatio": 0.1309693283,
    "eps": 2.3,
    "epsdiluted": 2.28,
    "weightedAverageShsOut": 881800000,
    "weightedAverageShsOutDil": 887800000,
    "link": "https://www.sec.gov/Archives/edgar/data/21665/000002166518000003/0000021665-18-000003-index.htm",
    "finalLink": "https://www.sec.gov/Archives/edgar/data/21665/000002166518000003/cl-12312017x10k.htm"
  },
  {
    "date": "2016-12-31",
    "symbol": "CL",
    "reportedCurrency": "USD",
    "cik": "0000021665",
    "fillingDate": "2017-02-23",
    "acceptedDate": "2017-02-23 16:08:16",
    "calendarYear": "2016",
    "period": "FY",
    "revenue": 15195000000,
    "costOfRevenue": 6063000000,
    "grossProfit": 9132000000,
    "grossProfitRatio": 0.6009871668,
    "researchAndDevelopmentExpenses": 289000000,
    "generalAndAdministrativeExpenses": 0,
    "sellingAndMarketingExpenses": 0,
    "sellingGeneralAndAdministrativeExpenses": 4883000000,
    "otherExpenses": 0,
    "operatingExpenses": 5172000000,
    "costAndExpenses": 11235000000,
    "interestIncome": 50000000,
    "interestExpense": 149000000,
    "depreciationAndAmortization": 443000000,
    "ebitda": 4330000000,
    "ebitdaratio": 0.2849621586,
    "operatingIncome": 3960000000,
    "operatingIncomeRatio": 0.2606120434,
    "totalOtherIncomeExpensesNet": -222000000,
    "incomeBeforeTax": 3738000000,
    "incomeBeforeTaxRatio": 0.2460019743,
    "incomeTaxExpense": 1152000000,
    "netIncome": 2441000000,
    "netIncomeRatio": 0.160644949,
    "eps": 2.74,
    "epsdiluted": 2.72,
    "weightedAverageShsOut": 891800000,
    "weightedAverageShsOutDil": 898400000,
    "link": "https://www.sec.gov/Archives/edgar/data/21665/000002166517000002/0000021665-17-000002-index.htm",
    "finalLink": "https://www.sec.gov/Archives/edgar/data/21665/000002166517000002/cl-12312016x10k.htm"
  },
  {
    "date": "2015-12-31",
    "symbol": "CL",
    "reportedCurrency": "USD",
    "cik": "0000021665",
    "fillingDate": "2016-02-18",
    "acceptedDate": "2016-02-18 09:07:35",
    "calendarYear": "2015",
    "period": "FY",
    "revenue": 16034000000,
    "costOfRevenue": 6664000000,
    "grossProfit": 9370000000,
    "grossProfitRatio": 0.5843831857,
    "researchAndDevelopmentExpenses": 274000000,
    "generalAndAdministrativeExpenses": 0,
    "sellingAndMarketingExpenses": 0,
    "sellingGeneralAndAdministrativeExpenses": 5126000000,
    "otherExpenses": 0,
    "operatingExpenses": 5400000000,
    "costAndExpenses": 12064000000,
    "interestIncome": 107000000,
    "interestExpense": 133000000,
    "depreciationAndAmortization": 449000000,
    "ebitda": 3345000000,
    "ebitdaratio": 0.2086191842,
    "operatingIncome": 3970000000,
    "operatingIncomeRatio": 0.2475988524,
    "totalOtherIncomeExpensesNet": -1207000000,
    "incomeBeforeTax": 2763000000,
    "incomeBeforeTaxRatio": 0.1723213172,
    "incomeTaxExpense": 1215000000,
    "netIncome": 1384000000,
    "netIncomeRatio": 0.0863165773,
    "eps": 1.53,
    "epsdiluted": 1.52,
    "weightedAverageShsOut": 902200000,
    "weightedAverageShsOutDil": 909700000,
    "link": "https://www.sec.gov/Archives/edgar/data/21665/000162828016011343/0001628280-16-011343-index.htm",
    "finalLink": "https://www.sec.gov/Archives/edgar/data/21665/000162828016011343/cl-12312015x10k.htm"
  },
  {
    "date": "2014-12-31",
    "symbol": "CL",
    "reportedCurrency": "USD",
    "cik": "0000021665",
    "fillingDate": "2015-02-19",
    "acceptedDate": "2015-02-19 14:54:41",
    "calendarYear": "2014",
    "period": "FY",
    "revenue": 17277000000,
    "costOfRevenue": 7172000000,
    "grossProfit": 10105000000,
    "grossProfitRatio": 0.5848816345,
    "researchAndDevelopmentExpenses": 277000000,
    "generalAndAdministrativeExpenses": 0,
    "sellingAndMarketingExpenses": 0,
    "sellingGeneralAndAdministrativeExpenses": 5643000000,
    "otherExpenses": 0,
    "operatingExpenses": 5920000000,
    "costAndExpenses": 13092000000,
    "interestIncome": 106000000,
    "interestExpense": 130000000,
    "depreciationAndAmortization": 442000000,
    "ebitda": 4105000000,
    "ebitdaratio": 0.2375991202,
    "operatingIncome": 4185000000,
    "operatingIncomeRatio": 0.2422295537,
    "totalOtherIncomeExpensesNet": -652000000,
    "incomeBeforeTax": 3533000000,
    "incomeBeforeTaxRatio": 0.2044915205,
    "incomeTaxExpense": 1194000000,
    "netIncome": 2180000000,
    "netIncomeRatio": 0.1261793135,
    "eps": 2.38,
    "epsdiluted": 2.36,
    "weightedAverageShsOut": 915100000,
    "weightedAverageShsOutDil": 924300000,
    "link": "https://www.sec.gov/Archives/edgar/data/21665/000162828015000846/0001628280-15-000846-index.htm",
    "finalLink": "https://www.sec.gov/Archives/edgar/data/21665/000162828015000846/cl-12312014x10k.htm"
  },
  {
    "date": "2013-12-31",
    "symbol": "CL",
    "reportedCurrency": "USD",
    "cik": "0000021665",
    "fillingDate": "2014-02-20",
    "acceptedDate": "2014-02-20 16:21:46",
    "calendarYear": "2013",
    "period": "FY",
    "revenue": 17420000000,
    "costOfRevenue": 7203000000,
    "grossProfit": 10217000000,
    "grossProfitRatio": 0.5865097589,
    "researchAndDevelopmentExpenses": 267000000,
    "generalAndAdministrativeExpenses": 0,
    "sellingAndMarketingExpenses": 0,
    "sellingGeneralAndAdministrativeExpenses": 5819000000,
    "otherExpenses": 0,
    "operatingExpenses": 6086000000,
    "costAndExpenses": 13289000000,
    "interestIncome": 125000000,
    "interestExpense": 116000000,
    "depreciationAndAmortization": 439000000,
    "ebitda": 4120000000,
    "ebitdaratio": 0.2365097589,
    "operatingIncome": 4131000000,
    "operatingIncomeRatio": 0.237141217,
    "totalOtherIncomeExpensesNet": -566000000,
    "incomeBeforeTax": 3565000000,
    "incomeBeforeTaxRatio": 0.2046498278,
    "incomeTaxExpense": 1155000000,
    "netIncome": 2241000000,
    "netIncomeRatio": 0.1286452354,
    "eps": 2.41,
    "epsdiluted": 2.38,
    "weightedAverageShsOut": 930800000,
    "weightedAverageShsOutDil": 939900000,
    "link": "https://www.sec.gov/Archives/edgar/data/21665/000154554714000003/0001545547-14-000003-index.htm",
    "finalLink": "https://www.sec.gov/Archives/edgar/data/21665/000154554714000003/cl-12312013x10k.htm"
  },
  {
    "date": "2012-12-31",
    "symbol": "CL",
    "reportedCurrency": "USD",
    "cik": "0000021665",
    "fillingDate": "2013-02-21",
    "acceptedDate": "2013-02-21 15:51:04",
    "calendarYear": "2012",
    "period": "FY",
    "revenue": 17085000000,
    "costOfRevenue": 7169000000,
    "grossProfit": 9916000000,
    "grossProfitRatio": 0.5803921569,
    "researchAndDevelopmentExpenses": 259000000,
    "generalAndAdministrativeExpenses": 0,
    "sellingAndMarketingExpenses": 0,
    "sellingGeneralAndAdministrativeExpenses": 5651000000,
    "otherExpenses": 0,
    "operatingExpenses": 5910000000,
    "costAndExpenses": 13079000000,
    "interestIncome": 65000000,
    "interestExpense": 80000000,
    "depreciationAndAmortization": 425000000,
    "ebitda": 4379000000,
    "ebitdaratio": 0.2563067018,
    "operatingIncome": 4006000000,
    "operatingIncomeRatio": 0.2344746854,
    "totalOtherIncomeExpensesNet": -132000000,
    "incomeBeforeTax": 3874000000,
    "incomeBeforeTaxRatio": 0.2267486099,
    "incomeTaxExpense": 1243000000,
    "netIncome": 2472000000,
    "netIncomeRatio": 0.1446883231,
    "eps": 2.6,
    "epsdiluted": 2.58,
    "weightedAverageShsOut": 952200000,
    "weightedAverageShsOutDil": 960200000,
    "link": "https://www.sec.gov/Archives/edgar/data/21665/000144530513000275/0001445305-13-000275-index.htm",
    "finalLink": "https://www.sec.gov/Archives/edgar/data/21665/000144530513000275/cl-12312012x10k.htm"
  },
  {
    "date": "2011-12-31",
    "symbol": "CL",
    "reportedCurrency": "USD",
    "cik": "0000021665",
    "fillingDate": "2012-02-23",
    "acceptedDate": "2012-02-23 12:25:08",
    "calendarYear": "2011",
    "period": "FY",
    "revenue": 16734000000,
    "costOfRevenue": 7119000000,
    "grossProfit": 9615000000,
    "grossProfitRatio": 0.574578702,
    "researchAndDevelopmentExpenses": 262000000,
    "generalAndAdministrativeExpenses": 0,
    "sellingAndMarketingExpenses": 0,
    "sellingGeneralAndAdministrativeExpenses": 5486000000,
    "otherExpenses": 0,
    "operatingExpenses": 5748000000,
    "costAndExpenses": 12867000000,
    "interestIncome": 6000000,
    "interestExpense": 58000000,
    "depreciationAndAmortization": 421000000,
    "ebitda": 4268000000,
    "ebitdaratio": 0.2550495996,
    "operatingIncome": 3867000000,
    "operatingIncomeRatio": 0.2310864109,
    "totalOtherIncomeExpensesNet": -78000000,
    "incomeBeforeTax": 3789000000,
    "incomeBeforeTaxRatio": 0.226425242,
    "incomeTaxExpense": 1235000000,
    "netIncome": 2431000000,
    "netIncomeRatio": 0.1452730967,
    "eps": 2.49,
    "epsdiluted": 2.47,
    "weightedAverageShsOut": 976600000,
    "weightedAverageShsOutDil": 984000000,
    "link": "https://www.sec.gov/Archives/edgar/data/21665/000144530512000409/0001445305-12-000409-index.htm",
    "finalLink": "https://www.sec.gov/Archives/edgar/data/21665/000144530512000409/cl-12312011x10k.htm"
  },
  {
    "date": "2010-12-31",
    "symbol": "CL",
    "reportedCurrency": "USD",
    "cik": "0000021665",
    "fillingDate": "2011-02-24",
    "acceptedDate": "2011-02-24 15:10:51",
    "calendarYear": "2010",
    "period": "FY",
    "revenue": 15564000000,
    "costOfRevenue": 6386000000,
    "grossProfit": 9178000000,
    "grossProfitRatio": 0.589694166,
    "researchAndDevelopmentExpenses": 256000000,
    "generalAndAdministrativeExpenses": 0,
    "sellingAndMarketingExpenses": 0,
    "sellingGeneralAndAdministrativeExpenses": 5158000000,
    "otherExpenses": 0,
    "operatingExpenses": 5414000000,
    "costAndExpenses": 11800000000,
    "interestIncome": 6000000,
    "interestExpense": 65000000,
    "depreciationAndAmortization": 376000000,
    "ebitda": 3871000000,
    "ebitdaratio": 0.2487149833,
    "operatingIncome": 3764000000,
    "operatingIncomeRatio": 0.2418401439,
    "totalOtherIncomeExpensesNet": -334000000,
    "incomeBeforeTax": 3430000000,
    "incomeBeforeTaxRatio": 0.2203803649,
    "incomeTaxExpense": 1117000000,
    "netIncome": 2203000000,
    "netIncomeRatio": 0.1415445901,
    "eps": 2.23,
    "epsdiluted": 2.15,
    "weightedAverageShsOut": 975600000,
    "weightedAverageShsOutDil": 1021800000,
    "link": "https://www.sec.gov/Archives/edgar/data/21665/000114036111011883/0001140361-11-011883-index.htm",
    "finalLink": "https://www.sec.gov/Archives/edgar/data/21665/000114036111011883/form10k.htm"
  },
  {
    "date": "2009-12-31",
    "symbol": "CL",
    "reportedCurrency": "USD",
    "cik": "0000021665",
    "fillingDate": "2010-02-25",
    "acceptedDate": "2010-02-25 17:18:01",
    "calendarYear": "2009",
    "period": "FY",
    "revenue": 15327000000,
    "costOfRevenue": 6303000000,
    "grossProfit": 9024000000,
    "grossProfitRatio": 0.5887649246,
    "researchAndDevelopmentExpenses": 269000000,
    "generalAndAdministrativeExpenses": 0,
    "sellingAndMarketingExpenses": 0,
    "sellingGeneralAndAdministrativeExpenses": 5013000000,
    "otherExpenses": 0,
    "operatingExpenses": 5282000000,
    "costAndExpenses": 11585000000,
    "interestIncome": 11000000,
    "interestExpense": 88000000,
    "depreciationAndAmortization": 351000000,
    "ebitda": 3977000000,
    "ebitdaratio": 0.2594767404,
    "operatingIncome": 3742000000,
    "operatingIncomeRatio": 0.2441443205,
    "totalOtherIncomeExpensesNet": -204000000,
    "incomeBeforeTax": 3538000000,
    "incomeBeforeTaxRatio": 0.2308344751,
    "incomeTaxExpense": 1141000000,
    "netIncome": 2291000000,
    "netIncomeRatio": 0.1494747831,
    "eps": 2.27,
    "epsdiluted": 2.19,
    "weightedAverageShsOut": 999000000,
    "weightedAverageShsOutDil": 1049200000,
    "link": "https://www.sec.gov/Archives/edgar/data/21665/000114036110008522/0001140361-10-008522-index.htm",
    "finalLink": "https://www.sec.gov/Archives/edgar/data/21665/000114036110008522/form10k.htm"
  },
  {
    "date": "2008-12-31",
    "symbol": "CL",
    "reportedCurrency": "USD",
    "cik": "0000021665",
    "fillingDate": "2009-02-27",
    "acceptedDate": "2009-02-27 16:30:47",
    "calendarYear": "2008",
    "period": "FY",
    "revenue": 15329900000,
    "costOfRevenue": 6663500000,
    "grossProfit": 8666400000,
    "grossProfitRatio": 0.565326584,
    "researchAndDevelopmentExpenses": 253100000,
    "generalAndAdministrativeExpenses": 0,
    "sellingAndMarketingExpenses": 0,
    "sellingGeneralAndAdministrativeExpenses": 5088200000,
    "otherExpenses": 0,
    "operatingExpenses": 5341300000,
    "costAndExpenses": 12004800000,
    "interestIncome": 10000000,
    "interestExpense": 105600000,
    "depreciationAndAmortization": 347600000,
    "ebitda": 3458600000,
    "ebitdaratio": 0.2256113869,
    "operatingIncome": 3325100000,
    "operatingIncomeRatio": 0.2169029152,
    "totalOtherIncomeExpensesNet": -319700000,
    "incomeBeforeTax": 3005400000,
    "incomeBeforeTaxRatio": 0.1960482456,
    "incomeTaxExpense": 967900000,
    "netIncome": 1957200000,
    "netIncomeRatio": 0.1276720657,
    "eps": 1.91,
    "epsdiluted": 1.83,
    "weightedAverageShsOut": 1012600000,
    "weightedAverageShsOutDil": 1070000000,
    "link": "https://www.sec.gov/Archives/edgar/data/21665/000119312509041029/0001193125-09-041029-index.htm",
    "finalLink": "https://www.sec.gov/Archives/edgar/data/21665/000119312509041029/d10k.htm"
  },
  {
    "date": "2007-12-31",
    "symbol": "CL",
    "reportedCurrency": "USD",
    "cik": "0000021665",
    "fillingDate": "2008-02-28",
    "acceptedDate": "2008-02-28 14:37:24",
    "calendarYear": "2007",
    "period": "FY",
    "revenue": 13789700000,
    "costOfRevenue": 5922100000,
    "grossProfit": 7867600000,
    "grossProfitRatio": 0.5705417812,
    "researchAndDevelopmentExpenses": 247000000,
    "generalAndAdministrativeExpenses": 0,
    "sellingAndMarketingExpenses": 0,
    "sellingGeneralAndAdministrativeExpenses": 4676900000,
    "otherExpenses": -6200000,
    "operatingExpenses": 4930100000,
    "costAndExpenses": 10852200000,
    "interestIncome": 10000000,
    "interestExpense": 166600000,
    "depreciationAndAmortization": 333900000,
    "ebitda": 3064100000,
    "ebitdaratio": 0.2222020784,
    "operatingIncome": 2937500000,
    "operatingIncomeRatio": 0.213021313,
    "totalOtherIncomeExpensesNet": -373900000,
    "incomeBeforeTax": 2563600000,
    "incomeBeforeTaxRatio": 0.1859068725,
    "incomeTaxExpense": 759100000,
    "netIncome": 1737400000,
    "netIncomeRatio": 0.1259925887,
    "eps": 1.68,
    "epsdiluted": 1.6,
    "weightedAverageShsOut": 1020537313,
    "weightedAverageShsOutDil": 1068375000,
    "link": "https://www.sec.gov/Archives/edgar/data/21665/000119312508041526/0001193125-08-041526-index.htm",
    "finalLink": "https://www.sec.gov/Archives/edgar/data/21665/000119312508041526/d10k.htm"
  },
  {
    "date": "2006-12-31",
    "symbol": "CL",
    "reportedCurrency": "USD",
    "cik": "0000021665",
    "fillingDate": "2007-02-23",
    "acceptedDate": "2007-02-23 14:08:28",
    "calendarYear": "2006",
    "period": "FY",
    "revenue": 12237700000,
    "costOfRevenue": 5356200000,
    "grossProfit": 6881500000,
    "grossProfitRatio": 0.5623197169,
    "researchAndDevelopmentExpenses": 241500000,
    "generalAndAdministrativeExpenses": 0,
    "sellingAndMarketingExpenses": 0,
    "sellingGeneralAndAdministrativeExpenses": 4067600000,
    "otherExpenses": 0,
    "operatingExpenses": 4309100000,
    "costAndExpenses": 9665300000,
    "interestIncome": 7900000,
    "interestExpense": 166600000,
    "depreciationAndAmortization": 328700000,
    "ebitda": 2554600000,
    "ebitdaratio": 0.2087483759,
    "operatingIncome": 2572400000,
    "operatingIncomeRatio": 0.2102028976,
    "totalOtherIncomeExpensesNet": -513099999,
    "incomeBeforeTax": 2059300000,
    "incomeBeforeTaxRatio": 0.1682750844,
    "incomeTaxExpense": 648400000,
    "netIncome": 1353400000,
    "netIncomeRatio": 0.1105926767,
    "eps": 1.29,
    "epsdiluted": 1.23,
    "weightedAverageShsOut": 1030894942,
    "weightedAverageShsOutDil": 1076991870,
    "link": "https://www.sec.gov/Archives/edgar/data/21665/000119312507038190/0001193125-07-038190-index.htm",
    "finalLink": "https://www.sec.gov/Archives/edgar/data/21665/000119312507038190/d10k.htm"
  },
  {
    "date": "2005-12-31",
    "symbol": "CL",
    "reportedCurrency": "USD",
    "cik": "0000021665",
    "fillingDate": "2006-02-24",
    "acceptedDate": "2006-02-24 16:27:11",
    "calendarYear": "2005",
    "period": "FY",
    "revenue": 11396900000,
    "costOfRevenue": 5107300000,
    "grossProfit": 6289600000,
    "grossProfitRatio": 0.551869368,
    "researchAndDevelopmentExpenses": 246300000,
    "generalAndAdministrativeExpenses": 0,
    "sellingAndMarketingExpenses": 0,
    "sellingGeneralAndAdministrativeExpenses": 3672700000,
    "otherExpenses": 0,
    "operatingExpenses": 3919000000,
    "costAndExpenses": 9026300000,
    "interestIncome": 6500000,
    "interestExpense": 142500000,
    "depreciationAndAmortization": 329300000,
    "ebitda": 2606100000,
    "ebitdaratio": 0.2286674447,
    "operatingIncome": 2370600000,
    "operatingIncomeRatio": 0.2080039309,
    "totalOtherIncomeExpensesNet": -236299999,
    "incomeBeforeTax": 2134300000,
    "incomeBeforeTaxRatio": 0.1872702226,
    "incomeTaxExpense": 727600000,
    "netIncome": 1351400000,
    "netIncomeRatio": 0.118576104,
    "eps": 1.27,
    "epsdiluted": 1.22,
    "weightedAverageShsOut": 1041889764,
    "weightedAverageShsOutDil": 1089053498,
    "link": "https://www.sec.gov/Archives/edgar/data/21665/000119312506038891/0001193125-06-038891-index.htm",
    "finalLink": "https://www.sec.gov/Archives/edgar/data/21665/000119312506038891/d10k.htm"
  },
  {
    "date": "2004-12-31",
    "symbol": "CL",
    "reportedCurrency": "USD",
    "cik": "0000021665",
    "fillingDate": "2005-02-25",
    "acceptedDate": "2005-02-25 14:33:44",
    "calendarYear": "2004",
    "period": "FY",
    "revenue": 10584200000,
    "costOfRevenue": 4758100000,
    "grossProfit": 5826100000,
    "grossProfitRatio": 0.5504525614,
    "researchAndDevelopmentExpenses": 229200000,
    "generalAndAdministrativeExpenses": 0,
    "sellingAndMarketingExpenses": 0,
    "sellingGeneralAndAdministrativeExpenses": 3395400000,
    "otherExpenses": 0,
    "operatingExpenses": 3624600000,
    "costAndExpenses": 8382700000,
    "interestIncome": 4000000,
    "interestExpense": 123700000,
    "depreciationAndAmortization": 327800000,
    "ebitda": 2501800000,
    "ebitdaratio": 0.2363711948,
    "operatingIncome": 2201500000,
    "operatingIncomeRatio": 0.2079987151,
    "totalOtherIncomeExpensesNet": -151199999,
    "incomeBeforeTax": 2050300000,
    "incomeBeforeTaxRatio": 0.1937132707,
    "incomeTaxExpense": 675300000,
    "netIncome": 1327100000,
    "netIncomeRatio": 0.1253850078,
    "eps": 1.23,
    "epsdiluted": 1.17,
    "weightedAverageShsOut": 1062204082,
    "weightedAverageShsOutDil": 1116909871,
    "link": "https://www.sec.gov/Archives/edgar/data/21665/000119312505037145/0001193125-05-037145-index.htm",
    "finalLink": "https://www.sec.gov/Archives/edgar/data/21665/000119312505037145/d10k.htm"
  },
  {
    "date": "2003-12-31",
    "symbol": "CL",
    "reportedCurrency": "USD",
    "cik": "0000021665",
    "fillingDate": "2004-03-12",
    "acceptedDate": "2004-03-12 15:27:47",
    "calendarYear": "2003",
    "period": "FY",
    "revenue": 9903400000,
    "costOfRevenue": 4456100000,
    "grossProfit": 5447300000,
    "grossProfitRatio": 0.5500434194,
    "researchAndDevelopmentExpenses": 0,
    "generalAndAdministrativeExpenses": 3296300000,
    "sellingAndMarketingExpenses": 0,
    "sellingGeneralAndAdministrativeExpenses": 3296300000,
    "otherExpenses": -74300000,
    "operatingExpenses": 3222000000,
    "costAndExpenses": 7678100000,
    "interestIncome": 0,
    "interestExpense": 0,
    "depreciationAndAmortization": 315500000,
    "ebitda": 2468600000,
    "ebitdaratio": 0.2492679282,
    "operatingIncome": 2166000000,
    "operatingIncomeRatio": 0.2187127653,
    "totalOtherIncomeExpensesNet": -124100000,
    "incomeBeforeTax": 2041900000,
    "incomeBeforeTaxRatio": 0.2061817154,
    "incomeTaxExpense": 620600000,
    "netIncome": 1421300000,
    "netIncomeRatio": 0.1435163681,
    "eps": 1.3,
    "epsdiluted": 1.23,
    "weightedAverageShsOut": 1073538462,
    "weightedAverageShsOutDil": 1134634146,
    "link": "https://www.sec.gov/Archives/edgar/data/21665/000119312504040431/0001193125-04-040431-index.htm",
    "finalLink": "https://www.sec.gov/Archives/edgar/data/21665/000119312504040431/d10k.htm"
  },
  {
    "date": "2002-12-31",
    "symbol": "CL",
    "reportedCurrency": "USD",
    "cik": "0000021665",
    "fillingDate": "2003-03-24",
    "acceptedDate": "2003-03-24 15:48:28",
    "calendarYear": "2002",
    "period": "FY",
    "revenue": 9294300000,
    "costOfRevenue": 4224200000,
    "grossProfit": 5070100000,
    "grossProfitRatio": 0.5455063856,
    "researchAndDevelopmentExpenses": 0,
    "generalAndAdministrativeExpenses": 3034000000,
    "sellingAndMarketingExpenses": 0,
    "sellingGeneralAndAdministrativeExpenses": 3034000000,
    "otherExpenses": 23000000,
    "operatingExpenses": 3057000000,
    "costAndExpenses": 7281200000,
    "interestIncome": 0,
    "interestExpense": 0,
    "depreciationAndAmortization": 296500000,
    "ebitda": 2309600000,
    "ebitdaratio": 0.2484963903,
    "operatingIncome": 2013100000,
    "operatingIncomeRatio": 0.2165951174,
    "totalOtherIncomeExpensesNet": -142800000,
    "incomeBeforeTax": 1870300000,
    "incomeBeforeTaxRatio": 0.2012308619,
    "incomeTaxExpense": 582000000,
    "netIncome": 1288300000,
    "netIncomeRatio": 0.1386118374,
    "eps": 1.17,
    "epsdiluted": 1.1,
    "weightedAverageShsOut": 1087038627,
    "weightedAverageShsOutDil": 1156529680,
    "link": "https://www.sec.gov/Archives/edgar/data/21665/000095013003002310/0000950130-03-002310-index.htm",
    "finalLink": "https://www.sec.gov/Archives/edgar/data/21665/000095013003002310/d10k.htm"
  },
  {
    "date": "2001-12-31",
    "symbol": "CL",
    "reportedCurrency": "USD",
    "cik": "0000021665",
    "fillingDate": "2002-03-20",
    "acceptedDate": "2002-03-20 00:00:00",
    "calendarYear": "2001",
    "period": "FY",
    "revenue": 9427800000,
    "costOfRevenue": 4236900000,
    "grossProfit": 5190900000,
    "grossProfitRatio": 0.5505950487,
    "researchAndDevelopmentExpenses": 0,
    "generalAndAdministrativeExpenses": 3261600000,
    "sellingAndMarketingExpenses": 0,
    "sellingGeneralAndAdministrativeExpenses": 3261600000,
    "otherExpenses": 68000000,
    "operatingExpenses": 3329600000,
    "costAndExpenses": 7566500000,
    "interestIncome": 0,
    "interestExpense": 2021000000,
    "depreciationAndAmortization": 336200000,
    "ebitda": 2171000000,
    "ebitdaratio": 0.2302764166,
    "operatingIncome": 1861300000,
    "operatingIncomeRatio": 0.1974267592,
    "totalOtherIncomeExpensesNet": -166100000,
    "incomeBeforeTax": 1668700000,
    "incomeBeforeTaxRatio": 0.176997815,
    "incomeTaxExpense": 522100000,
    "netIncome": 1146600000,
    "netIncomeRatio": 0.1216190416,
    "eps": 1.01,
    "epsdiluted": 0.95,
    "weightedAverageShsOut": 1113762376,
    "weightedAverageShsOutDil": 1190370370,
    "link": "https://www.sec.gov/Archives/edgar/data/21665/000095013002001698/0000950130-02-001698-index.htm",
    "finalLink": "https://www.sec.gov/Archives/edgar/data/21665/000095013002001698/d10k.txt"
  },
  {
    "date": "2000-12-31",
    "symbol": "CL",
    "reportedCurrency": "USD",
    "cik": "0000021665",
    "fillingDate": "2001-03-28",
    "acceptedDate": "2001-03-28 00:00:00",
    "calendarYear": "2000",
    "period": "FY",
    "revenue": 9357900000,
    "costOfRevenue": 4265500000,
    "grossProfit": 5092400000,
    "grossProfitRatio": 0.5441819212,
    "researchAndDevelopmentExpenses": 0,
    "generalAndAdministrativeExpenses": 3299600000,
    "sellingAndMarketingExpenses": 0,
    "sellingGeneralAndAdministrativeExpenses": 3299600000,
    "otherExpenses": 72100000,
    "operatingExpenses": 3371700000,
    "costAndExpenses": 7637200000,
    "interestIncome": 0,
    "interestExpense": 0,
    "depreciationAndAmortization": 337800000,
    "ebitda": 2078300000,
    "ebitdaratio": 0.2220904263,
    "operatingIncome": 1720700000,
    "operatingIncomeRatio": 0.1838767245,
    "totalOtherIncomeExpensesNet": -173300000,
    "incomeBeforeTax": 1567200000,
    "incomeBeforeTaxRatio": 0.1674734716,
    "incomeTaxExpense": 503400000,
    "netIncome": 1063800000,
    "netIncomeRatio": 0.1136793511,
    "eps": 0.91,
    "epsdiluted": 0.85,
    "weightedAverageShsOut": 1152596685,
    "weightedAverageShsOutDil": 1227176471,
    "link": "https://www.sec.gov/Archives/edgar/data/21665/000095013001500364/0000950130-01-500364-index.htm",
    "finalLink": "https://www.sec.gov/Archives/edgar/data/21665/000095013001500364/d10k405.txt"
  },
  {
    "date": "1999-12-31",
    "symbol": "CL",
    "reportedCurrency": "USD",
    "cik": "0000021665",
    "fillingDate": "2000-03-27",
    "acceptedDate": "2000-03-27 00:00:00",
    "calendarYear": "1999",
    "period": "FY",
    "revenue": 9118200000,
    "costOfRevenue": 3883800000,
    "grossProfit": 5234400000,
    "grossProfitRatio": 0.5740606699,
    "researchAndDevelopmentExpenses": 0,
    "generalAndAdministrativeExpenses": 3254400000,
    "sellingAndMarketingExpenses": 0,
    "sellingGeneralAndAdministrativeExpenses": 3254400000,
    "otherExpenses": 340200000,
    "operatingExpenses": 3594600000,
    "costAndExpenses": 7478400000,
    "interestIncome": 0,
    "interestExpense": 0,
    "depreciationAndAmortization": 340200000,
    "ebitda": 1980000000,
    "ebitdaratio": 0.2171481213,
    "operatingIncome": 1639800000,
    "operatingIncomeRatio": 0.1798381259,
    "totalOtherIncomeExpensesNet": -245200000,
    "incomeBeforeTax": 1394600000,
    "incomeBeforeTaxRatio": 0.1529468535,
    "incomeTaxExpense": 457300000,
    "netIncome": 937300000,
    "netIncomeRatio": 0.1027944112,
    "eps": 0.79,
    "epsdiluted": 0.74,
    "weightedAverageShsOut": 1167261146,
    "weightedAverageShsOutDil": 1246666667,
    "link": "https://www.sec.gov/Archives/edgar/data/21665/000095013000001590/0000950130-00-001590-index.html",
    "finalLink": "https://www.sec.gov/Archives/edgar/data/21665/000095013000001590/"
  },
  {
    "date": "1998-12-31",
    "symbol": "CL",
    "reportedCurrency": "USD",
    "cik": "0000021665",
    "fillingDate": "1999-03-30",
    "acceptedDate": "1999-03-30 00:00:00",
    "calendarYear": "1998",
    "period": "FY",
    "revenue": 8971600000,
    "costOfRevenue": 3960000000,
    "grossProfit": 5011600000,
    "grossProfitRatio": 0.5586071604,
    "researchAndDevelopmentExpenses": 0,
    "generalAndAdministrativeExpenses": 3197100000,
    "sellingAndMarketingExpenses": 0,
    "sellingGeneralAndAdministrativeExpenses": 3197100000,
    "otherExpenses": 330300000,
    "operatingExpenses": 3527400000,
    "costAndExpenses": 7487400000,
    "interestIncome": 0,
    "interestExpense": 0,
    "depreciationAndAmortization": 330300000,
    "ebitda": 1814500000,
    "ebitdaratio": 0.2022493201,
    "operatingIncome": 1484200000,
    "operatingIncomeRatio": 0.1654331446,
    "totalOtherIncomeExpensesNet": -234100000,
    "incomeBeforeTax": 1250100000,
    "incomeBeforeTaxRatio": 0.1393396941,
    "incomeTaxExpense": 401500000,
    "netIncome": 848600000,
    "netIncomeRatio": 0.0945873646,
    "eps": 0.7,
    "epsdiluted": 0.65,
    "weightedAverageShsOut": 1182428571,
    "weightedAverageShsOutDil": 1273384615,
    "link": "https://www.sec.gov/Archives/edgar/data/21665/000095013099001795/0000950130-99-001795-index.html",
    "finalLink": "https://www.sec.gov/Archives/edgar/data/21665/"
  },
  {
    "date": "1997-12-31",
    "symbol": "CL",
    "reportedCurrency": "USD",
    "cik": "0000021665",
    "fillingDate": "1998-03-24",
    "acceptedDate": "1998-03-24 00:00:00",
    "calendarYear": "1997",
    "period": "FY",
    "revenue": 9056700000,
    "costOfRevenue": 4141600000,
    "grossProfit": 4915100000,
    "grossProfitRatio": 0.5427031921,
    "researchAndDevelopmentExpenses": 0,
    "generalAndAdministrativeExpenses": 3237000000,
    "sellingAndMarketingExpenses": 0,
    "sellingGeneralAndAdministrativeExpenses": 3237000000,
    "otherExpenses": 319900000,
    "operatingExpenses": 3556900000,
    "costAndExpenses": 7698500000,
    "interestIncome": 0,
    "interestExpense": 0,
    "depreciationAndAmortization": 319900000,
    "ebitda": 1678100000,
    "ebitdaratio": 0.1852882396,
    "operatingIncome": 1358200000,
    "operatingIncomeRatio": 0.1499663233,
    "totalOtherIncomeExpensesNet": -255900000,
    "incomeBeforeTax": 1102300000,
    "incomeBeforeTaxRatio": 0.1217109985,
    "incomeTaxExpense": 361900000,
    "netIncome": 740400000,
    "netIncomeRatio": 0.0817516314,
    "eps": 0.61,
    "epsdiluted": 0.56,
    "weightedAverageShsOut": 1179180328,
    "weightedAverageShsOutDil": 1273097345,
    "link": "https://www.sec.gov/Archives/edgar/data/21665/000094018098000317/0000940180-98-000317-index.html",
    "finalLink": "https://www.sec.gov/Archives/edgar/data/21665/"
  },
  {
    "date": "1996-12-31",
    "symbol": "CL",
    "reportedCurrency": "USD",
    "cik": "0000021665",
    "fillingDate": "1997-03-18",
    "acceptedDate": "1997-03-18 00:00:00",
    "calendarYear": "1996",
    "period": "FY",
    "revenue": 8749000000,
    "costOfRevenue": 4134800000,
    "grossProfit": 4614200000,
    "grossProfitRatio": 0.5273974168,
    "researchAndDevelopmentExpenses": 0,
    "generalAndAdministrativeExpenses": 3052100000,
    "sellingAndMarketingExpenses": 0,
    "sellingGeneralAndAdministrativeExpenses": 3052100000,
    "otherExpenses": 316300000,
    "operatingExpenses": 3368400000,
    "costAndExpenses": 7503200000,
    "interestIncome": 0,
    "interestExpense": 0,
    "depreciationAndAmortization": 316300000,
    "ebitda": 1562100000,
    "ebitdaratio": 0.1785461196,
    "operatingIncome": 1245800000,
    "operatingIncomeRatio": 0.1423934164,
    "totalOtherIncomeExpensesNet": -291200000,
    "incomeBeforeTax": 954600000,
    "incomeBeforeTaxRatio": 0.1091096125,
    "incomeTaxExpense": 319600000,
    "netIncome": 635000000,
    "netIncomeRatio": 0.0725797234,
    "eps": 0.53,
    "epsdiluted": 0.49,
    "weightedAverageShsOut": 1168761905,
    "weightedAverageShsOutDil": 1252244898,
    "link": "https://www.sec.gov/Archives/edgar/data/21665/000094018097000241/0000940180-97-000241-index.html",
    "finalLink": "https://www.sec.gov/Archives/edgar/data/21665/"
  },
  {
    "date": "1995-12-31",
    "symbol": "CL",
    "reportedCurrency": "USD",
    "cik": "0000021665",
    "fillingDate": "1996-03-25",
    "acceptedDate": "1996-03-25 00:00:00",
    "calendarYear": "1995",
    "period": "FY",
    "revenue": 8358200000,
    "costOfRevenue": 4052800000,
    "grossProfit": 4305400000,
    "grossProfitRatio": 0.515110909,
    "researchAndDevelopmentExpenses": 0,
    "generalAndAdministrativeExpenses": 2879600000,
    "sellingAndMarketingExpenses": 0,
    "sellingGeneralAndAdministrativeExpenses": 2879600000,
    "otherExpenses": 300300000,
    "operatingExpenses": 3179900000,
    "costAndExpenses": 7232700000,
    "interestIncome": 0,
    "interestExpense": 0,
    "depreciationAndAmortization": 300300000,
    "ebitda": 1425800000,
    "ebitdaratio": 0.1705869685,
    "operatingIncome": 1125500000,
    "operatingIncomeRatio": 0.13465818,
    "totalOtherIncomeExpensesNet": -762000000,
    "incomeBeforeTax": 363500000,
    "incomeBeforeTaxRatio": 0.0434902252,
    "incomeTaxExpense": 191500000,
    "netIncome": 172000000,
    "netIncomeRatio": 0.0205785935,
    "eps": 0.13,
    "epsdiluted": 0.13,
    "weightedAverageShsOut": 1156923077,
    "weightedAverageShsOutDil": 1156923077,
    "link": "https://www.sec.gov/Archives/edgar/data/21665/000095011296000868/0000950112-96-000868-index.html",
    "finalLink": "https://www.sec.gov/Archives/edgar/data/21665/"
  },
  {
    "date": "1994-12-31",
    "symbol": "CL",
    "reportedCurrency": "USD",
    "cik": "0000021665",
    "fillingDate": "1995-03-23",
    "acceptedDate": "1995-03-23 00:00:00",
    "calendarYear": "1994",
    "period": "FY",
    "revenue": 7587900000,
    "costOfRevenue": 3678200000,
    "grossProfit": 3909700000,
    "grossProfitRatio": 0.51525455,
    "researchAndDevelopmentExpenses": 0,
    "generalAndAdministrativeExpenses": 2625200000,
    "sellingAndMarketingExpenses": 0,
    "sellingGeneralAndAdministrativeExpenses": 2625200000,
    "otherExpenses": 235100000,
    "operatingExpenses": 2860300000,
    "costAndExpenses": 6538500000,
    "interestIncome": 0,
    "interestExpense": 0,
    "depreciationAndAmortization": 235100000,
    "ebitda": 1284500000,
    "ebitdaratio": 0.1692826737,
    "operatingIncome": 1049400000,
    "operatingIncomeRatio": 0.1382991341,
    "totalOtherIncomeExpensesNet": -169500000,
    "incomeBeforeTax": 879900000,
    "incomeBeforeTaxRatio": 0.1159609378,
    "incomeTaxExpense": 299700000,
    "netIncome": 580200000,
    "netIncomeRatio": 0.0764638438,
    "eps": 0.48,
    "epsdiluted": 0.45,
    "weightedAverageShsOut": 1169842932,
    "weightedAverageShsOutDil": 1255280899,
    "link": "https://www.sec.gov/Archives/edgar/data/21665/000095014695000129/0000950146-95-000129-index.html",
    "finalLink": "https://www.sec.gov/Archives/edgar/data/21665/"
  },
  {
    "date": "1993-12-31",
    "symbol": "CL",
    "reportedCurrency": "USD",
    "cik": "0000021665",
    "fillingDate": "1994-03-25",
    "acceptedDate": "1994-03-25 00:00:00",
    "calendarYear": "1993",
    "period": "FY",
    "revenue": 7141300000,
    "costOfRevenue": 3520300000,
    "grossProfit": 3621000000,
    "grossProfitRatio": 0.507050537,
    "researchAndDevelopmentExpenses": 0,
    "generalAndAdministrativeExpenses": 2457100000,
    "sellingAndMarketingExpenses": 0,
    "sellingGeneralAndAdministrativeExpenses": 2457100000,
    "otherExpenses": 209600000,
    "operatingExpenses": 2666700000,
    "costAndExpenses": 6187000000,
    "interestIncome": 0,
    "interestExpense": 0,
    "depreciationAndAmortization": 209600000,
    "ebitda": 1163900000,
    "ebitdaratio": 0.16298153,
    "operatingIncome": 954300000,
    "operatingIncomeRatio": 0.1336311316,
    "totalOtherIncomeExpensesNet": -118100000,
    "incomeBeforeTax": 836200000,
    "incomeBeforeTaxRatio": 0.1170935264,
    "incomeTaxExpense": 288100000,
    "netIncome": 189900000,
    "netIncomeRatio": 0.026591797,
    "eps": 0.14,
    "epsdiluted": 0.13,
    "weightedAverageShsOut": 1246666667,
    "weightedAverageShsOutDil": 1294615385,
    "link": "https://www.sec.gov/Archives/edgar/data/21665/000002166594000001/0000021665-94-000001-index.html",
    "finalLink": "https://www.sec.gov/Archives/edgar/data/21665/"
  },
  {
    "date": "1992-12-31",
    "symbol": "CL",
    "reportedCurrency": "USD",
    "cik": "0000021665",
    "fillingDate": "1992-12-31",
    "acceptedDate": "1992-12-30 19:00:00",
    "calendarYear": "1992",
    "period": "FY",
    "revenue": 7007200000,
    "costOfRevenue": 3515900000,
    "grossProfit": 3491300000,
    "grossProfitRatio": 0.4982446626,
    "researchAndDevelopmentExpenses": 0,
    "generalAndAdministrativeExpenses": 2500200000,
    "sellingAndMarketingExpenses": 0,
    "sellingGeneralAndAdministrativeExpenses": 2500200000,
    "otherExpenses": 192500000,
    "operatingExpenses": 2692700000,
    "costAndExpenses": 6208600000,
    "interestIncome": 0,
    "interestExpense": 0,
    "depreciationAndAmortization": 192500000,
    "ebitda": 991100000,
    "ebitdaratio": 0.1414402329,
    "operatingIncome": 798600000,
    "operatingIncomeRatio": 0.1139684896,
    "totalOtherIncomeExpensesNet": -70700000,
    "incomeBeforeTax": 727900000,
    "incomeBeforeTaxRatio": 0.1038788675,
    "incomeTaxExpense": 250900000,
    "netIncome": 477000000,
    "netIncomeRatio": 0.0680728394,
    "eps": 0.37,
    "epsdiluted": 0.35,
    "weightedAverageShsOut": 1250136986,
    "weightedAverageShsOutDil": 1322608696,
    "link": "",
    "finalLink": ""
  },
  {
    "date": "1991-12-31",
    "symbol": "CL",
    "reportedCurrency": "USD",
    "cik": "0000021665",
    "fillingDate": "1991-12-31",
    "acceptedDate": "1991-12-30 19:00:00",
    "calendarYear": "1991",
    "period": "FY",
    "revenue": 6060300000,
    "costOfRevenue": 3150100000,
    "grossProfit": 2910200000,
    "grossProfitRatio": 0.4802072505,
    "researchAndDevelopmentExpenses": 0,
    "generalAndAdministrativeExpenses": 2482400000,
    "sellingAndMarketingExpenses": 0,
    "sellingGeneralAndAdministrativeExpenses": 2482400000,
    "otherExpenses": 146200000,
    "operatingExpenses": 2628600000,
    "costAndExpenses": 5778700000,
    "interestIncome": 0,
    "interestExpense": 0,
    "depreciationAndAmortization": 146200000,
    "ebitda": 427800000,
    "ebitdaratio": 0.0705905648,
    "operatingIncome": 281600000,
    "operatingIncomeRatio": 0.0464663466,
    "totalOtherIncomeExpensesNet": -63700000,
    "incomeBeforeTax": 217900000,
    "incomeBeforeTaxRatio": 0.0359553157,
    "incomeTaxExpense": 93000000,
    "netIncome": 124900000,
    "netIncomeRatio": 0.0206095408,
    "eps": 0.095,
    "epsdiluted": 0.095,
    "weightedAverageShsOut": 1095789474,
    "weightedAverageShsOutDil": 1095789474,
    "link": "",
    "finalLink": ""
  },
  {
    "date": "1990-12-31",
    "symbol": "CL",
    "reportedCurrency": "USD",
    "cik": "0000021665",
    "fillingDate": "1990-12-31",
    "acceptedDate": "1990-12-30 19:00:00",
    "calendarYear": "1990",
    "period": "FY",
    "revenue": 5691300000,
    "costOfRevenue": 2994800000,
    "grossProfit": 2696500000,
    "grossProfitRatio": 0.4737933337,
    "researchAndDevelopmentExpenses": 0,
    "generalAndAdministrativeExpenses": 2015600000,
    "sellingAndMarketingExpenses": 0,
    "sellingGeneralAndAdministrativeExpenses": 2015600000,
    "otherExpenses": 126200000,
    "operatingExpenses": 2141800000,
    "costAndExpenses": 5136600000,
    "interestIncome": 0,
    "interestExpense": 0,
    "depreciationAndAmortization": 126200000,
    "ebitda": 680900000,
    "ebitdaratio": 0.1196387469,
    "operatingIncome": 554700000,
    "operatingIncomeRatio": 0.0974645512,
    "totalOtherIncomeExpensesNet": -43300000,
    "incomeBeforeTax": 511400000,
    "incomeBeforeTaxRatio": 0.0898564476,
    "incomeTaxExpense": 190400000,
    "netIncome": 321000000,
    "netIncomeRatio": 0.0564018765,
    "eps": 0.28,
    "epsdiluted": 0.27,
    "weightedAverageShsOut": 1057543860,
    "weightedAverageShsOutDil": 1137358491,
    "link": "",
    "finalLink": ""
  },
  {
    "date": "1989-12-31",
    "symbol": "CL",
    "reportedCurrency": "USD",
    "cik": "0000021665",
    "fillingDate": "1989-12-31",
    "acceptedDate": "1989-12-30 19:00:00",
    "calendarYear": "1989",
    "period": "FY",
    "revenue": 5038800000,
    "costOfRevenue": 2746100000,
    "grossProfit": 2292700000,
    "grossProfitRatio": 0.4550091292,
    "researchAndDevelopmentExpenses": 0,
    "generalAndAdministrativeExpenses": 1760300000,
    "sellingAndMarketingExpenses": 0,
    "sellingGeneralAndAdministrativeExpenses": 1760300000,
    "otherExpenses": 97000000,
    "operatingExpenses": 1857300000,
    "costAndExpenses": 4603400000,
    "interestIncome": 0,
    "interestExpense": 0,
    "depreciationAndAmortization": 97000000,
    "ebitda": 532400000,
    "ebitdaratio": 0.1056600778,
    "operatingIncome": 435400000,
    "operatingIncomeRatio": 0.0864094626,
    "totalOtherIncomeExpensesNet": 11500000,
    "incomeBeforeTax": 446900000,
    "incomeBeforeTaxRatio": 0.088691752,
    "incomeTaxExpense": 166900000,
    "netIncome": 280000000,
    "netIncomeRatio": 0.0555687862,
    "eps": 0.25,
    "epsdiluted": 0.24,
    "weightedAverageShsOut": 1077600000,
    "weightedAverageShsOutDil": 1122500000,
    "link": "",
    "finalLink": ""
  },
  {
    "date": "1988-12-31",
    "symbol": "CL",
    "reportedCurrency": "USD",
    "cik": "0000021665",
    "fillingDate": "1988-12-31",
    "acceptedDate": "1988-12-30 19:00:00",
    "calendarYear": "1988",
    "period": "FY",
    "revenue": 4734300000,
    "costOfRevenue": 2643200000,
    "grossProfit": 2091100000,
    "grossProfitRatio": 0.4416914855,
    "researchAndDevelopmentExpenses": 0,
    "generalAndAdministrativeExpenses": 1645600000,
    "sellingAndMarketingExpenses": 0,
    "sellingGeneralAndAdministrativeExpenses": 1645600000,
    "otherExpenses": 82000000,
    "operatingExpenses": 1727600000,
    "costAndExpenses": 4370800000,
    "interestIncome": 0,
    "interestExpense": 0,
    "depreciationAndAmortization": 82000000,
    "ebitda": 445500000,
    "ebitdaratio": 0.0941005006,
    "operatingIncome": 363500000,
    "operatingIncomeRatio": 0.0767800942,
    "totalOtherIncomeExpensesNet": -113200000,
    "incomeBeforeTax": 250300000,
    "incomeBeforeTaxRatio": 0.0528694844,
    "incomeTaxExpense": 97600000,
    "netIncome": 192800000,
    "netIncomeRatio": 0.0407240775,
    "eps": 0.18,
    "epsdiluted": 0.18,
    "weightedAverageShsOut": 1068333333,
    "weightedAverageShsOutDil": 1068333333,
    "link": "",
    "finalLink": ""
  },
  {
    "date": "1987-12-31",
    "symbol": "CL",
    "reportedCurrency": "USD",
    "cik": "0000021665",
    "fillingDate": "1987-12-31",
    "acceptedDate": "1987-12-30 19:00:00",
    "calendarYear": "1987",
    "period": "FY",
    "revenue": 5647500000,
    "costOfRevenue": 3068000000,
    "grossProfit": 2579500000,
    "grossProfitRatio": 0.4567507747,
    "researchAndDevelopmentExpenses": 0,
    "generalAndAdministrativeExpenses": 2094200000,
    "sellingAndMarketingExpenses": 0,
    "sellingGeneralAndAdministrativeExpenses": 2094200000,
    "otherExpenses": 101300000,
    "operatingExpenses": 2195500000,
    "costAndExpenses": 5263500000,
    "interestIncome": 0,
    "interestExpense": 0,
    "depreciationAndAmortization": 101300000,
    "ebitda": 485300000,
    "ebitdaratio": 0.0859318282,
    "operatingIncome": 384000000,
    "operatingIncomeRatio": 0.0679946879,
    "totalOtherIncomeExpensesNet": -261200000,
    "incomeBeforeTax": 122800000,
    "incomeBeforeTaxRatio": 0.0217441346,
    "incomeTaxExpense": 68800000,
    "netIncome": 54000000,
    "netIncomeRatio": 0.009561753,
    "eps": 0.05,
    "epsdiluted": 0.05,
    "weightedAverageShsOut": 1070000000,
    "weightedAverageShsOutDil": 1070000000,
    "link": "",
    "finalLink": ""
  },
  {
    "date": "1986-12-31",
    "symbol": "CL",
    "reportedCurrency": "USD",
    "cik": "0000021665",
    "fillingDate": "1986-12-31",
    "acceptedDate": "1986-12-30 19:00:00",
    "calendarYear": "1986",
    "period": "FY",
    "revenue": 4984600000,
    "costOfRevenue": 2803000000,
    "grossProfit": 2181600000,
    "grossProfitRatio": 0.4376680175,
    "researchAndDevelopmentExpenses": 0,
    "generalAndAdministrativeExpenses": 1760000000,
    "sellingAndMarketingExpenses": 0,
    "sellingGeneralAndAdministrativeExpenses": 1760000000,
    "otherExpenses": 89300000,
    "operatingExpenses": 1849300000,
    "costAndExpenses": 4652300000,
    "interestIncome": 0,
    "interestExpense": 0,
    "depreciationAndAmortization": 89300000,
    "ebitda": 421600000,
    "ebitdaratio": 0.084580508,
    "operatingIncome": 332300000,
    "operatingIncomeRatio": 0.0666653292,
    "totalOtherIncomeExpensesNet": -35300000,
    "incomeBeforeTax": 297000000,
    "incomeBeforeTaxRatio": 0.0595835172,
    "incomeTaxExpense": 119500000,
    "netIncome": 177500000,
    "netIncomeRatio": 0.0356096778,
    "eps": 0.16,
    "epsdiluted": 0.16,
    "weightedAverageShsOut": 1106250000,
    "weightedAverageShsOutDil": 1106250000,
    "link": "",
    "finalLink": ""
  },
  {
    "date": "1985-12-31",
    "symbol": "CL",
    "reportedCurrency": "USD",
    "cik": "0000021665",
    "fillingDate": "1985-12-31",
    "acceptedDate": "1985-12-30 19:00:00",
    "calendarYear": "1985",
    "period": "FY",
    "revenue": 4523700000,
    "costOfRevenue": 2608500000,
    "grossProfit": 1915200000,
    "grossProfitRatio": 0.42337025,
    "researchAndDevelopmentExpenses": 0,
    "generalAndAdministrativeExpenses": 1566200000,
    "sellingAndMarketingExpenses": 0,
    "sellingGeneralAndAdministrativeExpenses": 1566200000,
    "otherExpenses": 72200000,
    "operatingExpenses": 1638400000,
    "costAndExpenses": 4246900000,
    "interestIncome": 0,
    "interestExpense": 0,
    "depreciationAndAmortization": 72200000,
    "ebitda": 349000000,
    "ebitdaratio": 0.0771492362,
    "operatingIncome": 276800000,
    "operatingIncomeRatio": 0.0611888498,
    "totalOtherIncomeExpensesNet": -1300000,
    "incomeBeforeTax": 275500000,
    "incomeBeforeTaxRatio": 0.0609014745,
    "incomeTaxExpense": 107700000,
    "netIncome": 171900000,
    "netIncomeRatio": 0.0379998674,
    "eps": 0.14,
    "epsdiluted": 0.14,
    "weightedAverageShsOut": 929712000,
    "weightedAverageShsOutDil": 929712000,
    "link": "",
    "finalLink": ""
  }
]