[
  {
    "date": "2025-06-30",
    "symbol": "CLX",
    "reportedCurrency": "USD",
    "cik": "0000021076",
    "fillingDate": "2025-08-08",
    "acceptedDate": "2025-08-08 16:15:21",
    "calendarYear": "2025",
    "period": "Q4",
    "revenue": 1988000000,
    "costOfRevenue": 1064000000,
    "grossProfit": 924000000,
    "grossProfitRatio": 0.4647887324,
    "researchAndDevelopmentExpenses": 32000000,
    "generalAndAdministrativeExpenses": 296000000,
    "sellingAndMarketingExpenses": 171000000,
    "sellingGeneralAndAdministrativeExpenses": 296000000,
    "otherExpenses": 0,
    "operatingExpenses": 328000000,
    "costAndExpenses": 1392000000,
    "interestIncome": 0,
    "interestExpense": 22000000,
    "depreciationAndAmortization": 57000000,
    "ebitda": 432000000,
    "ebitdaratio": 0.2173038229,
    "operatingIncome": 596000000,
    "operatingIncomeRatio": 0.2997987928,
    "totalOtherIncomeExpensesNet": -186000000,
    "incomeBeforeTax": 410000000,
    "incomeBeforeTaxRatio": 0.2062374245,
    "incomeTaxExpense": 74000000,
    "netIncome": 332000000,
    "netIncomeRatio": 0.1670020121,
    "eps": 2.7,
    "epsdiluted": 2.68,
    "weightedAverageShsOut": 123173000,
    "weightedAverageShsOutDil": 123744000,
    "link": "https://www.sec.gov/Archives/edgar/data/21076/000002107625000039/0000021076-25-000039-index.htm",
    "finalLink": "https://www.sec.gov/Archives/edgar/data/21076/000002107625000039/clx-20250630.htm"
  },
  {
    "date": "2025-03-31",
    "symbol": "CLX",
    "reportedCurrency": "USD",
    "cik": "0000021076",
    "fillingDate": "2025-05-05",
    "acceptedDate": "2025-05-05 16:45:05",
    "calendarYear": "2025",
    "period": "Q3",
    "revenue": 1668000000,
    "costOfRevenue": 924000000,
    "grossProfit": 744000000,
    "grossProfitRatio": 0.4460431655,
    "researchAndDevelopmentExpenses": 27000000,
    "generalAndAdministrativeExpenses": 267000000,
    "sellingAndMarketingExpenses": 207000000,
    "sellingGeneralAndAdministrativeExpenses": 474000000,
    "otherExpenses": 5000000,
    "operatingExpenses": 506000000,
    "costAndExpenses": 1430000000,
    "interestIncome": 2000000,
    "interestExpense": 23000000,
    "depreciationAndAmortization": 173000000,
    "ebitda": 450000000,
    "ebitdaratio": 0.2697841727,
    "operatingIncome": 238000000,
    "operatingIncomeRatio": 0.1426858513,
    "totalOtherIncomeExpensesNet": 16000000,
    "incomeBeforeTax": 254000000,
    "incomeBeforeTaxRatio": 0.1522781775,
    "incomeTaxExpense": 63000000,
    "netIncome": 186000000,
    "netIncomeRatio": 0.1115107914,
    "eps": 1.51,
    "epsdiluted": 1.5,
    "weightedAverageShsOut": 123367000,
    "weightedAverageShsOutDil": 124066000,
    "link": "https://www.sec.gov/Archives/edgar/data/21076/000002107625000023/0000021076-25-000023-index.htm",
    "finalLink": "https://www.sec.gov/Archives/edgar/data/21076/000002107625000023/clx-20250331.htm"
  },
  {
    "date": "2024-12-31",
    "symbol": "CLX",
    "reportedCurrency": "USD",
    "cik": "0000021076",
    "fillingDate": "2025-02-03",
    "acceptedDate": "2025-02-03 16:45:16",
    "calendarYear": "2025",
    "period": "Q2",
    "revenue": 1686000000,
    "costOfRevenue": 948000000,
    "grossProfit": 738000000,
    "grossProfitRatio": 0.4377224199,
    "researchAndDevelopmentExpenses": 31000000,
    "generalAndAdministrativeExpenses": 280000000,
    "sellingAndMarketingExpenses": 191000000,
    "sellingGeneralAndAdministrativeExpenses": 471000000,
    "otherExpenses": -604000000,
    "operatingExpenses": -102000000,
    "costAndExpenses": 1455000000,
    "interestIncome": 2000000,
    "interestExpense": 22000000,
    "depreciationAndAmortization": 53000000,
    "ebitda": 315000000,
    "ebitdaratio": 0.1868327402,
    "operatingIncome": 840000000,
    "operatingIncomeRatio": 0.4982206406,
    "totalOtherIncomeExpensesNet": -603000000,
    "incomeBeforeTax": 237000000,
    "incomeBeforeTaxRatio": 0.140569395,
    "incomeTaxExpense": 43000000,
    "netIncome": 193000000,
    "netIncomeRatio": 0.1144721234,
    "eps": 1.56,
    "epsdiluted": 1.54,
    "weightedAverageShsOut": 123766000,
    "weightedAverageShsOutDil": 124662000,
    "link": "https://www.sec.gov/Archives/edgar/data/21076/000002107625000013/0000021076-25-000013-index.htm",
    "finalLink": "https://www.sec.gov/Archives/edgar/data/21076/000002107625000013/clx-20241231.htm"
  },
  {
    "date": "2024-09-30",
    "symbol": "CLX",
    "reportedCurrency": "USD",
    "cik": "0000021076",
    "fillingDate": "2024-10-30",
    "acceptedDate": "2024-10-30 16:44:35",
    "calendarYear": "2025",
    "period": "Q1",
    "revenue": 1762000000,
    "costOfRevenue": 955000000,
    "grossProfit": 807000000,
    "grossProfitRatio": 0.4580022701,
    "researchAndDevelopmentExpenses": 31000000,
    "generalAndAdministrativeExpenses": 281000000,
    "sellingAndMarketingExpenses": 201000000,
    "sellingGeneralAndAdministrativeExpenses": 482000000,
    "otherExpenses": 0,
    "operatingExpenses": 513000000,
    "costAndExpenses": 1467000000,
    "interestIncome": 0,
    "interestExpense": 21000000,
    "depreciationAndAmortization": 54000000,
    "ebitda": 255000000,
    "ebitdaratio": 0.1447219069,
    "operatingIncome": 294000000,
    "operatingIncomeRatio": 0.1668558456,
    "totalOtherIncomeExpensesNet": -117000000,
    "incomeBeforeTax": 177000000,
    "incomeBeforeTaxRatio": 0.1004540295,
    "incomeTaxExpense": 74000000,
    "netIncome": 99000000,
    "netIncomeRatio": 0.0561861521,
    "eps": 0.8,
    "epsdiluted": 0.79,
    "weightedAverageShsOut": 123795000,
    "weightedAverageShsOutDil": 124677000,
    "link": "https://www.sec.gov/Archives/edgar/data/21076/000002107624000040/0000021076-24-000040-index.htm",
    "finalLink": "https://www.sec.gov/Archives/edgar/data/21076/000002107624000040/clx-20240930.htm"
  },
  {
    "date": "2024-06-30",
    "symbol": "CLX",
    "reportedCurrency": "USD",
    "cik": "0000021076",
    "fillingDate": "2024-08-08",
    "acceptedDate": "2024-08-08 16:22:20",
    "calendarYear": "2024",
    "period": "Q4",
    "revenue": 1903000000,
    "costOfRevenue": 1024000000,
    "grossProfit": 879000000,
    "grossProfitRatio": 0.4619022596,
    "researchAndDevelopmentExpenses": 33000000,
    "generalAndAdministrativeExpenses": 268000000,
    "sellingAndMarketingExpenses": 266000000,
    "sellingGeneralAndAdministrativeExpenses": 534000000,
    "otherExpenses": -15000000,
    "operatingExpenses": 559000000,
    "costAndExpenses": 1583000000,
    "interestIncome": 23000000,
    "interestExpense": 21000000,
    "depreciationAndAmortization": 59000000,
    "ebitda": 358000000,
    "ebitdaratio": 0.1881240147,
    "operatingIncome": 320000000,
    "operatingIncomeRatio": 0.1681555439,
    "totalOtherIncomeExpensesNet": -45000000,
    "incomeBeforeTax": 275000000,
    "incomeBeforeTaxRatio": 0.1445086705,
    "incomeTaxExpense": 54000000,
    "netIncome": 216000000,
    "netIncomeRatio": 0.1135049921,
    "eps": 1.74,
    "epsdiluted": 1.73,
    "weightedAverageShsOut": 124300000,
    "weightedAverageShsOutDil": 125052000,
    "link": "https://www.sec.gov/Archives/edgar/data/21076/000002107624000030/0000021076-24-000030-index.htm",
    "finalLink": "https://www.sec.gov/Archives/edgar/data/21076/000002107624000030/clx-20240630.htm"
  },
  {
    "date": "2024-03-31",
    "symbol": "CLX",
    "reportedCurrency": "USD",
    "cik": "0000021076",
    "fillingDate": "2024-04-30",
    "acceptedDate": "2024-04-30 16:45:01",
    "calendarYear": "2024",
    "period": "Q3",
    "revenue": 1814000000,
    "costOfRevenue": 1048000000,
    "grossProfit": 766000000,
    "grossProfitRatio": 0.4222712238,
    "researchAndDevelopmentExpenses": 32000000,
    "generalAndAdministrativeExpenses": 301000000,
    "sellingAndMarketingExpenses": 215000000,
    "sellingGeneralAndAdministrativeExpenses": 516000000,
    "otherExpenses": 2000000,
    "operatingExpenses": 548000000,
    "costAndExpenses": 1596000000,
    "interestIncome": 4000000,
    "interestExpense": 22000000,
    "depreciationAndAmortization": 58000000,
    "ebitda": 42000000,
    "ebitdaratio": 0.0231532525,
    "operatingIncome": 234000000,
    "operatingIncomeRatio": 0.1289966924,
    "totalOtherIncomeExpensesNet": -276000000,
    "incomeBeforeTax": -42000000,
    "incomeBeforeTaxRatio": -0.0231532525,
    "incomeTaxExpense": 8000000,
    "netIncome": -51000000,
    "netIncomeRatio": -0.0281146637,
    "eps": -0.41,
    "epsdiluted": -0.41,
    "weightedAverageShsOut": 124249000,
    "weightedAverageShsOutDil": 124249000,
    "link": "https://www.sec.gov/Archives/edgar/data/21076/000002107624000016/0000021076-24-000016-index.htm",
    "finalLink": "https://www.sec.gov/Archives/edgar/data/21076/000002107624000016/clx-20240331.htm"
  },
  {
    "date": "2023-12-31",
    "symbol": "CLX",
    "reportedCurrency": "USD",
    "cik": "0000021076",
    "fillingDate": "2024-02-01",
    "acceptedDate": "2024-02-01 16:45:25",
    "calendarYear": "2024",
    "period": "Q2",
    "revenue": 1990000000,
    "costOfRevenue": 1124000000,
    "grossProfit": 866000000,
    "grossProfitRatio": 0.4351758794,
    "researchAndDevelopmentExpenses": 32000000,
    "generalAndAdministrativeExpenses": 322000000,
    "sellingAndMarketingExpenses": 186000000,
    "sellingGeneralAndAdministrativeExpenses": 508000000,
    "otherExpenses": 0,
    "operatingExpenses": 540000000,
    "costAndExpenses": 1664000000,
    "interestIncome": 7000000,
    "interestExpense": 26000000,
    "depreciationAndAmortization": 57000000,
    "ebitda": 222000000,
    "ebitdaratio": 0.1115577889,
    "operatingIncome": 512000000,
    "operatingIncomeRatio": 0.2572864322,
    "totalOtherIncomeExpensesNet": -376000000,
    "incomeBeforeTax": 136000000,
    "incomeBeforeTaxRatio": 0.0683417085,
    "incomeTaxExpense": 40000000,
    "netIncome": 93000000,
    "netIncomeRatio": 0.0467336683,
    "eps": 0.75,
    "epsdiluted": 0.75,
    "weightedAverageShsOut": 124176000,
    "weightedAverageShsOutDil": 124620000,
    "link": "https://www.sec.gov/Archives/edgar/data/21076/000002107624000010/0000021076-24-000010-index.htm",
    "finalLink": "https://www.sec.gov/Archives/edgar/data/21076/000002107624000010/clx-20231231.htm"
  },
  {
    "date": "2023-09-30",
    "symbol": "CLX",
    "reportedCurrency": "USD",
    "cik": "0000021076",
    "fillingDate": "2023-11-01",
    "acceptedDate": "2023-11-01 16:45:34",
    "calendarYear": "2024",
    "period": "Q1",
    "revenue": 1386000000,
    "costOfRevenue": 854000000,
    "grossProfit": 532000000,
    "grossProfitRatio": 0.3838383838,
    "researchAndDevelopmentExpenses": 29000000,
    "generalAndAdministrativeExpenses": 276000000,
    "sellingAndMarketingExpenses": 165000000,
    "sellingGeneralAndAdministrativeExpenses": 441000000,
    "otherExpenses": 0,
    "operatingExpenses": 470000000,
    "costAndExpenses": 1324000000,
    "interestIncome": 0,
    "interestExpense": 21000000,
    "depreciationAndAmortization": 61000000,
    "ebitda": 114000000,
    "ebitdaratio": 0.0822510823,
    "operatingIncome": 227000000,
    "operatingIncomeRatio": 0.1637806638,
    "totalOtherIncomeExpensesNet": -45000000,
    "incomeBeforeTax": 29000000,
    "incomeBeforeTaxRatio": 0.0209235209,
    "incomeTaxExpense": 4000000,
    "netIncome": 22000000,
    "netIncomeRatio": 0.0158730159,
    "eps": 0.18,
    "epsdiluted": 0.18,
    "weightedAverageShsOut": 123973000,
    "weightedAverageShsOutDil": 124650000,
    "link": "https://www.sec.gov/Archives/edgar/data/21076/000002107623000048/0000021076-23-000048-index.htm",
    "finalLink": "https://www.sec.gov/Archives/edgar/data/21076/000002107623000048/clx-20230930.htm"
  },
  {
    "date": "2023-06-30",
    "symbol": "CLX",
    "reportedCurrency": "USD",
    "cik": "0000021076",
    "fillingDate": "2023-08-10",
    "acceptedDate": "2023-08-10 16:15:06",
    "calendarYear": "2023",
    "period": "Q4",
    "revenue": 2019000000,
    "costOfRevenue": 1157000000,
    "grossProfit": 862000000,
    "grossProfitRatio": 0.4269440317,
    "researchAndDevelopmentExpenses": 38000000,
    "generalAndAdministrativeExpenses": 329000000,
    "sellingAndMarketingExpenses": 211000000,
    "sellingGeneralAndAdministrativeExpenses": 540000000,
    "otherExpenses": 0,
    "operatingExpenses": 578000000,
    "costAndExpenses": 1735000000,
    "interestIncome": 5000000,
    "interestExpense": 21000000,
    "depreciationAndAmortization": 62000000,
    "ebitda": 323000000,
    "ebitdaratio": 0.1599801882,
    "operatingIncome": 301000000,
    "operatingIncomeRatio": 0.1490837048,
    "totalOtherIncomeExpensesNet": -16000000,
    "incomeBeforeTax": 237000000,
    "incomeBeforeTaxRatio": 0.117384844,
    "incomeTaxExpense": 56000000,
    "netIncome": 176000000,
    "netIncomeRatio": 0.0871718673,
    "eps": 1.42,
    "epsdiluted": 1.42,
    "weightedAverageShsOut": 123823000,
    "weightedAverageShsOutDil": 124641000,
    "link": "https://www.sec.gov/Archives/edgar/data/21076/000002107623000037/0000021076-23-000037-index.htm",
    "finalLink": "https://www.sec.gov/Archives/edgar/data/21076/000002107623000037/clx-20230630.htm"
  },
  {
    "date": "2023-03-31",
    "symbol": "CLX",
    "reportedCurrency": "USD",
    "cik": "0000021076",
    "fillingDate": "2023-05-02",
    "acceptedDate": "2023-05-02 16:45:06",
    "calendarYear": "2023",
    "period": "Q3",
    "revenue": 1915000000,
    "costOfRevenue": 1115000000,
    "grossProfit": 800000000,
    "grossProfitRatio": 0.4177545692,
    "researchAndDevelopmentExpenses": 35000000,
    "generalAndAdministrativeExpenses": 311000000,
    "sellingAndMarketingExpenses": 206000000,
    "sellingGeneralAndAdministrativeExpenses": 517000000,
    "otherExpenses": 0,
    "operatingExpenses": 552000000,
    "costAndExpenses": 1667000000,
    "interestIncome": 2000000,
    "interestExpense": 24000000,
    "depreciationAndAmortization": 60000000,
    "ebitda": -157000000,
    "ebitdaratio": -0.0819843342,
    "operatingIncome": 454000000,
    "operatingIncomeRatio": 0.237075718,
    "totalOtherIncomeExpensesNet": -493000000,
    "incomeBeforeTax": -245000000,
    "incomeBeforeTaxRatio": -0.1279373368,
    "incomeTaxExpense": -36000000,
    "netIncome": -209000000,
    "netIncomeRatio": -0.1091383812,
    "eps": -1.69,
    "epsdiluted": -1.69,
    "weightedAverageShsOut": 123649000,
    "weightedAverageShsOutDil": 123649000,
    "link": "https://www.sec.gov/Archives/edgar/data/21076/000002107623000015/0000021076-23-000015-index.htm",
    "finalLink": "https://www.sec.gov/Archives/edgar/data/21076/000002107623000015/clx-20230331.htm"
  },
  {
    "date": "2022-12-31",
    "symbol": "CLX",
    "reportedCurrency": "USD",
    "cik": "0000021076",
    "fillingDate": "2023-02-02",
    "acceptedDate": "2023-02-02 16:45:12",
    "calendarYear": "2023",
    "period": "Q2",
    "revenue": 1715000000,
    "costOfRevenue": 1095000000,
    "grossProfit": 620000000,
    "grossProfitRatio": 0.361516035,
    "researchAndDevelopmentExpenses": 33000000,
    "generalAndAdministrativeExpenses": 282000000,
    "sellingAndMarketingExpenses": 156000000,
    "sellingGeneralAndAdministrativeExpenses": 438000000,
    "otherExpenses": 4000000,
    "operatingExpenses": 471000000,
    "costAndExpenses": 1566000000,
    "interestIncome": 23000000,
    "interestExpense": 23000000,
    "depreciationAndAmortization": 58000000,
    "ebitda": 212000000,
    "ebitdaratio": 0.1236151603,
    "operatingIncome": 95000000,
    "operatingIncomeRatio": 0.055393586,
    "totalOtherIncomeExpensesNet": -24000000,
    "incomeBeforeTax": 130000000,
    "incomeBeforeTaxRatio": 0.0758017493,
    "incomeTaxExpense": 28000000,
    "netIncome": 99000000,
    "netIncomeRatio": 0.0577259475,
    "eps": 0.8,
    "epsdiluted": 0.8,
    "weightedAverageShsOut": 123546000,
    "weightedAverageShsOutDil": 123988000,
    "link": "https://www.sec.gov/Archives/edgar/data/21076/000002107623000007/0000021076-23-000007-index.htm",
    "finalLink": "https://www.sec.gov/Archives/edgar/data/21076/000002107623000007/clx-20221231.htm"
  },
  {
    "date": "2022-09-30",
    "symbol": "CLX",
    "reportedCurrency": "USD",
    "cik": "0000021076",
    "fillingDate": "2022-11-01",
    "acceptedDate": "2022-11-01 16:45:08",
    "calendarYear": "2023",
    "period": "Q1",
    "revenue": 1740000000,
    "costOfRevenue": 1114000000,
    "grossProfit": 626000000,
    "grossProfitRatio": 0.3597701149,
    "researchAndDevelopmentExpenses": 32000000,
    "generalAndAdministrativeExpenses": 261000000,
    "sellingAndMarketingExpenses": 161000000,
    "sellingGeneralAndAdministrativeExpenses": 422000000,
    "otherExpenses": 0,
    "operatingExpenses": 454000000,
    "costAndExpenses": 1568000000,
    "interestIncome": 0,
    "interestExpense": 22000000,
    "depreciationAndAmortization": 56000000,
    "ebitda": 213000000,
    "ebitdaratio": 0.1224137931,
    "operatingIncome": 138000000,
    "operatingIncomeRatio": 0.0793103448,
    "totalOtherIncomeExpensesNet": -56000000,
    "incomeBeforeTax": 116000000,
    "incomeBeforeTaxRatio": 0.0666666667,
    "incomeTaxExpense": 29000000,
    "netIncome": 85000000,
    "netIncomeRatio": 0.0488505747,
    "eps": 0.69,
    "epsdiluted": 0.69,
    "weightedAverageShsOut": 123339000,
    "weightedAverageShsOutDil": 123914000,
    "link": "https://www.sec.gov/Archives/edgar/data/21076/000002107622000035/0000021076-22-000035-index.htm",
    "finalLink": "https://www.sec.gov/Archives/edgar/data/21076/000002107622000035/clx-20220930.htm"
  },
  {
    "date": "2022-06-30",
    "symbol": "CLX",
    "reportedCurrency": "USD",
    "cik": "0000021076",
    "fillingDate": "2022-08-10",
    "acceptedDate": "2022-08-10 16:15:55",
    "calendarYear": "2022",
    "period": "Q4",
    "revenue": 1801000000,
    "costOfRevenue": 1133000000,
    "grossProfit": 668000000,
    "grossProfitRatio": 0.3709050527,
    "researchAndDevelopmentExpenses": 34000000,
    "generalAndAdministrativeExpenses": 244000000,
    "sellingAndMarketingExpenses": 207000000,
    "sellingGeneralAndAdministrativeExpenses": 451000000,
    "otherExpenses": 0,
    "operatingExpenses": 485000000,
    "costAndExpenses": 1618000000,
    "interestIncome": 5000000,
    "interestExpense": 37000000,
    "depreciationAndAmortization": 57000000,
    "ebitda": 217000000,
    "ebitdaratio": 0.1204886174,
    "operatingIncome": 109000000,
    "operatingIncomeRatio": 0.0605219323,
    "totalOtherIncomeExpensesNet": -23000000,
    "incomeBeforeTax": 129000000,
    "incomeBeforeTaxRatio": 0.071626874,
    "incomeTaxExpense": 25000000,
    "netIncome": 101000000,
    "netIncomeRatio": 0.0560799556,
    "eps": 0.82,
    "epsdiluted": 0.82,
    "weightedAverageShsOut": 123230000,
    "weightedAverageShsOutDil": 123795000,
    "link": "https://www.sec.gov/Archives/edgar/data/21076/000002107622000026/0000021076-22-000026-index.htm",
    "finalLink": "https://www.sec.gov/Archives/edgar/data/21076/000002107622000026/clx-20220630.htm"
  },
  {
    "date": "2022-03-31",
    "symbol": "CLX",
    "reportedCurrency": "USD",
    "cik": "0000021076",
    "fillingDate": "2022-05-02",
    "acceptedDate": "2022-05-02 16:46:33",
    "calendarYear": "2022",
    "period": "Q3",
    "revenue": 1809000000,
    "costOfRevenue": 1160000000,
    "grossProfit": 649000000,
    "grossProfitRatio": 0.3587617468,
    "researchAndDevelopmentExpenses": 31000000,
    "generalAndAdministrativeExpenses": 233000000,
    "sellingAndMarketingExpenses": 153000000,
    "sellingGeneralAndAdministrativeExpenses": 386000000,
    "otherExpenses": 0,
    "operatingExpenses": 417000000,
    "costAndExpenses": 1577000000,
    "interestIncome": 0,
    "interestExpense": 21000000,
    "depreciationAndAmortization": 57000000,
    "ebitda": 278000000,
    "ebitdaratio": 0.1536760641,
    "operatingIncome": 221000000,
    "operatingIncomeRatio": 0.1221669431,
    "totalOtherIncomeExpensesNet": -21000000,
    "incomeBeforeTax": 200000000,
    "incomeBeforeTaxRatio": 0.1105583195,
    "incomeTaxExpense": 48000000,
    "netIncome": 150000000,
    "netIncomeRatio": 0.0829187396,
    "eps": 1.22,
    "epsdiluted": 1.21,
    "weightedAverageShsOut": 123177000,
    "weightedAverageShsOutDil": 123877000,
    "link": "https://www.sec.gov/Archives/edgar/data/21076/000002107622000017/0000021076-22-000017-index.htm",
    "finalLink": "https://www.sec.gov/Archives/edgar/data/21076/000002107622000017/clx-20220331.htm"
  },
  {
    "date": "2021-12-31",
    "symbol": "CLX",
    "reportedCurrency": "USD",
    "cik": "0000021076",
    "fillingDate": "2022-02-03",
    "acceptedDate": "2022-02-03 16:45:55",
    "calendarYear": "2022",
    "period": "Q2",
    "revenue": 1691000000,
    "costOfRevenue": 1133000000,
    "grossProfit": 558000000,
    "grossProfitRatio": 0.329982259,
    "researchAndDevelopmentExpenses": 34000000,
    "generalAndAdministrativeExpenses": 241000000,
    "sellingAndMarketingExpenses": 167000000,
    "sellingGeneralAndAdministrativeExpenses": 408000000,
    "otherExpenses": 0,
    "operatingExpenses": 442000000,
    "costAndExpenses": 1575000000,
    "interestIncome": 0,
    "interestExpense": 23000000,
    "depreciationAndAmortization": 55000000,
    "ebitda": 171000000,
    "ebitdaratio": 0.1011235955,
    "operatingIncome": 113000000,
    "operatingIncomeRatio": 0.0668243643,
    "totalOtherIncomeExpensesNet": -23000000,
    "incomeBeforeTax": 93000000,
    "incomeBeforeTaxRatio": 0.0549970432,
    "incomeTaxExpense": 21000000,
    "netIncome": 69000000,
    "netIncomeRatio": 0.0408042578,
    "eps": 0.56,
    "epsdiluted": 0.56,
    "weightedAverageShsOut": 123064000,
    "weightedAverageShsOutDil": 123910000,
    "link": "https://www.sec.gov/Archives/edgar/data/21076/000002107622000007/0000021076-22-000007-index.htm",
    "finalLink": "https://www.sec.gov/Archives/edgar/data/21076/000002107622000007/clx-20211231.htm"
  },
  {
    "date": "2021-09-30",
    "symbol": "CLX",
    "reportedCurrency": "USD",
    "cik": "0000021076",
    "fillingDate": "2021-11-01",
    "acceptedDate": "2021-11-01 17:14:24",
    "calendarYear": "2022",
    "period": "Q1",
    "revenue": 1806000000,
    "costOfRevenue": 1136000000,
    "grossProfit": 670000000,
    "grossProfitRatio": 0.3709856035,
    "researchAndDevelopmentExpenses": 33000000,
    "generalAndAdministrativeExpenses": 236000000,
    "sellingAndMarketingExpenses": 182000000,
    "sellingGeneralAndAdministrativeExpenses": 418000000,
    "otherExpenses": 0,
    "operatingExpenses": 451000000,
    "costAndExpenses": 1587000000,
    "interestIncome": 0,
    "interestExpense": 25000000,
    "depreciationAndAmortization": 55000000,
    "ebitda": 265000000,
    "ebitdaratio": 0.1467331118,
    "operatingIncome": 219000000,
    "operatingIncomeRatio": 0.1212624585,
    "totalOtherIncomeExpensesNet": -34000000,
    "incomeBeforeTax": 185000000,
    "incomeBeforeTaxRatio": 0.1024363234,
    "incomeTaxExpense": 42000000,
    "netIncome": 142000000,
    "netIncomeRatio": 0.0786267996,
    "eps": 1.15,
    "epsdiluted": 1.14,
    "weightedAverageShsOut": 122980000,
    "weightedAverageShsOutDil": 124042000,
    "link": "https://www.sec.gov/Archives/edgar/data/21076/000002107621000020/0000021076-21-000020-index.htm",
    "finalLink": "https://www.sec.gov/Archives/edgar/data/21076/000002107621000020/clx-20210930.htm"
  },
  {
    "date": "2021-06-30",
    "symbol": "CLX",
    "reportedCurrency": "USD",
    "cik": "0000021076",
    "fillingDate": "2021-08-10",
    "acceptedDate": "2021-08-10 16:16:15",
    "calendarYear": "2021",
    "period": "Q4",
    "revenue": 1802000000,
    "costOfRevenue": 1134000000,
    "grossProfit": 668000000,
    "grossProfitRatio": 0.3706992231,
    "researchAndDevelopmentExpenses": 45000000,
    "generalAndAdministrativeExpenses": 260000000,
    "sellingAndMarketingExpenses": 224000000,
    "sellingGeneralAndAdministrativeExpenses": 484000000,
    "otherExpenses": 0,
    "operatingExpenses": 529000000,
    "costAndExpenses": 1663000000,
    "interestIncome": 5000000,
    "interestExpense": 25000000,
    "depreciationAndAmortization": 53000000,
    "ebitda": 178000000,
    "ebitdaratio": 0.0987791343,
    "operatingIncome": 108000000,
    "operatingIncomeRatio": 0.0599334073,
    "totalOtherIncomeExpensesNet": -7000000,
    "incomeBeforeTax": 101000000,
    "incomeBeforeTaxRatio": 0.0560488346,
    "incomeTaxExpense": 1000000,
    "netIncome": 97000000,
    "netIncomeRatio": 0.0538290788,
    "eps": 0.79,
    "epsdiluted": 0.78,
    "weightedAverageShsOut": 124106000,
    "weightedAverageShsOutDil": 125385000,
    "link": "https://www.sec.gov/Archives/edgar/data/21076/000002107621000016/0000021076-21-000016-index.htm",
    "finalLink": "https://www.sec.gov/Archives/edgar/data/21076/000002107621000016/clx-20210630.htm"
  },
  {
    "date": "2021-03-31",
    "symbol": "CLX",
    "reportedCurrency": "USD",
    "cik": "0000021076",
    "fillingDate": "2021-04-30",
    "acceptedDate": "2021-04-30 16:15:57",
    "calendarYear": "2021",
    "period": "Q3",
    "revenue": 1781000000,
    "costOfRevenue": 1007000000,
    "grossProfit": 774000000,
    "grossProfitRatio": 0.4345873105,
    "researchAndDevelopmentExpenses": 32000000,
    "generalAndAdministrativeExpenses": 237000000,
    "sellingAndMarketingExpenses": 200000000,
    "sellingGeneralAndAdministrativeExpenses": 437000000,
    "otherExpenses": 0,
    "operatingExpenses": 469000000,
    "costAndExpenses": 1476000000,
    "interestIncome": 0,
    "interestExpense": 25000000,
    "depreciationAndAmortization": 53000000,
    "ebitda": 17000000,
    "ebitdaratio": 0.0095451993,
    "operatingIncome": 305000000,
    "operatingIncomeRatio": 0.1712521056,
    "totalOtherIncomeExpensesNet": -364000000,
    "incomeBeforeTax": -59000000,
    "incomeBeforeTaxRatio": -0.0331274565,
    "incomeTaxExpense": 0,
    "netIncome": -61000000,
    "netIncomeRatio": -0.0342504211,
    "eps": -0.49,
    "epsdiluted": -0.49,
    "weightedAverageShsOut": 124489795,
    "weightedAverageShsOutDil": 125610000,
    "link": "https://www.sec.gov/Archives/edgar/data/21076/000002107621000009/0000021076-21-000009-index.htm",
    "finalLink": "https://www.sec.gov/Archives/edgar/data/21076/000002107621000009/clx-20210331.htm"
  },
  {
    "date": "2020-12-31",
    "symbol": "CLX",
    "reportedCurrency": "USD",
    "cik": "0000021076",
    "fillingDate": "2021-02-04",
    "acceptedDate": "2021-02-04 16:16:02",
    "calendarYear": "2021",
    "period": "Q2",
    "revenue": 1842000000,
    "costOfRevenue": 1005000000,
    "grossProfit": 837000000,
    "grossProfitRatio": 0.4543973941,
    "researchAndDevelopmentExpenses": 40000000,
    "generalAndAdministrativeExpenses": 269000000,
    "sellingAndMarketingExpenses": 187000000,
    "sellingGeneralAndAdministrativeExpenses": 456000000,
    "otherExpenses": 0,
    "operatingExpenses": 496000000,
    "costAndExpenses": 1501000000,
    "interestIncome": 0,
    "interestExpense": 24000000,
    "depreciationAndAmortization": 53000000,
    "ebitda": 409000000,
    "ebitdaratio": 0.2220412595,
    "operatingIncome": 341000000,
    "operatingIncomeRatio": 0.1851248643,
    "totalOtherIncomeExpensesNet": -24000000,
    "incomeBeforeTax": 332000000,
    "incomeBeforeTaxRatio": 0.1802388708,
    "incomeTaxExpense": 71000000,
    "netIncome": 259000000,
    "netIncomeRatio": 0.1406080347,
    "eps": 2.06,
    "epsdiluted": 2.03,
    "weightedAverageShsOut": 126216000,
    "weightedAverageShsOutDil": 128135000,
    "link": "https://www.sec.gov/Archives/edgar/data/21076/000002107621000004/0000021076-21-000004-index.htm",
    "finalLink": "https://www.sec.gov/Archives/edgar/data/21076/000002107621000004/clx-20201231.htm"
  },
  {
    "date": "2020-09-30",
    "symbol": "CLX",
    "reportedCurrency": "USD",
    "cik": "0000021076",
    "fillingDate": "2020-11-02",
    "acceptedDate": "2020-11-02 16:16:21",
    "calendarYear": "2021",
    "period": "Q1",
    "revenue": 1916000000,
    "costOfRevenue": 996000000,
    "grossProfit": 920000000,
    "grossProfitRatio": 0.4801670146,
    "researchAndDevelopmentExpenses": 32000000,
    "generalAndAdministrativeExpenses": 238000000,
    "sellingAndMarketingExpenses": 179000000,
    "sellingGeneralAndAdministrativeExpenses": 417000000,
    "otherExpenses": 0,
    "operatingExpenses": 449000000,
    "costAndExpenses": 1445000000,
    "interestIncome": 0,
    "interestExpense": 25000000,
    "depreciationAndAmortization": 51000000,
    "ebitda": 600000000,
    "ebitdaratio": 0.3131524008,
    "operatingIncome": 471000000,
    "operatingIncomeRatio": 0.2458246347,
    "totalOtherIncomeExpensesNet": 55000000,
    "incomeBeforeTax": 526000000,
    "incomeBeforeTaxRatio": 0.2745302714,
    "incomeTaxExpense": 109000000,
    "netIncome": 415000000,
    "netIncomeRatio": 0.2165970772,
    "eps": 3.28,
    "epsdiluted": 3.22,
    "weightedAverageShsOut": 126346000,
    "weightedAverageShsOutDil": 128729000,
    "link": "https://www.sec.gov/Archives/edgar/data/21076/000002107620000021/0000021076-20-000021-index.htm",
    "finalLink": "https://www.sec.gov/Archives/edgar/data/21076/000002107620000021/clx-20200930.htm"
  },
  {
    "date": "2020-06-30",
    "symbol": "CLX",
    "reportedCurrency": "USD",
    "cik": "0000021076",
    "fillingDate": "2020-08-13",
    "acceptedDate": "2020-08-13 16:11:48",
    "calendarYear": "2020",
    "period": "Q4",
    "revenue": 1983000000,
    "costOfRevenue": 1054000000,
    "grossProfit": 929000000,
    "grossProfitRatio": 0.4684820978,
    "researchAndDevelopmentExpenses": 42000000,
    "generalAndAdministrativeExpenses": 279000000,
    "sellingAndMarketingExpenses": 214000000,
    "sellingGeneralAndAdministrativeExpenses": 493000000,
    "otherExpenses": 0,
    "operatingExpenses": 535000000,
    "costAndExpenses": 1589000000,
    "interestIncome": 2000000,
    "interestExpense": 25000000,
    "depreciationAndAmortization": 47000000,
    "ebitda": 466000000,
    "ebitdaratio": 0.2349974786,
    "operatingIncome": 381000000,
    "operatingIncomeRatio": 0.1921331316,
    "totalOtherIncomeExpensesNet": 14000000,
    "incomeBeforeTax": 395000000,
    "incomeBeforeTaxRatio": 0.1991931417,
    "incomeTaxExpense": 85000000,
    "netIncome": 310000000,
    "netIncomeRatio": 0.1563287948,
    "eps": 2.45,
    "epsdiluted": 2.41,
    "weightedAverageShsOut": 126387000,
    "weightedAverageShsOutDil": 128494000,
    "link": "https://www.sec.gov/Archives/edgar/data/21076/000002107620000016/0000021076-20-000016-index.htm",
    "finalLink": "https://www.sec.gov/Archives/edgar/data/21076/000002107620000016/clx-20200630.htm"
  },
  {
    "date": "2020-03-31",
    "symbol": "CLX",
    "reportedCurrency": "USD",
    "cik": "0000021076",
    "fillingDate": "2020-05-01",
    "acceptedDate": "2020-05-01 16:16:40",
    "calendarYear": "2020",
    "period": "Q3",
    "revenue": 1783000000,
    "costOfRevenue": 951000000,
    "grossProfit": 832000000,
    "grossProfitRatio": 0.4666292765,
    "researchAndDevelopmentExpenses": 39000000,
    "generalAndAdministrativeExpenses": 269000000,
    "sellingAndMarketingExpenses": 184000000,
    "sellingGeneralAndAdministrativeExpenses": 453000000,
    "otherExpenses": 0,
    "operatingExpenses": 492000000,
    "costAndExpenses": 1443000000,
    "interestIncome": 0,
    "interestExpense": 24000000,
    "depreciationAndAmortization": 45000000,
    "ebitda": 366000000,
    "ebitdaratio": 0.2052720135,
    "operatingIncome": 340000000,
    "operatingIncomeRatio": 0.1906898486,
    "totalOtherIncomeExpensesNet": -43000000,
    "incomeBeforeTax": 297000000,
    "incomeBeforeTaxRatio": 0.1665731913,
    "incomeTaxExpense": 56000000,
    "netIncome": 241000000,
    "netIncomeRatio": 0.1351654515,
    "eps": 1.92,
    "epsdiluted": 1.89,
    "weightedAverageShsOut": 125661000,
    "weightedAverageShsOutDil": 127328000,
    "link": "https://www.sec.gov/Archives/edgar/data/21076/000002107620000008/0000021076-20-000008-index.htm",
    "finalLink": "https://www.sec.gov/Archives/edgar/data/21076/000002107620000008/clx-20200331.htm"
  },
  {
    "date": "2019-12-31",
    "symbol": "CLX",
    "reportedCurrency": "USD",
    "cik": "0000021076",
    "fillingDate": "2020-02-04",
    "acceptedDate": "2020-02-04 16:17:19",
    "calendarYear": "2020",
    "period": "Q2",
    "revenue": 1449000000,
    "costOfRevenue": 810000000,
    "grossProfit": 639000000,
    "grossProfitRatio": 0.4409937888,
    "researchAndDevelopmentExpenses": 34000000,
    "generalAndAdministrativeExpenses": 210000000,
    "sellingAndMarketingExpenses": 140000000,
    "sellingGeneralAndAdministrativeExpenses": 350000000,
    "otherExpenses": 0,
    "operatingExpenses": 384000000,
    "costAndExpenses": 1194000000,
    "interestIncome": 0,
    "interestExpense": 25000000,
    "depreciationAndAmortization": 44000000,
    "ebitda": 304000000,
    "ebitdaratio": 0.209799862,
    "operatingIncome": 255000000,
    "operatingIncomeRatio": 0.1759834369,
    "totalOtherIncomeExpensesNet": -20000000,
    "incomeBeforeTax": 235000000,
    "incomeBeforeTaxRatio": 0.1621808144,
    "incomeTaxExpense": 50000000,
    "netIncome": 185000000,
    "netIncomeRatio": 0.1276742581,
    "eps": 1.48,
    "epsdiluted": 1.46,
    "weightedAverageShsOut": 125440000,
    "weightedAverageShsOutDil": 126879000,
    "link": "https://www.sec.gov/Archives/edgar/data/21076/000002107620000004/0000021076-20-000004-index.htm",
    "finalLink": "https://www.sec.gov/Archives/edgar/data/21076/000002107620000004/clxq2fy2010q.htm"
  },
  {
    "date": "2019-09-30",
    "symbol": "CLX",
    "reportedCurrency": "USD",
    "cik": "0000021076",
    "fillingDate": "2019-10-31",
    "acceptedDate": "2019-10-31 16:16:39",
    "calendarYear": "2020",
    "period": "Q1",
    "revenue": 1506000000,
    "costOfRevenue": 843000000,
    "grossProfit": 663000000,
    "grossProfitRatio": 0.4402390438,
    "researchAndDevelopmentExpenses": 30000000,
    "generalAndAdministrativeExpenses": 211000000,
    "sellingAndMarketingExpenses": 137000000,
    "sellingGeneralAndAdministrativeExpenses": 348000000,
    "otherExpenses": -2000000,
    "operatingExpenses": 378000000,
    "costAndExpenses": 1221000000,
    "interestIncome": 0,
    "interestExpense": 25000000,
    "depreciationAndAmortization": 44000000,
    "ebitda": 327000000,
    "ebitdaratio": 0.2171314741,
    "operatingIncome": 285000000,
    "operatingIncomeRatio": 0.1892430279,
    "totalOtherIncomeExpensesNet": -27000000,
    "incomeBeforeTax": 258000000,
    "incomeBeforeTaxRatio": 0.171314741,
    "incomeTaxExpense": 55000000,
    "netIncome": 203000000,
    "netIncomeRatio": 0.1347941567,
    "eps": 1.61,
    "epsdiluted": 1.59,
    "weightedAverageShsOut": 125823000,
    "weightedAverageShsOutDil": 127465000,
    "link": "https://www.sec.gov/Archives/edgar/data/21076/000002107619000016/0000021076-19-000016-index.htm",
    "finalLink": "https://www.sec.gov/Archives/edgar/data/21076/000002107619000016/clxq1fy2010q.htm"
  },
  {
    "date": "2019-06-30",
    "symbol": "CLX",
    "reportedCurrency": "USD",
    "cik": "0000021076",
    "fillingDate": "2019-08-14",
    "acceptedDate": "2019-08-13 21:24:10",
    "calendarYear": "2019",
    "period": "Q4",
    "revenue": 1627000000,
    "costOfRevenue": 893000000,
    "grossProfit": 734000000,
    "grossProfitRatio": 0.4511370621,
    "researchAndDevelopmentExpenses": 38000000,
    "generalAndAdministrativeExpenses": 217000000,
    "sellingAndMarketingExpenses": 167000000,
    "sellingGeneralAndAdministrativeExpenses": 384000000,
    "otherExpenses": 0,
    "operatingExpenses": 422000000,
    "costAndExpenses": 1315000000,
    "interestIncome": 3000000,
    "interestExpense": 25000000,
    "depreciationAndAmortization": 47000000,
    "ebitda": 345000000,
    "ebitdaratio": 0.2120467117,
    "operatingIncome": 295000000,
    "operatingIncomeRatio": 0.1813153042,
    "totalOtherIncomeExpensesNet": -14000000,
    "incomeBeforeTax": 292000000,
    "incomeBeforeTaxRatio": 0.1794714198,
    "incomeTaxExpense": 51000000,
    "netIncome": 241000000,
    "netIncomeRatio": 0.1481253841,
    "eps": 1.91,
    "epsdiluted": 1.88,
    "weightedAverageShsOut": 126663000,
    "weightedAverageShsOutDil": 128423000,
    "link": "https://www.sec.gov/Archives/edgar/data/21076/000002107619000012/0000021076-19-000012-index.htm",
    "finalLink": "https://www.sec.gov/Archives/edgar/data/21076/000002107619000012/fy19clx10k.htm"
  },
  {
    "date": "2019-03-31",
    "symbol": "CLX",
    "reportedCurrency": "USD",
    "cik": "0000021076",
    "fillingDate": "2019-05-01",
    "acceptedDate": "2019-05-01 16:16:31",
    "calendarYear": "2019",
    "period": "Q3",
    "revenue": 1551000000,
    "costOfRevenue": 878000000,
    "grossProfit": 673000000,
    "grossProfitRatio": 0.4339136041,
    "researchAndDevelopmentExpenses": 34000000,
    "generalAndAdministrativeExpenses": 216000000,
    "sellingAndMarketingExpenses": 161000000,
    "sellingGeneralAndAdministrativeExpenses": 377000000,
    "otherExpenses": 2000000,
    "operatingExpenses": 411000000,
    "costAndExpenses": 1289000000,
    "interestIncome": 0,
    "interestExpense": 24000000,
    "depreciationAndAmortization": 45000000,
    "ebitda": 309000000,
    "ebitdaratio": 0.1992263056,
    "operatingIncome": 262000000,
    "operatingIncomeRatio": 0.1689232753,
    "totalOtherIncomeExpensesNet": -22000000,
    "incomeBeforeTax": 240000000,
    "incomeBeforeTaxRatio": 0.1547388781,
    "incomeTaxExpense": 53000000,
    "netIncome": 187000000,
    "netIncomeRatio": 0.1205673759,
    "eps": 1.46,
    "epsdiluted": 1.44,
    "weightedAverageShsOut": 128404000,
    "weightedAverageShsOutDil": 130266000,
    "link": "https://www.sec.gov/Archives/edgar/data/21076/000002107619000007/0000021076-19-000007-index.htm",
    "finalLink": "https://www.sec.gov/Archives/edgar/data/21076/000002107619000007/clxq3fy1910q.htm"
  },
  {
    "date": "2018-12-31",
    "symbol": "CLX",
    "reportedCurrency": "USD",
    "cik": "0000021076",
    "fillingDate": "2019-02-04",
    "acceptedDate": "2019-02-04 16:15:35",
    "calendarYear": "2019",
    "period": "Q2",
    "revenue": 1473000000,
    "costOfRevenue": 830000000,
    "grossProfit": 643000000,
    "grossProfitRatio": 0.4365241005,
    "researchAndDevelopmentExpenses": 32000000,
    "generalAndAdministrativeExpenses": 211000000,
    "sellingAndMarketingExpenses": 145000000,
    "sellingGeneralAndAdministrativeExpenses": 356000000,
    "otherExpenses": 0,
    "operatingExpenses": 388000000,
    "costAndExpenses": 1218000000,
    "interestIncome": 0,
    "interestExpense": 24000000,
    "depreciationAndAmortization": 44000000,
    "ebitda": 292000000,
    "ebitdaratio": 0.1982348948,
    "operatingIncome": 255000000,
    "operatingIncomeRatio": 0.1731160896,
    "totalOtherIncomeExpensesNet": -31000000,
    "incomeBeforeTax": 224000000,
    "incomeBeforeTaxRatio": 0.1520706042,
    "incomeTaxExpense": 42000000,
    "netIncome": 182000000,
    "netIncomeRatio": 0.1235573659,
    "eps": 1.42,
    "epsdiluted": 1.4,
    "weightedAverageShsOut": 128068000,
    "weightedAverageShsOutDil": 130094000,
    "link": "https://www.sec.gov/Archives/edgar/data/21076/000002107619000004/0000021076-19-000004-index.htm",
    "finalLink": "https://www.sec.gov/Archives/edgar/data/21076/000002107619000004/clxq2fy1910q.htm"
  },
  {
    "date": "2018-09-30",
    "symbol": "CLX",
    "reportedCurrency": "USD",
    "cik": "0000021076",
    "fillingDate": "2018-10-31",
    "acceptedDate": "2018-10-31 16:16:01",
    "calendarYear": "2019",
    "period": "Q1",
    "revenue": 1563000000,
    "costOfRevenue": 885000000,
    "grossProfit": 678000000,
    "grossProfitRatio": 0.43378119,
    "researchAndDevelopmentExpenses": 32000000,
    "generalAndAdministrativeExpenses": 212000000,
    "sellingAndMarketingExpenses": 139000000,
    "sellingGeneralAndAdministrativeExpenses": 351000000,
    "otherExpenses": -3000000,
    "operatingExpenses": 383000000,
    "costAndExpenses": 1268000000,
    "interestIncome": 0,
    "interestExpense": 24000000,
    "depreciationAndAmortization": 44000000,
    "ebitda": 336000000,
    "ebitdaratio": 0.2149712092,
    "operatingIncome": 295000000,
    "operatingIncomeRatio": 0.1887396033,
    "totalOtherIncomeExpensesNet": -27000000,
    "incomeBeforeTax": 268000000,
    "incomeBeforeTaxRatio": 0.1714651312,
    "incomeTaxExpense": 58000000,
    "netIncome": 210000000,
    "netIncomeRatio": 0.1343570058,
    "eps": 1.65,
    "epsdiluted": 1.62,
    "weightedAverageShsOut": 127803000,
    "weightedAverageShsOutDil": 129946000,
    "link": "https://www.sec.gov/Archives/edgar/data/21076/000002107618000015/0000021076-18-000015-index.htm",
    "finalLink": "https://www.sec.gov/Archives/edgar/data/21076/000002107618000015/clxq1fy1910q.htm"
  },
  {
    "date": "2018-06-30",
    "symbol": "CLX",
    "reportedCurrency": "USD",
    "cik": "0000021076",
    "fillingDate": "2018-08-14",
    "acceptedDate": "2018-08-14 16:17:00",
    "calendarYear": "2018",
    "period": "Q4",
    "revenue": 1691000000,
    "costOfRevenue": 947000000,
    "grossProfit": 744000000,
    "grossProfitRatio": 0.4399763454,
    "researchAndDevelopmentExpenses": 37000000,
    "generalAndAdministrativeExpenses": 228000000,
    "sellingAndMarketingExpenses": 146000000,
    "sellingGeneralAndAdministrativeExpenses": 374000000,
    "otherExpenses": -3000000,
    "operatingExpenses": 411000000,
    "costAndExpenses": 1358000000,
    "interestIncome": 6000000,
    "interestExpense": 24000000,
    "depreciationAndAmortization": 45000000,
    "ebitda": 375000000,
    "ebitdaratio": 0.2217622708,
    "operatingIncome": 322000000,
    "operatingIncomeRatio": 0.1904198699,
    "totalOtherIncomeExpensesNet": -16000000,
    "incomeBeforeTax": 306000000,
    "incomeBeforeTaxRatio": 0.180958013,
    "incomeTaxExpense": 89000000,
    "netIncome": 217000000,
    "netIncomeRatio": 0.1283264341,
    "eps": 1.69,
    "epsdiluted": 1.66,
    "weightedAverageShsOut": 129694000,
    "weightedAverageShsOutDil": 131900000,
    "link": "https://www.sec.gov/Archives/edgar/data/21076/000002107618000011/0000021076-18-000011-index.htm",
    "finalLink": "https://www.sec.gov/Archives/edgar/data/21076/000002107618000011/fy18clx10k.htm"
  },
  {
    "date": "2018-03-31",
    "symbol": "CLX",
    "reportedCurrency": "USD",
    "cik": "0000021076",
    "fillingDate": "2018-05-02",
    "acceptedDate": "2018-05-02 16:16:16",
    "calendarYear": "2018",
    "period": "Q3",
    "revenue": 1517000000,
    "costOfRevenue": 868000000,
    "grossProfit": 649000000,
    "grossProfitRatio": 0.427818062,
    "researchAndDevelopmentExpenses": 32000000,
    "generalAndAdministrativeExpenses": 208000000,
    "sellingAndMarketingExpenses": 150000000,
    "sellingGeneralAndAdministrativeExpenses": 358000000,
    "otherExpenses": 3000000,
    "operatingExpenses": 390000000,
    "costAndExpenses": 1258000000,
    "interestIncome": 0,
    "interestExpense": 20000000,
    "depreciationAndAmortization": 40000000,
    "ebitda": 302000000,
    "ebitdaratio": 0.1990771259,
    "operatingIncome": 259000000,
    "operatingIncomeRatio": 0.1707317073,
    "totalOtherIncomeExpensesNet": -17000000,
    "incomeBeforeTax": 242000000,
    "incomeBeforeTaxRatio": 0.159525379,
    "incomeTaxExpense": 61000000,
    "netIncome": 181000000,
    "netIncomeRatio": 0.1193144364,
    "eps": 1.39,
    "epsdiluted": 1.37,
    "weightedAverageShsOut": 129694000,
    "weightedAverageShsOutDil": 131900000,
    "link": "https://www.sec.gov/Archives/edgar/data/21076/000002107618000007/0000021076-18-000007-index.htm",
    "finalLink": "https://www.sec.gov/Archives/edgar/data/21076/000002107618000007/clxq3fy1810q.htm"
  },
  {
    "date": "2017-12-31",
    "symbol": "CLX",
    "reportedCurrency": "USD",
    "cik": "0000021076",
    "fillingDate": "2018-02-02",
    "acceptedDate": "2018-02-02 16:16:20",
    "calendarYear": "2018",
    "period": "Q2",
    "revenue": 1416000000,
    "costOfRevenue": 807000000,
    "grossProfit": 609000000,
    "grossProfitRatio": 0.4300847458,
    "researchAndDevelopmentExpenses": 31000000,
    "generalAndAdministrativeExpenses": 197000000,
    "sellingAndMarketingExpenses": 140000000,
    "sellingGeneralAndAdministrativeExpenses": 337000000,
    "otherExpenses": 0,
    "operatingExpenses": 368000000,
    "costAndExpenses": 1175000000,
    "interestIncome": 0,
    "interestExpense": 20000000,
    "depreciationAndAmortization": 41000000,
    "ebitda": 288000000,
    "ebitdaratio": 0.2033898305,
    "operatingIncome": 241000000,
    "operatingIncomeRatio": 0.1701977401,
    "totalOtherIncomeExpensesNet": -14000000,
    "incomeBeforeTax": 227000000,
    "incomeBeforeTaxRatio": 0.1603107345,
    "incomeTaxExpense": -6000000,
    "netIncome": 233000000,
    "netIncomeRatio": 0.1645480226,
    "eps": 1.81,
    "epsdiluted": 1.77,
    "weightedAverageShsOut": 129359000,
    "weightedAverageShsOutDil": 131655000,
    "link": "https://www.sec.gov/Archives/edgar/data/21076/000002107618000004/0000021076-18-000004-index.htm",
    "finalLink": "https://www.sec.gov/Archives/edgar/data/21076/000002107618000004/clxq2fy1810q.htm"
  },
  {
    "date": "2017-09-30",
    "symbol": "CLX",
    "reportedCurrency": "USD",
    "cik": "0000021076",
    "fillingDate": "2017-11-01",
    "acceptedDate": "2017-11-01 16:19:32",
    "calendarYear": "2018",
    "period": "Q1",
    "revenue": 1500000000,
    "costOfRevenue": 827000000,
    "grossProfit": 673000000,
    "grossProfitRatio": 0.4486666667,
    "researchAndDevelopmentExpenses": 32000000,
    "generalAndAdministrativeExpenses": 204000000,
    "sellingAndMarketingExpenses": 134000000,
    "sellingGeneralAndAdministrativeExpenses": 338000000,
    "otherExpenses": -3000000,
    "operatingExpenses": 370000000,
    "costAndExpenses": 1197000000,
    "interestIncome": 0,
    "interestExpense": 21000000,
    "depreciationAndAmortization": 40000000,
    "ebitda": 340000000,
    "ebitdaratio": 0.2266666667,
    "operatingIncome": 303000000,
    "operatingIncomeRatio": 0.202,
    "totalOtherIncomeExpensesNet": -24000000,
    "incomeBeforeTax": 279000000,
    "incomeBeforeTaxRatio": 0.186,
    "incomeTaxExpense": 87000000,
    "netIncome": 192000000,
    "netIncomeRatio": 0.128,
    "eps": 1.49,
    "epsdiluted": 1.46,
    "weightedAverageShsOut": 129019000,
    "weightedAverageShsOutDil": 131509000,
    "link": "https://www.sec.gov/Archives/edgar/data/21076/000002107617000008/0000021076-17-000008-index.htm",
    "finalLink": "https://www.sec.gov/Archives/edgar/data/21076/000002107617000008/clxq1fy1810q.htm"
  },
  {
    "date": "2017-06-30",
    "symbol": "CLX",
    "reportedCurrency": "USD",
    "cik": "0000021076",
    "fillingDate": "2017-08-15",
    "acceptedDate": "2017-08-15 16:17:59",
    "calendarYear": "2017",
    "period": "Q4",
    "revenue": 1647000000,
    "costOfRevenue": 895000000,
    "grossProfit": 752000000,
    "grossProfitRatio": 0.4565877353,
    "researchAndDevelopmentExpenses": 37000000,
    "generalAndAdministrativeExpenses": 212000000,
    "sellingAndMarketingExpenses": 182000000,
    "sellingGeneralAndAdministrativeExpenses": 394000000,
    "otherExpenses": -4000000,
    "operatingExpenses": 431000000,
    "costAndExpenses": 1326000000,
    "interestIncome": 4000000,
    "interestExpense": 22000000,
    "depreciationAndAmortization": 42000000,
    "ebitda": 359000000,
    "ebitdaratio": 0.2179720704,
    "operatingIncome": 311000000,
    "operatingIncomeRatio": 0.1888281724,
    "totalOtherIncomeExpensesNet": -16000000,
    "incomeBeforeTax": 295000000,
    "incomeBeforeTaxRatio": 0.1791135398,
    "incomeTaxExpense": 93000000,
    "netIncome": 201000000,
    "netIncomeRatio": 0.1220400729,
    "eps": 1.55,
    "epsdiluted": 1.52,
    "weightedAverageShsOut": 129113000,
    "weightedAverageShsOutDil": 131914000,
    "link": "https://www.sec.gov/Archives/edgar/data/21076/000162828017008700/0001628280-17-008700-index.htm",
    "finalLink": "https://www.sec.gov/Archives/edgar/data/21076/000162828017008700/fy17clx10k.htm"
  },
  {
    "date": "2017-03-31",
    "symbol": "CLX",
    "reportedCurrency": "USD",
    "cik": "0000021076",
    "fillingDate": "2017-05-03",
    "acceptedDate": "2017-05-03 16:15:34",
    "calendarYear": "2017",
    "period": "Q3",
    "revenue": 1477000000,
    "costOfRevenue": 827000000,
    "grossProfit": 650000000,
    "grossProfitRatio": 0.4400812458,
    "researchAndDevelopmentExpenses": 35000000,
    "generalAndAdministrativeExpenses": 201000000,
    "sellingAndMarketingExpenses": 161000000,
    "sellingGeneralAndAdministrativeExpenses": 362000000,
    "otherExpenses": 0,
    "operatingExpenses": 397000000,
    "costAndExpenses": 1224000000,
    "interestIncome": 0,
    "interestExpense": 22000000,
    "depreciationAndAmortization": 39000000,
    "ebitda": 306000000,
    "ebitdaratio": 0.2071767095,
    "operatingIncome": 253000000,
    "operatingIncomeRatio": 0.1712931618,
    "totalOtherIncomeExpensesNet": -6000000,
    "incomeBeforeTax": 247000000,
    "incomeBeforeTaxRatio": 0.1672308734,
    "incomeTaxExpense": 75000000,
    "netIncome": 172000000,
    "netIncomeRatio": 0.1164522681,
    "eps": 1.34,
    "epsdiluted": 1.31,
    "weightedAverageShsOut": 128752000,
    "weightedAverageShsOutDil": 131362000,
    "link": "https://www.sec.gov/Archives/edgar/data/21076/000002107617000005/0000021076-17-000005-index.htm",
    "finalLink": "https://www.sec.gov/Archives/edgar/data/21076/000002107617000005/clxq3fy1710q.htm"
  },
  {
    "date": "2016-12-31",
    "symbol": "CLX",
    "reportedCurrency": "USD",
    "cik": "0000021076",
    "fillingDate": "2017-02-03",
    "acceptedDate": "2017-02-03 16:28:58",
    "calendarYear": "2017",
    "period": "Q2",
    "revenue": 1406000000,
    "costOfRevenue": 777000000,
    "grossProfit": 629000000,
    "grossProfitRatio": 0.4473684211,
    "researchAndDevelopmentExpenses": 32000000,
    "generalAndAdministrativeExpenses": 197000000,
    "sellingAndMarketingExpenses": 128000000,
    "sellingGeneralAndAdministrativeExpenses": 325000000,
    "otherExpenses": 0,
    "operatingExpenses": 357000000,
    "costAndExpenses": 1134000000,
    "interestIncome": 0,
    "interestExpense": 22000000,
    "depreciationAndAmortization": 41000000,
    "ebitda": 289000000,
    "ebitdaratio": 0.2055476529,
    "operatingIncome": 272000000,
    "operatingIncomeRatio": 0.1934566145,
    "totalOtherIncomeExpensesNet": -45000000,
    "incomeBeforeTax": 227000000,
    "incomeBeforeTaxRatio": 0.1614509246,
    "incomeTaxExpense": 77000000,
    "netIncome": 149000000,
    "netIncomeRatio": 0.1059743954,
    "eps": 1.16,
    "epsdiluted": 1.14,
    "weightedAverageShsOut": 128497000,
    "weightedAverageShsOutDil": 130775000,
    "link": "https://www.sec.gov/Archives/edgar/data/21076/000002107617000002/0000021076-17-000002-index.htm",
    "finalLink": "https://www.sec.gov/Archives/edgar/data/21076/000002107617000002/clxq2fy1710q.htm"
  },
  {
    "date": "2016-09-30",
    "symbol": "CLX",
    "reportedCurrency": "USD",
    "cik": "0000021076",
    "fillingDate": "2016-11-02",
    "acceptedDate": "2016-11-02 16:15:32",
    "calendarYear": "2017",
    "period": "Q1",
    "revenue": 1443000000,
    "costOfRevenue": 803000000,
    "grossProfit": 640000000,
    "grossProfitRatio": 0.4435204435,
    "researchAndDevelopmentExpenses": 31000000,
    "generalAndAdministrativeExpenses": 200000000,
    "sellingAndMarketingExpenses": 128000000,
    "sellingGeneralAndAdministrativeExpenses": 328000000,
    "otherExpenses": 0,
    "operatingExpenses": 359000000,
    "costAndExpenses": 1162000000,
    "interestIncome": 0,
    "interestExpense": 22000000,
    "depreciationAndAmortization": 41000000,
    "ebitda": 327000000,
    "ebitdaratio": 0.2266112266,
    "operatingIncome": 281000000,
    "operatingIncomeRatio": 0.1947331947,
    "totalOtherIncomeExpensesNet": -17000000,
    "incomeBeforeTax": 264000000,
    "incomeBeforeTaxRatio": 0.182952183,
    "incomeTaxExpense": 85000000,
    "netIncome": 179000000,
    "netIncomeRatio": 0.124047124,
    "eps": 1.39,
    "epsdiluted": 1.36,
    "weightedAverageShsOut": 129449000,
    "weightedAverageShsOutDil": 132193000,
    "link": "https://www.sec.gov/Archives/edgar/data/21076/000120677416007477/0001206774-16-007477-index.htm",
    "finalLink": "https://www.sec.gov/Archives/edgar/data/21076/000120677416007477/clorox3118958-10q.htm"
  },
  {
    "date": "2016-06-30",
    "symbol": "CLX",
    "reportedCurrency": "USD",
    "cik": "0000021076",
    "fillingDate": "2016-08-16",
    "acceptedDate": "2016-08-16 16:41:09",
    "calendarYear": "2016",
    "period": "Q4",
    "revenue": 1600000000,
    "costOfRevenue": 873000000,
    "grossProfit": 727000000,
    "grossProfitRatio": 0.454375,
    "researchAndDevelopmentExpenses": 42000000,
    "generalAndAdministrativeExpenses": 225000000,
    "sellingAndMarketingExpenses": 192000000,
    "sellingGeneralAndAdministrativeExpenses": 417000000,
    "otherExpenses": 0,
    "operatingExpenses": 459000000,
    "costAndExpenses": 1332000000,
    "interestIncome": 5000000,
    "interestExpense": 21000000,
    "depreciationAndAmortization": 43000000,
    "ebitda": 316000000,
    "ebitdaratio": 0.1975,
    "operatingIncome": 260000000,
    "operatingIncomeRatio": 0.1625,
    "totalOtherIncomeExpensesNet": -8000000,
    "incomeBeforeTax": 252000000,
    "incomeBeforeTaxRatio": 0.1575,
    "incomeTaxExpense": 87000000,
    "netIncome": 165000000,
    "netIncomeRatio": 0.103125,
    "eps": 1.28,
    "epsdiluted": 1.26,
    "weightedAverageShsOut": 129502000,
    "weightedAverageShsOutDil": 131511000,
    "link": "https://www.sec.gov/Archives/edgar/data/21076/000120677416006893/0001206774-16-006893-index.htm",
    "finalLink": "https://www.sec.gov/Archives/edgar/data/21076/000120677416006893/clorox3118951_1-10k.htm"
  },
  {
    "date": "2016-03-31",
    "symbol": "CLX",
    "reportedCurrency": "USD",
    "cik": "0000021076",
    "fillingDate": "2016-05-03",
    "acceptedDate": "2016-05-03 16:15:48",
    "calendarYear": "2016",
    "period": "Q3",
    "revenue": 1426000000,
    "costOfRevenue": 780000000,
    "grossProfit": 646000000,
    "grossProfitRatio": 0.4530154278,
    "researchAndDevelopmentExpenses": 35000000,
    "generalAndAdministrativeExpenses": 204000000,
    "sellingAndMarketingExpenses": 146000000,
    "sellingGeneralAndAdministrativeExpenses": 350000000,
    "otherExpenses": -2000000,
    "operatingExpenses": 385000000,
    "costAndExpenses": 1165000000,
    "interestIncome": 0,
    "interestExpense": 22000000,
    "depreciationAndAmortization": 40000000,
    "ebitda": 299000000,
    "ebitdaratio": 0.2096774194,
    "operatingIncome": 261000000,
    "operatingIncomeRatio": 0.183029453,
    "totalOtherIncomeExpensesNet": -24000000,
    "incomeBeforeTax": 237000000,
    "incomeBeforeTaxRatio": 0.1661991585,
    "incomeTaxExpense": 78000000,
    "netIncome": 162000000,
    "netIncomeRatio": 0.1136044881,
    "eps": 1.25,
    "epsdiluted": 1.23,
    "weightedAverageShsOut": 129690000,
    "weightedAverageShsOutDil": 131647000,
    "link": "https://www.sec.gov/Archives/edgar/data/21076/000120677416005758/0001206774-16-005758-index.htm",
    "finalLink": "https://www.sec.gov/Archives/edgar/data/21076/000120677416005758/clorox_10q.htm"
  },
  {
    "date": "2015-12-31",
    "symbol": "CLX",
    "reportedCurrency": "USD",
    "cik": "0000021076",
    "fillingDate": "2016-02-04",
    "acceptedDate": "2016-02-04 16:16:18",
    "calendarYear": "2016",
    "period": "Q2",
    "revenue": 1345000000,
    "costOfRevenue": 745000000,
    "grossProfit": 600000000,
    "grossProfitRatio": 0.4460966543,
    "researchAndDevelopmentExpenses": 34000000,
    "generalAndAdministrativeExpenses": 191000000,
    "sellingAndMarketingExpenses": 126000000,
    "sellingGeneralAndAdministrativeExpenses": 317000000,
    "otherExpenses": 3000000,
    "operatingExpenses": 351000000,
    "costAndExpenses": 1096000000,
    "interestIncome": 0,
    "interestExpense": 22000000,
    "depreciationAndAmortization": 41000000,
    "ebitda": 293000000,
    "ebitdaratio": 0.2178438662,
    "operatingIncome": 249000000,
    "operatingIncomeRatio": 0.1851301115,
    "totalOtherIncomeExpensesNet": -19000000,
    "incomeBeforeTax": 230000000,
    "incomeBeforeTaxRatio": 0.1710037175,
    "incomeTaxExpense": 79000000,
    "netIncome": 149000000,
    "netIncomeRatio": 0.1107806691,
    "eps": 1.15,
    "epsdiluted": 1.13,
    "weightedAverageShsOut": 129543000,
    "weightedAverageShsOutDil": 131546000,
    "link": "https://www.sec.gov/Archives/edgar/data/21076/000135994816000048/0001359948-16-000048-index.htm",
    "finalLink": "https://www.sec.gov/Archives/edgar/data/21076/000135994816000048/clorox_10q.htm"
  },
  {
    "date": "2015-09-30",
    "symbol": "CLX",
    "reportedCurrency": "USD",
    "cik": "0000021076",
    "fillingDate": "2015-11-02",
    "acceptedDate": "2015-11-02 16:16:01",
    "calendarYear": "2016",
    "period": "Q1",
    "revenue": 1390000000,
    "costOfRevenue": 765000000,
    "grossProfit": 625000000,
    "grossProfitRatio": 0.4496402878,
    "researchAndDevelopmentExpenses": 30000000,
    "generalAndAdministrativeExpenses": 186000000,
    "sellingAndMarketingExpenses": 123000000,
    "sellingGeneralAndAdministrativeExpenses": 309000000,
    "otherExpenses": 1000000,
    "operatingExpenses": 339000000,
    "costAndExpenses": 1104000000,
    "interestIncome": 0,
    "interestExpense": 23000000,
    "depreciationAndAmortization": 41000000,
    "ebitda": 328000000,
    "ebitdaratio": 0.235971223,
    "operatingIncome": 286000000,
    "operatingIncomeRatio": 0.2057553957,
    "totalOtherIncomeExpensesNet": -22000000,
    "incomeBeforeTax": 264000000,
    "incomeBeforeTaxRatio": 0.1899280576,
    "incomeTaxExpense": 91000000,
    "netIncome": 172000000,
    "netIncomeRatio": 0.1237410072,
    "eps": 1.33,
    "epsdiluted": 1.31,
    "weightedAverageShsOut": 129155000,
    "weightedAverageShsOutDil": 131220000,
    "link": "https://www.sec.gov/Archives/edgar/data/21076/000120677415003375/0001206774-15-003375-index.htm",
    "finalLink": "https://www.sec.gov/Archives/edgar/data/21076/000120677415003375/clorox_10q.htm"
  },
  {
    "date": "2015-06-30",
    "symbol": "CLX",
    "reportedCurrency": "USD",
    "cik": "0000021076",
    "fillingDate": "2015-08-21",
    "acceptedDate": "2015-08-21 16:49:06",
    "calendarYear": "2015",
    "period": "Q4",
    "revenue": 1557000000,
    "costOfRevenue": 847000000,
    "grossProfit": 710000000,
    "grossProfitRatio": 0.4560051381,
    "researchAndDevelopmentExpenses": 39000000,
    "generalAndAdministrativeExpenses": 221000000,
    "sellingAndMarketingExpenses": 151000000,
    "sellingGeneralAndAdministrativeExpenses": 372000000,
    "otherExpenses": 0,
    "operatingExpenses": 411000000,
    "costAndExpenses": 1258000000,
    "interestIncome": 4000000,
    "interestExpense": 23000000,
    "depreciationAndAmortization": 43000000,
    "ebitda": 355000000,
    "ebitdaratio": 0.228002569,
    "operatingIncome": 292000000,
    "operatingIncomeRatio": 0.1875401413,
    "totalOtherIncomeExpensesNet": -3000000,
    "incomeBeforeTax": 289000000,
    "incomeBeforeTaxRatio": 0.185613359,
    "incomeTaxExpense": 100000000,
    "netIncome": 191000000,
    "netIncomeRatio": 0.1226718048,
    "eps": 1.48,
    "epsdiluted": 1.46,
    "weightedAverageShsOut": 129541000,
    "weightedAverageShsOutDil": 131614000,
    "link": "https://www.sec.gov/Archives/edgar/data/21076/000120677415002800/0001206774-15-002800-index.htm",
    "finalLink": "https://www.sec.gov/Archives/edgar/data/21076/000120677415002800/clorox_10k.htm"
  },
  {
    "date": "2015-03-31",
    "symbol": "CLX",
    "reportedCurrency": "USD",
    "cik": "0000021076",
    "fillingDate": "2015-05-04",
    "acceptedDate": "2015-05-04 17:01:48",
    "calendarYear": "2015",
    "period": "Q3",
    "revenue": 1401000000,
    "costOfRevenue": 796000000,
    "grossProfit": 605000000,
    "grossProfitRatio": 0.431834404,
    "researchAndDevelopmentExpenses": 34000000,
    "generalAndAdministrativeExpenses": 206000000,
    "sellingAndMarketingExpenses": 124000000,
    "sellingGeneralAndAdministrativeExpenses": 330000000,
    "otherExpenses": 1000000,
    "operatingExpenses": 364000000,
    "costAndExpenses": 1160000000,
    "interestIncome": 0,
    "interestExpense": 25000000,
    "depreciationAndAmortization": 41000000,
    "ebitda": 283000000,
    "ebitdaratio": 0.2019985724,
    "operatingIncome": 241000000,
    "operatingIncomeRatio": 0.1720199857,
    "totalOtherIncomeExpensesNet": -24000000,
    "incomeBeforeTax": 217000000,
    "incomeBeforeTaxRatio": 0.1548893647,
    "incomeTaxExpense": 73000000,
    "netIncome": 174000000,
    "netIncomeRatio": 0.1241970021,
    "eps": 1.31,
    "epsdiluted": 1.3,
    "weightedAverageShsOut": 131833000,
    "weightedAverageShsOutDil": 134115000,
    "link": "https://www.sec.gov/Archives/edgar/data/21076/000120677415001565/0001206774-15-001565-index.htm",
    "finalLink": "https://www.sec.gov/Archives/edgar/data/21076/000120677415001565/clorox_10q.htm"
  },
  {
    "date": "2014-12-31",
    "symbol": "CLX",
    "reportedCurrency": "USD",
    "cik": "0000021076",
    "fillingDate": "2015-02-05",
    "acceptedDate": "2015-02-05 17:01:01",
    "calendarYear": "2015",
    "period": "Q2",
    "revenue": 1345000000,
    "costOfRevenue": 773000000,
    "grossProfit": 572000000,
    "grossProfitRatio": 0.4252788104,
    "researchAndDevelopmentExpenses": 33000000,
    "generalAndAdministrativeExpenses": 191000000,
    "sellingAndMarketingExpenses": 127000000,
    "sellingGeneralAndAdministrativeExpenses": 318000000,
    "otherExpenses": 2000000,
    "operatingExpenses": 351000000,
    "costAndExpenses": 1124000000,
    "interestIncome": 0,
    "interestExpense": 26000000,
    "depreciationAndAmortization": 42000000,
    "ebitda": 265000000,
    "ebitdaratio": 0.1970260223,
    "operatingIncome": 221000000,
    "operatingIncomeRatio": 0.1643122677,
    "totalOtherIncomeExpensesNet": -24000000,
    "incomeBeforeTax": 197000000,
    "incomeBeforeTaxRatio": 0.1464684015,
    "incomeTaxExpense": 69000000,
    "netIncome": 125000000,
    "netIncomeRatio": 0.092936803,
    "eps": 0.96,
    "epsdiluted": 0.95,
    "weightedAverageShsOut": 130555000,
    "weightedAverageShsOutDil": 132819000,
    "link": "https://www.sec.gov/Archives/edgar/data/21076/000120677415000394/0001206774-15-000394-index.htm",
    "finalLink": "https://www.sec.gov/Archives/edgar/data/21076/000120677415000394/clorox_10q.htm"
  },
  {
    "date": "2014-09-30",
    "symbol": "CLX",
    "reportedCurrency": "USD",
    "cik": "0000021076",
    "fillingDate": "2014-11-03",
    "acceptedDate": "2014-11-03 17:19:35",
    "calendarYear": "2015",
    "period": "Q1",
    "revenue": 1352000000,
    "costOfRevenue": 774000000,
    "grossProfit": 578000000,
    "grossProfitRatio": 0.4275147929,
    "researchAndDevelopmentExpenses": 30000000,
    "generalAndAdministrativeExpenses": 180000000,
    "sellingAndMarketingExpenses": 121000000,
    "sellingGeneralAndAdministrativeExpenses": 301000000,
    "otherExpenses": -3000000,
    "operatingExpenses": 331000000,
    "costAndExpenses": 1105000000,
    "interestIncome": 0,
    "interestExpense": 26000000,
    "depreciationAndAmortization": 43000000,
    "ebitda": 287000000,
    "ebitdaratio": 0.2122781065,
    "operatingIncome": 247000000,
    "operatingIncomeRatio": 0.1826923077,
    "totalOtherIncomeExpensesNet": -29000000,
    "incomeBeforeTax": 218000000,
    "incomeBeforeTaxRatio": 0.1612426036,
    "incomeTaxExpense": 73000000,
    "netIncome": 90000000,
    "netIncomeRatio": 0.0665680473,
    "eps": 0.7,
    "epsdiluted": 0.68,
    "weightedAverageShsOut": 129312000,
    "weightedAverageShsOutDil": 131369000,
    "link": "https://www.sec.gov/Archives/edgar/data/21076/000120677414003199/0001206774-14-003199-index.htm",
    "finalLink": "https://www.sec.gov/Archives/edgar/data/21076/000120677414003199/clorox_10q.htm"
  },
  {
    "date": "2014-06-30",
    "symbol": "CLX",
    "reportedCurrency": "USD",
    "cik": "0000021076",
    "fillingDate": "2014-08-25",
    "acceptedDate": "2014-08-25 17:22:06",
    "calendarYear": "2014",
    "period": "Q4",
    "revenue": 1511000000,
    "costOfRevenue": 872000000,
    "grossProfit": 639000000,
    "grossProfitRatio": 0.4228987426,
    "researchAndDevelopmentExpenses": 35000000,
    "generalAndAdministrativeExpenses": 185000000,
    "sellingAndMarketingExpenses": 141000000,
    "sellingGeneralAndAdministrativeExpenses": 326000000,
    "otherExpenses": 0,
    "operatingExpenses": 361000000,
    "costAndExpenses": 1233000000,
    "interestIncome": 3000000,
    "interestExpense": 26000000,
    "depreciationAndAmortization": 47000000,
    "ebitda": 331000000,
    "ebitdaratio": 0.219060225,
    "operatingIncome": 271000000,
    "operatingIncomeRatio": 0.1793514229,
    "totalOtherIncomeExpensesNet": -13000000,
    "incomeBeforeTax": 258000000,
    "incomeBeforeTaxRatio": 0.1707478491,
    "incomeTaxExpense": 88000000,
    "netIncome": 170000000,
    "netIncomeRatio": 0.1125082727,
    "eps": 1.31,
    "epsdiluted": 1.29,
    "weightedAverageShsOut": 129005000,
    "weightedAverageShsOutDil": 131225000,
    "link": "https://www.sec.gov/Archives/edgar/data/21076/000120677414002682/0001206774-14-002682-index.htm",
    "finalLink": "https://www.sec.gov/Archives/edgar/data/21076/000120677414002682/clorox_10k.htm"
  },
  {
    "date": "2014-03-31",
    "symbol": "CLX",
    "reportedCurrency": "USD",
    "cik": "0000021076",
    "fillingDate": "2014-05-02",
    "acceptedDate": "2014-05-02 16:45:31",
    "calendarYear": "2014",
    "period": "Q3",
    "revenue": 1386000000,
    "costOfRevenue": 807000000,
    "grossProfit": 579000000,
    "grossProfitRatio": 0.4177489177,
    "researchAndDevelopmentExpenses": 28000000,
    "generalAndAdministrativeExpenses": 182000000,
    "sellingAndMarketingExpenses": 120000000,
    "sellingGeneralAndAdministrativeExpenses": 302000000,
    "otherExpenses": 0,
    "operatingExpenses": 330000000,
    "costAndExpenses": 1137000000,
    "interestIncome": 0,
    "interestExpense": 25000000,
    "depreciationAndAmortization": 44000000,
    "ebitda": 294000000,
    "ebitdaratio": 0.2121212121,
    "operatingIncome": 249000000,
    "operatingIncomeRatio": 0.1796536797,
    "totalOtherIncomeExpensesNet": -23000000,
    "incomeBeforeTax": 214000000,
    "incomeBeforeTaxRatio": 0.1544011544,
    "incomeTaxExpense": 75000000,
    "netIncome": 137000000,
    "netIncomeRatio": 0.0988455988,
    "eps": 1.05,
    "epsdiluted": 1.04,
    "weightedAverageShsOut": 129318000,
    "weightedAverageShsOutDil": 131555000,
    "link": "https://www.sec.gov/Archives/edgar/data/21076/000120677414001486/0001206774-14-001486-index.htm",
    "finalLink": "https://www.sec.gov/Archives/edgar/data/21076/000120677414001486/clorox_10q.htm"
  },
  {
    "date": "2013-12-31",
    "symbol": "CLX",
    "reportedCurrency": "USD",
    "cik": "0000021076",
    "fillingDate": "2014-02-05",
    "acceptedDate": "2014-02-05 17:01:13",
    "calendarYear": "2014",
    "period": "Q2",
    "revenue": 1330000000,
    "costOfRevenue": 773000000,
    "grossProfit": 557000000,
    "grossProfitRatio": 0.4187969925,
    "researchAndDevelopmentExpenses": 31000000,
    "generalAndAdministrativeExpenses": 200000000,
    "sellingAndMarketingExpenses": 123000000,
    "sellingGeneralAndAdministrativeExpenses": 323000000,
    "otherExpenses": 0,
    "operatingExpenses": 354000000,
    "costAndExpenses": 1127000000,
    "interestIncome": 0,
    "interestExpense": 26000000,
    "depreciationAndAmortization": 45000000,
    "ebitda": 255000000,
    "ebitdaratio": 0.1917293233,
    "operatingIncome": 203000000,
    "operatingIncomeRatio": 0.1526315789,
    "totalOtherIncomeExpensesNet": -22000000,
    "incomeBeforeTax": 181000000,
    "incomeBeforeTaxRatio": 0.1360902256,
    "incomeTaxExpense": 65000000,
    "netIncome": 115000000,
    "netIncomeRatio": 0.0864661654,
    "eps": 0.89,
    "epsdiluted": 0.87,
    "weightedAverageShsOut": 129836000,
    "weightedAverageShsOutDil": 132278000,
    "link": "https://www.sec.gov/Archives/edgar/data/21076/000120677414000411/0001206774-14-000411-index.htm",
    "finalLink": "https://www.sec.gov/Archives/edgar/data/21076/000120677414000411/clorox_10q.htm"
  },
  {
    "date": "2013-09-30",
    "symbol": "CLX",
    "reportedCurrency": "USD",
    "cik": "0000021076",
    "fillingDate": "2013-11-01",
    "acceptedDate": "2013-11-01 17:03:26",
    "calendarYear": "2014",
    "period": "Q1",
    "revenue": 1364000000,
    "costOfRevenue": 779000000,
    "grossProfit": 585000000,
    "grossProfitRatio": 0.4288856305,
    "researchAndDevelopmentExpenses": 31000000,
    "generalAndAdministrativeExpenses": 198000000,
    "sellingAndMarketingExpenses": 120000000,
    "sellingGeneralAndAdministrativeExpenses": 318000000,
    "otherExpenses": -2000000,
    "operatingExpenses": 349000000,
    "costAndExpenses": 1128000000,
    "interestIncome": 0,
    "interestExpense": 26000000,
    "depreciationAndAmortization": 44000000,
    "ebitda": 234000000,
    "ebitdaratio": 0.1715542522,
    "operatingIncome": 236000000,
    "operatingIncomeRatio": 0.1730205279,
    "totalOtherIncomeExpensesNet": -28000000,
    "incomeBeforeTax": 208000000,
    "incomeBeforeTaxRatio": 0.1524926686,
    "incomeTaxExpense": 71000000,
    "netIncome": 136000000,
    "netIncomeRatio": 0.0997067449,
    "eps": 1.04,
    "epsdiluted": 1.03,
    "weightedAverageShsOut": 130074000,
    "weightedAverageShsOutDil": 132237000,
    "link": "https://www.sec.gov/Archives/edgar/data/21076/000120677413003934/0001206774-13-003934-index.htm",
    "finalLink": "https://www.sec.gov/Archives/edgar/data/21076/000120677413003934/clorox_10q.htm"
  },
  {
    "date": "2013-06-30",
    "symbol": "CLX",
    "reportedCurrency": "USD",
    "cik": "0000021076",
    "fillingDate": "2013-08-23",
    "acceptedDate": "2013-08-23 17:05:34",
    "calendarYear": "2013",
    "period": "Q4",
    "revenue": 1547000000,
    "costOfRevenue": 867000000,
    "grossProfit": 680000000,
    "grossProfitRatio": 0.4395604396,
    "researchAndDevelopmentExpenses": 35000000,
    "generalAndAdministrativeExpenses": 212000000,
    "sellingAndMarketingExpenses": 130000000,
    "sellingGeneralAndAdministrativeExpenses": 342000000,
    "otherExpenses": 0,
    "operatingExpenses": 377000000,
    "costAndExpenses": 1244000000,
    "interestIncome": 3000000,
    "interestExpense": 26000000,
    "depreciationAndAmortization": 46000000,
    "ebitda": 341000000,
    "ebitdaratio": 0.2204266322,
    "operatingIncome": 297000000,
    "operatingIncomeRatio": 0.1919844861,
    "totalOtherIncomeExpensesNet": -28000000,
    "incomeBeforeTax": 269000000,
    "incomeBeforeTaxRatio": 0.1738849386,
    "incomeTaxExpense": 85000000,
    "netIncome": 183000000,
    "netIncomeRatio": 0.1182934712,
    "eps": 1.39,
    "epsdiluted": 1.37,
    "weightedAverageShsOut": 131422000,
    "weightedAverageShsOutDil": 133612000,
    "link": "https://www.sec.gov/Archives/edgar/data/21076/000120677413003034/0001206774-13-003034-index.htm",
    "finalLink": "https://www.sec.gov/Archives/edgar/data/21076/000120677413003034/clorox_10k.htm"
  },
  {
    "date": "2013-03-31",
    "symbol": "CLX",
    "reportedCurrency": "USD",
    "cik": "0000021076",
    "fillingDate": "2013-05-02",
    "acceptedDate": "2013-05-02 17:06:47",
    "calendarYear": "2013",
    "period": "Q3",
    "revenue": 1413000000,
    "costOfRevenue": 818000000,
    "grossProfit": 595000000,
    "grossProfitRatio": 0.4210898797,
    "researchAndDevelopmentExpenses": 34000000,
    "generalAndAdministrativeExpenses": 196000000,
    "sellingAndMarketingExpenses": 132000000,
    "sellingGeneralAndAdministrativeExpenses": 328000000,
    "otherExpenses": -1000000,
    "operatingExpenses": 362000000,
    "costAndExpenses": 1180000000,
    "interestIncome": 0,
    "interestExpense": 30000000,
    "depreciationAndAmortization": 46000000,
    "ebitda": 278000000,
    "ebitdaratio": 0.1967445152,
    "operatingIncome": 233000000,
    "operatingIncomeRatio": 0.1648973815,
    "totalOtherIncomeExpensesNet": -31000000,
    "incomeBeforeTax": 202000000,
    "incomeBeforeTaxRatio": 0.1429582449,
    "incomeTaxExpense": 68000000,
    "netIncome": 133000000,
    "netIncomeRatio": 0.0941259731,
    "eps": 1.01,
    "epsdiluted": 1,
    "weightedAverageShsOut": 131619000,
    "weightedAverageShsOutDil": 133475000,
    "link": "https://www.sec.gov/Archives/edgar/data/21076/000120677413001712/0001206774-13-001712-index.htm",
    "finalLink": "https://www.sec.gov/Archives/edgar/data/21076/000120677413001712/clorox_10q.htm"
  },
  {
    "date": "2012-12-31",
    "symbol": "CLX",
    "reportedCurrency": "USD",
    "cik": "0000021076",
    "fillingDate": "2013-02-05",
    "acceptedDate": "2013-02-05 16:57:36",
    "calendarYear": "2013",
    "period": "Q2",
    "revenue": 1325000000,
    "costOfRevenue": 762000000,
    "grossProfit": 563000000,
    "grossProfitRatio": 0.4249056604,
    "researchAndDevelopmentExpenses": 31000000,
    "generalAndAdministrativeExpenses": 204000000,
    "sellingAndMarketingExpenses": 116000000,
    "sellingGeneralAndAdministrativeExpenses": 320000000,
    "otherExpenses": 0,
    "operatingExpenses": 351000000,
    "costAndExpenses": 1113000000,
    "interestIncome": 0,
    "interestExpense": 33000000,
    "depreciationAndAmortization": 46000000,
    "ebitda": 267000000,
    "ebitdaratio": 0.201509434,
    "operatingIncome": 212000000,
    "operatingIncomeRatio": 0.16,
    "totalOtherIncomeExpensesNet": -24000000,
    "incomeBeforeTax": 188000000,
    "incomeBeforeTaxRatio": 0.1418867925,
    "incomeTaxExpense": 65000000,
    "netIncome": 123000000,
    "netIncomeRatio": 0.0928301887,
    "eps": 0.94,
    "epsdiluted": 0.93,
    "weightedAverageShsOut": 130991000,
    "weightedAverageShsOutDil": 132444000,
    "link": "https://www.sec.gov/Archives/edgar/data/21076/000120677413000474/0001206774-13-000474-index.htm",
    "finalLink": "https://www.sec.gov/Archives/edgar/data/21076/000120677413000474/clorox_10q.htm"
  },
  {
    "date": "2012-09-30",
    "symbol": "CLX",
    "reportedCurrency": "USD",
    "cik": "0000021076",
    "fillingDate": "2012-11-02",
    "acceptedDate": "2012-11-02 17:00:34",
    "calendarYear": "2013",
    "period": "Q1",
    "revenue": 1338000000,
    "costOfRevenue": 764000000,
    "grossProfit": 574000000,
    "grossProfitRatio": 0.4289985052,
    "researchAndDevelopmentExpenses": 30000000,
    "generalAndAdministrativeExpenses": 195000000,
    "sellingAndMarketingExpenses": 122000000,
    "sellingGeneralAndAdministrativeExpenses": 317000000,
    "otherExpenses": 0,
    "operatingExpenses": 347000000,
    "costAndExpenses": 1111000000,
    "interestIncome": 0,
    "interestExpense": 33000000,
    "depreciationAndAmortization": 44000000,
    "ebitda": 269000000,
    "ebitdaratio": 0.2010463378,
    "operatingIncome": 227000000,
    "operatingIncomeRatio": 0.1696562033,
    "totalOtherIncomeExpensesNet": -33000000,
    "incomeBeforeTax": 194000000,
    "incomeBeforeTaxRatio": 0.1449925262,
    "incomeTaxExpense": 61000000,
    "netIncome": 133000000,
    "netIncomeRatio": 0.0994020927,
    "eps": 1.02,
    "epsdiluted": 1.01,
    "weightedAverageShsOut": 130268000,
    "weightedAverageShsOutDil": 131702000,
    "link": "https://www.sec.gov/Archives/edgar/data/21076/000120677412004439/0001206774-12-004439-index.htm",
    "finalLink": "https://www.sec.gov/Archives/edgar/data/21076/000120677412004439/clorox_10q.htm"
  },
  {
    "date": "2012-06-30",
    "symbol": "CLX",
    "reportedCurrency": "USD",
    "cik": "0000021076",
    "fillingDate": "2012-08-24",
    "acceptedDate": "2012-08-24 16:29:04",
    "calendarYear": "2012",
    "period": "Q4",
    "revenue": 1541000000,
    "costOfRevenue": 883000000,
    "grossProfit": 658000000,
    "grossProfitRatio": 0.4269954575,
    "researchAndDevelopmentExpenses": 34000000,
    "generalAndAdministrativeExpenses": 213000000,
    "sellingAndMarketingExpenses": 123000000,
    "sellingGeneralAndAdministrativeExpenses": 336000000,
    "otherExpenses": 0,
    "operatingExpenses": 370000000,
    "costAndExpenses": 1253000000,
    "interestIncome": 0,
    "interestExpense": 33000000,
    "depreciationAndAmortization": 45000000,
    "ebitda": 329000000,
    "ebitdaratio": 0.2134977287,
    "operatingIncome": 288000000,
    "operatingIncomeRatio": 0.1868916288,
    "totalOtherIncomeExpensesNet": -37000000,
    "incomeBeforeTax": 251000000,
    "incomeBeforeTaxRatio": 0.1628812459,
    "incomeTaxExpense": 77000000,
    "netIncome": 174000000,
    "netIncomeRatio": 0.1129136924,
    "eps": 1.34,
    "epsdiluted": 1.32,
    "weightedAverageShsOut": 130061000,
    "weightedAverageShsOutDil": 131395000,
    "link": "https://www.sec.gov/Archives/edgar/data/21076/000120677412003688/0001206774-12-003688-index.htm",
    "finalLink": "https://www.sec.gov/Archives/edgar/data/21076/000120677412003688/clorox_10k.htm"
  },
  {
    "date": "2012-03-31",
    "symbol": "CLX",
    "reportedCurrency": "USD",
    "cik": "0000021076",
    "fillingDate": "2012-05-03",
    "acceptedDate": "2012-05-03 16:43:00",
    "calendarYear": "2012",
    "period": "Q3",
    "revenue": 1401000000,
    "costOfRevenue": 808000000,
    "grossProfit": 593000000,
    "grossProfitRatio": 0.4232690935,
    "researchAndDevelopmentExpenses": 30000000,
    "generalAndAdministrativeExpenses": 211000000,
    "sellingAndMarketingExpenses": 126000000,
    "sellingGeneralAndAdministrativeExpenses": 337000000,
    "otherExpenses": 0,
    "operatingExpenses": 367000000,
    "costAndExpenses": 1175000000,
    "interestIncome": 0,
    "interestExpense": 33000000,
    "depreciationAndAmortization": 44000000,
    "ebitda": 226000000,
    "ebitdaratio": 0.1613133476,
    "operatingIncome": 226000000,
    "operatingIncomeRatio": 0.1613133476,
    "totalOtherIncomeExpensesNet": -28000000,
    "incomeBeforeTax": 198000000,
    "incomeBeforeTaxRatio": 0.1413276231,
    "incomeTaxExpense": 64000000,
    "netIncome": 132000000,
    "netIncomeRatio": 0.0942184154,
    "eps": 1.02,
    "epsdiluted": 1.01,
    "weightedAverageShsOut": 130266000,
    "weightedAverageShsOutDil": 131607000,
    "link": "https://www.sec.gov/Archives/edgar/data/21076/000120677412001869/0001206774-12-001869-index.htm",
    "finalLink": "https://www.sec.gov/Archives/edgar/data/21076/000120677412001869/clorox_10q.htm"
  },
  {
    "date": "2011-12-31",
    "symbol": "CLX",
    "reportedCurrency": "USD",
    "cik": "0000021076",
    "fillingDate": "2012-02-06",
    "acceptedDate": "2012-02-06 16:55:41",
    "calendarYear": "2012",
    "period": "Q2",
    "revenue": 1221000000,
    "costOfRevenue": 714000000,
    "grossProfit": 507000000,
    "grossProfitRatio": 0.4152334152,
    "researchAndDevelopmentExpenses": 29000000,
    "generalAndAdministrativeExpenses": 184000000,
    "sellingAndMarketingExpenses": 115000000,
    "sellingGeneralAndAdministrativeExpenses": 299000000,
    "otherExpenses": 0,
    "operatingExpenses": 328000000,
    "costAndExpenses": 1042000000,
    "interestIncome": 0,
    "interestExpense": 30000000,
    "depreciationAndAmortization": 43000000,
    "ebitda": 191000000,
    "ebitdaratio": 0.1564291564,
    "operatingIncome": 179000000,
    "operatingIncomeRatio": 0.1466011466,
    "totalOtherIncomeExpensesNet": -24000000,
    "incomeBeforeTax": 155000000,
    "incomeBeforeTaxRatio": 0.1269451269,
    "incomeTaxExpense": 50000000,
    "netIncome": 105000000,
    "netIncomeRatio": 0.085995086,
    "eps": 0.79,
    "epsdiluted": 0.79,
    "weightedAverageShsOut": 131112000,
    "weightedAverageShsOutDil": 132358000,
    "link": "https://www.sec.gov/Archives/edgar/data/21076/000120677412000477/0001206774-12-000477-index.htm",
    "finalLink": "https://www.sec.gov/Archives/edgar/data/21076/000120677412000477/clorox_10q.htm"
  },
  {
    "date": "2011-09-30",
    "symbol": "CLX",
    "reportedCurrency": "USD",
    "cik": "0000021076",
    "fillingDate": "2011-11-03",
    "acceptedDate": "2011-11-03 16:09:25",
    "calendarYear": "2012",
    "period": "Q1",
    "revenue": 1305000000,
    "costOfRevenue": 759000000,
    "grossProfit": 546000000,
    "grossProfitRatio": 0.4183908046,
    "researchAndDevelopmentExpenses": 28000000,
    "generalAndAdministrativeExpenses": 190000000,
    "sellingAndMarketingExpenses": 118000000,
    "sellingGeneralAndAdministrativeExpenses": 308000000,
    "otherExpenses": 0,
    "operatingExpenses": 336000000,
    "costAndExpenses": 1095000000,
    "interestIncome": 0,
    "interestExpense": 29000000,
    "depreciationAndAmortization": 46000000,
    "ebitda": 210000000,
    "ebitdaratio": 0.1609195402,
    "operatingIncome": 210000000,
    "operatingIncomeRatio": 0.1609195402,
    "totalOtherIncomeExpensesNet": -23000000,
    "incomeBeforeTax": 187000000,
    "incomeBeforeTaxRatio": 0.1432950192,
    "incomeTaxExpense": 57000000,
    "netIncome": 130000000,
    "netIncomeRatio": 0.0996168582,
    "eps": 0.99,
    "epsdiluted": 0.98,
    "weightedAverageShsOut": 131968000,
    "weightedAverageShsOutDil": 133611000,
    "link": "https://www.sec.gov/Archives/edgar/data/21076/000120677411002394/0001206774-11-002394-index.htm",
    "finalLink": "https://www.sec.gov/Archives/edgar/data/21076/000120677411002394/clorox_10q.htm"
  },
  {
    "date": "2011-06-30",
    "symbol": "CLX",
    "reportedCurrency": "USD",
    "cik": "0000021076",
    "fillingDate": "2011-08-26",
    "acceptedDate": "2011-08-25 18:40:13",
    "calendarYear": "2011",
    "period": "Q4",
    "revenue": 1482000000,
    "costOfRevenue": 837000000,
    "grossProfit": 645000000,
    "grossProfitRatio": 0.4352226721,
    "researchAndDevelopmentExpenses": 29000000,
    "generalAndAdministrativeExpenses": 192000000,
    "sellingAndMarketingExpenses": 142000000,
    "sellingGeneralAndAdministrativeExpenses": 334000000,
    "otherExpenses": 0,
    "operatingExpenses": 363000000,
    "costAndExpenses": 1200000000,
    "interestIncome": 0,
    "interestExpense": 29000000,
    "depreciationAndAmortization": 43000000,
    "ebitda": 326000000,
    "ebitdaratio": 0.2199730094,
    "operatingIncome": 282000000,
    "operatingIncomeRatio": 0.1902834008,
    "totalOtherIncomeExpensesNet": -28000000,
    "incomeBeforeTax": 254000000,
    "incomeBeforeTaxRatio": 0.1713900135,
    "incomeTaxExpense": 85000000,
    "netIncome": 169000000,
    "netIncomeRatio": 0.1140350877,
    "eps": 1.27,
    "epsdiluted": 1.26,
    "weightedAverageShsOut": 132279000,
    "weightedAverageShsOutDil": 133667000,
    "link": "https://www.sec.gov/Archives/edgar/data/21076/000120677411001954/0001206774-11-001954-index.htm",
    "finalLink": "https://www.sec.gov/Archives/edgar/data/21076/000120677411001954/clorox_10k.htm"
  },
  {
    "date": "2011-03-31",
    "symbol": "CLX",
    "reportedCurrency": "USD",
    "cik": "0000021076",
    "fillingDate": "2011-05-04",
    "acceptedDate": "2011-05-04 17:16:23",
    "calendarYear": "2011",
    "period": "Q3",
    "revenue": 1304000000,
    "costOfRevenue": 729000000,
    "grossProfit": 575000000,
    "grossProfitRatio": 0.4409509202,
    "researchAndDevelopmentExpenses": 29000000,
    "generalAndAdministrativeExpenses": 182000000,
    "sellingAndMarketingExpenses": 125000000,
    "sellingGeneralAndAdministrativeExpenses": 307000000,
    "otherExpenses": 0,
    "operatingExpenses": 336000000,
    "costAndExpenses": 1065000000,
    "interestIncome": 0,
    "interestExpense": 29000000,
    "depreciationAndAmortization": 42000000,
    "ebitda": 239000000,
    "ebitdaratio": 0.1832822086,
    "operatingIncome": 239000000,
    "operatingIncomeRatio": 0.1832822086,
    "totalOtherIncomeExpensesNet": -20000000,
    "incomeBeforeTax": 219000000,
    "incomeBeforeTaxRatio": 0.1679447853,
    "incomeTaxExpense": 78000000,
    "netIncome": 151000000,
    "netIncomeRatio": 0.115797546,
    "eps": 1.1,
    "epsdiluted": 1.09,
    "weightedAverageShsOut": 136364000,
    "weightedAverageShsOutDil": 137689000,
    "link": "https://www.sec.gov/Archives/edgar/data/21076/000120677411001126/0001206774-11-001126-index.htm",
    "finalLink": "https://www.sec.gov/Archives/edgar/data/21076/000120677411001126/clorox_10q.htm"
  },
  {
    "date": "2010-12-31",
    "symbol": "CLX",
    "reportedCurrency": "USD",
    "cik": "0000021076",
    "fillingDate": "2011-02-07",
    "acceptedDate": "2011-02-07 16:55:14",
    "calendarYear": "2011",
    "period": "Q2",
    "revenue": 1179000000,
    "costOfRevenue": 687000000,
    "grossProfit": 492000000,
    "grossProfitRatio": 0.417302799,
    "researchAndDevelopmentExpenses": 28000000,
    "generalAndAdministrativeExpenses": 180000000,
    "sellingAndMarketingExpenses": 117000000,
    "sellingGeneralAndAdministrativeExpenses": 297000000,
    "otherExpenses": 0,
    "operatingExpenses": 325000000,
    "costAndExpenses": 1012000000,
    "interestIncome": 0,
    "interestExpense": 33000000,
    "depreciationAndAmortization": 43000000,
    "ebitda": -36000000,
    "ebitdaratio": -0.0305343511,
    "operatingIncome": 167000000,
    "operatingIncomeRatio": 0.1416454623,
    "totalOtherIncomeExpensesNet": 51000000,
    "incomeBeforeTax": -112000000,
    "incomeBeforeTaxRatio": -0.0949957591,
    "incomeTaxExpense": 51000000,
    "netIncome": 21000000,
    "netIncomeRatio": 0.0178117048,
    "eps": 0.15,
    "epsdiluted": 0.15,
    "weightedAverageShsOut": 138678000,
    "weightedAverageShsOutDil": 138678000,
    "link": "https://www.sec.gov/Archives/edgar/data/21076/000120677411000217/0001206774-11-000217-index.htm",
    "finalLink": "https://www.sec.gov/Archives/edgar/data/21076/000120677411000217/clorox_10q.htm"
  },
  {
    "date": "2010-09-30",
    "symbol": "CLX",
    "reportedCurrency": "USD",
    "cik": "0000021076",
    "fillingDate": "2010-11-03",
    "acceptedDate": "2010-11-03 17:13:25",
    "calendarYear": "2011",
    "period": "Q1",
    "revenue": 1266000000,
    "costOfRevenue": 705000000,
    "grossProfit": 561000000,
    "grossProfitRatio": 0.4431279621,
    "researchAndDevelopmentExpenses": 29000000,
    "generalAndAdministrativeExpenses": 181000000,
    "sellingAndMarketingExpenses": 118000000,
    "sellingGeneralAndAdministrativeExpenses": 299000000,
    "otherExpenses": 0,
    "operatingExpenses": 327000000,
    "costAndExpenses": 1032000000,
    "interestIncome": 0,
    "interestExpense": 32000000,
    "depreciationAndAmortization": 45000000,
    "ebitda": 234000000,
    "ebitdaratio": 0.1848341232,
    "operatingIncome": 233000000,
    "operatingIncomeRatio": 0.1840442338,
    "totalOtherIncomeExpensesNet": -31000000,
    "incomeBeforeTax": 202000000,
    "incomeBeforeTaxRatio": 0.1595576619,
    "incomeTaxExpense": 62000000,
    "netIncome": 216000000,
    "netIncomeRatio": 0.1706161137,
    "eps": 1.54,
    "epsdiluted": 1.52,
    "weightedAverageShsOut": 139475000,
    "weightedAverageShsOutDil": 140932000,
    "link": "https://www.sec.gov/Archives/edgar/data/21076/000120677410002296/0001206774-10-002296-index.htm",
    "finalLink": "https://www.sec.gov/Archives/edgar/data/21076/000120677410002296/clorox_10q.htm"
  },
  {
    "date": "2010-06-30",
    "symbol": "CLX",
    "reportedCurrency": "USD",
    "cik": "0000021076",
    "fillingDate": "2010-08-26",
    "acceptedDate": "2010-08-25 20:29:57",
    "calendarYear": "2010",
    "period": "Q4",
    "revenue": 1517000000,
    "costOfRevenue": 837000000,
    "grossProfit": 680000000,
    "grossProfitRatio": 0.4482531312,
    "researchAndDevelopmentExpenses": 33000000,
    "generalAndAdministrativeExpenses": 203000000,
    "sellingAndMarketingExpenses": 137000000,
    "sellingGeneralAndAdministrativeExpenses": 340000000,
    "otherExpenses": 0,
    "operatingExpenses": 373000000,
    "costAndExpenses": 1210000000,
    "interestIncome": 0,
    "interestExpense": 32000000,
    "depreciationAndAmortization": 46000000,
    "ebitda": 353000000,
    "ebitdaratio": 0.2326961107,
    "operatingIncome": 307000000,
    "operatingIncomeRatio": 0.2023731048,
    "totalOtherIncomeExpensesNet": -32000000,
    "incomeBeforeTax": 275000000,
    "incomeBeforeTaxRatio": 0.1812788398,
    "incomeTaxExpense": 104000000,
    "netIncome": 171000000,
    "netIncomeRatio": 0.1127224786,
    "eps": 1.22,
    "epsdiluted": 1.2,
    "weightedAverageShsOut": 140278000,
    "weightedAverageShsOutDil": 141609000,
    "link": "https://www.sec.gov/Archives/edgar/data/21076/000120677410001891/0001206774-10-001891-index.htm",
    "finalLink": "https://www.sec.gov/Archives/edgar/data/21076/000120677410001891/clorox_10k.htm"
  },
  {
    "date": "2010-03-31",
    "symbol": "CLX",
    "reportedCurrency": "USD",
    "cik": "0000021076",
    "fillingDate": "2010-05-04",
    "acceptedDate": "2010-05-04 16:17:37",
    "calendarYear": "2010",
    "period": "Q3",
    "revenue": 1366000000,
    "costOfRevenue": 749000000,
    "grossProfit": 617000000,
    "grossProfitRatio": 0.4516837482,
    "researchAndDevelopmentExpenses": 30000000,
    "generalAndAdministrativeExpenses": 182000000,
    "sellingAndMarketingExpenses": 127000000,
    "sellingGeneralAndAdministrativeExpenses": 309000000,
    "otherExpenses": 0,
    "operatingExpenses": 339000000,
    "costAndExpenses": 1088000000,
    "interestIncome": 0,
    "interestExpense": 34000000,
    "depreciationAndAmortization": 44000000,
    "ebitda": 287000000,
    "ebitdaratio": 0.210102489,
    "operatingIncome": 278000000,
    "operatingIncomeRatio": 0.2035139092,
    "totalOtherIncomeExpensesNet": -1000000,
    "incomeBeforeTax": 243000000,
    "incomeBeforeTaxRatio": 0.1778916545,
    "incomeTaxExpense": 78000000,
    "netIncome": 165000000,
    "netIncomeRatio": 0.1207906296,
    "eps": 1.17,
    "epsdiluted": 1.16,
    "weightedAverageShsOut": 140764000,
    "weightedAverageShsOutDil": 140764000,
    "link": "https://www.sec.gov/Archives/edgar/data/21076/000120677410001178/0001206774-10-001178-index.htm",
    "finalLink": "https://www.sec.gov/Archives/edgar/data/21076/000120677410001178/clorox_10q.htm"
  },
  {
    "date": "2009-12-31",
    "symbol": "CLX",
    "reportedCurrency": "USD",
    "cik": "0000021076",
    "fillingDate": "2010-02-05",
    "acceptedDate": "2010-02-05 16:40:01",
    "calendarYear": "2010",
    "period": "Q2",
    "revenue": 1279000000,
    "costOfRevenue": 718000000,
    "grossProfit": 561000000,
    "grossProfitRatio": 0.4386239249,
    "researchAndDevelopmentExpenses": 29000000,
    "generalAndAdministrativeExpenses": 187000000,
    "sellingAndMarketingExpenses": 127000000,
    "sellingGeneralAndAdministrativeExpenses": 314000000,
    "otherExpenses": 0,
    "operatingExpenses": 343000000,
    "costAndExpenses": 1061000000,
    "interestIncome": 0,
    "interestExpense": 37000000,
    "depreciationAndAmortization": 47000000,
    "ebitda": 220000000,
    "ebitdaratio": 0.1720093823,
    "operatingIncome": 218000000,
    "operatingIncomeRatio": 0.1704456607,
    "totalOtherIncomeExpensesNet": -29000000,
    "incomeBeforeTax": 163000000,
    "incomeBeforeTaxRatio": 0.1274433151,
    "incomeTaxExpense": 53000000,
    "netIncome": 110000000,
    "netIncomeRatio": 0.0860046912,
    "eps": 0.78,
    "epsdiluted": 0.77,
    "weightedAverageShsOut": 140303000,
    "weightedAverageShsOutDil": 141528000,
    "link": "https://www.sec.gov/Archives/edgar/data/21076/000120677410000241/0001206774-10-000241-index.htm",
    "finalLink": "https://www.sec.gov/Archives/edgar/data/21076/000120677410000241/clorox_10q.htm"
  },
  {
    "date": "2009-09-30",
    "symbol": "CLX",
    "reportedCurrency": "USD",
    "cik": "0000021076",
    "fillingDate": "2009-11-03",
    "acceptedDate": "2009-11-03 17:13:33",
    "calendarYear": "2010",
    "period": "Q1",
    "revenue": 1372000000,
    "costOfRevenue": 753000000,
    "grossProfit": 619000000,
    "grossProfitRatio": 0.4511661808,
    "researchAndDevelopmentExpenses": 27000000,
    "generalAndAdministrativeExpenses": 175000000,
    "sellingAndMarketingExpenses": 127000000,
    "sellingGeneralAndAdministrativeExpenses": 302000000,
    "otherExpenses": 0,
    "operatingExpenses": 337000000,
    "costAndExpenses": 1090000000,
    "interestIncome": 0,
    "interestExpense": 36000000,
    "depreciationAndAmortization": 48000000,
    "ebitda": 301000000,
    "ebitdaratio": 0.2193877551,
    "operatingIncome": 290000000,
    "operatingIncomeRatio": 0.2113702624,
    "totalOtherIncomeExpensesNet": -19000000,
    "incomeBeforeTax": 244000000,
    "incomeBeforeTaxRatio": 0.1778425656,
    "incomeTaxExpense": 87000000,
    "netIncome": 157000000,
    "netIncomeRatio": 0.1144314869,
    "eps": 1.12,
    "epsdiluted": 1.11,
    "weightedAverageShsOut": 139743000,
    "weightedAverageShsOutDil": 140861000,
    "link": "https://www.sec.gov/Archives/edgar/data/21076/000120677409002024/0001206774-09-002024-index.htm",
    "finalLink": "https://www.sec.gov/Archives/edgar/data/21076/000120677409002024/clorox_10q.htm"
  },
  {
    "date": "2009-06-30",
    "symbol": "CLX",
    "reportedCurrency": "USD",
    "cik": "0000021076",
    "fillingDate": "2009-08-25",
    "acceptedDate": "2009-08-25 16:14:31",
    "calendarYear": "2009",
    "period": "Q4",
    "revenue": 1500000000,
    "costOfRevenue": 813000000,
    "grossProfit": 687000000,
    "grossProfitRatio": 0.458,
    "researchAndDevelopmentExpenses": 33000000,
    "generalAndAdministrativeExpenses": 185000000,
    "sellingAndMarketingExpenses": 148000000,
    "sellingGeneralAndAdministrativeExpenses": 333000000,
    "otherExpenses": 0,
    "operatingExpenses": 366000000,
    "costAndExpenses": 1179000000,
    "interestIncome": 4000000,
    "interestExpense": 36000000,
    "depreciationAndAmortization": 48000000,
    "ebitda": 381000000,
    "ebitdaratio": 0.254,
    "operatingIncome": 321000000,
    "operatingIncomeRatio": 0.214,
    "totalOtherIncomeExpensesNet": -60000000,
    "incomeBeforeTax": 261000000,
    "incomeBeforeTaxRatio": 0.174,
    "incomeTaxExpense": 91000000,
    "netIncome": 170000000,
    "netIncomeRatio": 0.1133333333,
    "eps": 1.21,
    "epsdiluted": 1.2,
    "weightedAverageShsOut": 139303000,
    "weightedAverageShsOutDil": 140442000,
    "link": "https://www.sec.gov/Archives/edgar/data/21076/000120677409001622/0001206774-09-001622-index.htm",
    "finalLink": "https://www.sec.gov/Archives/edgar/data/21076/000120677409001622/clorox_10k.htm"
  },
  {
    "date": "2009-03-31",
    "symbol": "CLX",
    "reportedCurrency": "USD",
    "cik": "0000021076",
    "fillingDate": "2009-05-04",
    "acceptedDate": "2009-05-04 16:15:27",
    "calendarYear": "2009",
    "period": "Q3",
    "revenue": 1350000000,
    "costOfRevenue": 739000000,
    "grossProfit": 611000000,
    "grossProfitRatio": 0.4525925926,
    "researchAndDevelopmentExpenses": 27000000,
    "generalAndAdministrativeExpenses": 174000000,
    "sellingAndMarketingExpenses": 125000000,
    "sellingGeneralAndAdministrativeExpenses": 299000000,
    "otherExpenses": 0,
    "operatingExpenses": 326000000,
    "costAndExpenses": 1065000000,
    "interestIncome": 0,
    "interestExpense": 39000000,
    "depreciationAndAmortization": 49000000,
    "ebitda": 321000000,
    "ebitdaratio": 0.2377777778,
    "operatingIncome": 285000000,
    "operatingIncomeRatio": 0.2111111111,
    "totalOtherIncomeExpensesNet": -52000000,
    "incomeBeforeTax": 233000000,
    "incomeBeforeTaxRatio": 0.1725925926,
    "incomeTaxExpense": 80000000,
    "netIncome": 153000000,
    "netIncomeRatio": 0.1133333333,
    "eps": 1.08,
    "epsdiluted": 1.08,
    "weightedAverageShsOut": 139213000,
    "weightedAverageShsOutDil": 140002000,
    "link": "https://www.sec.gov/Archives/edgar/data/21076/000120677409000950/0001206774-09-000950-index.htm",
    "finalLink": "https://www.sec.gov/Archives/edgar/data/21076/000120677409000950/clorox_10q.htm"
  },
  {
    "date": "2008-12-31",
    "symbol": "CLX",
    "reportedCurrency": "USD",
    "cik": "0000021076",
    "fillingDate": "2009-02-05",
    "acceptedDate": "2009-02-05 16:30:26",
    "calendarYear": "2009",
    "period": "Q2",
    "revenue": 1216000000,
    "costOfRevenue": 730000000,
    "grossProfit": 486000000,
    "grossProfitRatio": 0.3996710526,
    "researchAndDevelopmentExpenses": 27000000,
    "generalAndAdministrativeExpenses": 172000000,
    "sellingAndMarketingExpenses": 107000000,
    "sellingGeneralAndAdministrativeExpenses": 279000000,
    "otherExpenses": 0,
    "operatingExpenses": 306000000,
    "costAndExpenses": 1036000000,
    "interestIncome": 0,
    "interestExpense": 46000000,
    "depreciationAndAmortization": 46000000,
    "ebitda": 231000000,
    "ebitdaratio": 0.1899671053,
    "operatingIncome": 180000000,
    "operatingIncomeRatio": 0.1480263158,
    "totalOtherIncomeExpensesNet": -49000000,
    "incomeBeforeTax": 131000000,
    "incomeBeforeTaxRatio": 0.1077302632,
    "incomeTaxExpense": 45000000,
    "netIncome": 86000000,
    "netIncomeRatio": 0.0707236842,
    "eps": 0.62,
    "epsdiluted": 0.61,
    "weightedAverageShsOut": 139086000,
    "weightedAverageShsOutDil": 140349000,
    "link": "https://www.sec.gov/Archives/edgar/data/21076/000120677409000183/0001206774-09-000183-index.htm",
    "finalLink": "https://www.sec.gov/Archives/edgar/data/21076/000120677409000183/clorox_10q.htm"
  },
  {
    "date": "2008-09-30",
    "symbol": "CLX",
    "reportedCurrency": "USD",
    "cik": "0000021076",
    "fillingDate": "2008-11-03",
    "acceptedDate": "2008-11-03 16:30:32",
    "calendarYear": "2009",
    "period": "Q1",
    "revenue": 1384000000,
    "costOfRevenue": 822000000,
    "grossProfit": 562000000,
    "grossProfitRatio": 0.4060693642,
    "researchAndDevelopmentExpenses": 27000000,
    "generalAndAdministrativeExpenses": 184000000,
    "sellingAndMarketingExpenses": 119000000,
    "sellingGeneralAndAdministrativeExpenses": 303000000,
    "otherExpenses": 0,
    "operatingExpenses": 330000000,
    "costAndExpenses": 1152000000,
    "interestIncome": 0,
    "interestExpense": 42000000,
    "depreciationAndAmortization": 47000000,
    "ebitda": 283000000,
    "ebitdaratio": 0.2044797688,
    "operatingIncome": 232000000,
    "operatingIncomeRatio": 0.1676300578,
    "totalOtherIncomeExpensesNet": -46000000,
    "incomeBeforeTax": 186000000,
    "incomeBeforeTaxRatio": 0.1343930636,
    "incomeTaxExpense": 58000000,
    "netIncome": 128000000,
    "netIncomeRatio": 0.0924855491,
    "eps": 0.91,
    "epsdiluted": 0.9,
    "weightedAverageShsOut": 138457000,
    "weightedAverageShsOutDil": 139860000,
    "link": "https://www.sec.gov/Archives/edgar/data/21076/000120677408001762/0001206774-08-001762-index.htm",
    "finalLink": "https://www.sec.gov/Archives/edgar/data/21076/000120677408001762/clorox_10q.htm"
  },
  {
    "date": "2008-06-30",
    "symbol": "CLX",
    "reportedCurrency": "USD",
    "cik": "0000021076",
    "fillingDate": "2008-08-19",
    "acceptedDate": "2008-08-18 21:00:40",
    "calendarYear": "2008",
    "period": "Q4",
    "revenue": 1495000000,
    "costOfRevenue": 865000000,
    "grossProfit": 630000000,
    "grossProfitRatio": 0.4214046823,
    "researchAndDevelopmentExpenses": 33000000,
    "generalAndAdministrativeExpenses": 185000000,
    "sellingAndMarketingExpenses": 136000000,
    "sellingGeneralAndAdministrativeExpenses": 321000000,
    "otherExpenses": 0,
    "operatingExpenses": 354000000,
    "costAndExpenses": 1219000000,
    "interestIncome": 0,
    "interestExpense": 0,
    "depreciationAndAmortization": 51000000,
    "ebitda": 327000000,
    "ebitdaratio": 0.218729097,
    "operatingIncome": 276000000,
    "operatingIncomeRatio": 0.1846153846,
    "totalOtherIncomeExpensesNet": -36000000,
    "incomeBeforeTax": 240000000,
    "incomeBeforeTaxRatio": 0.1605351171,
    "incomeTaxExpense": 82000000,
    "netIncome": 158000000,
    "netIncomeRatio": 0.1056856187,
    "eps": 1.14,
    "epsdiluted": 1.12,
    "weightedAverageShsOut": 137995000,
    "weightedAverageShsOutDil": 140777000,
    "link": "https://www.sec.gov/Archives/edgar/data/21076/000119312508180293/0001193125-08-180293-index.htm",
    "finalLink": "https://www.sec.gov/Archives/edgar/data/21076/000119312508180293/d10k.htm"
  },
  {
    "date": "2008-03-31",
    "symbol": "CLX",
    "reportedCurrency": "USD",
    "cik": "0000021076",
    "fillingDate": "2008-05-02",
    "acceptedDate": "2008-05-02 17:02:35",
    "calendarYear": "2008",
    "period": "Q3",
    "revenue": 1353000000,
    "costOfRevenue": 815000000,
    "grossProfit": 538000000,
    "grossProfitRatio": 0.3976348854,
    "researchAndDevelopmentExpenses": 27000000,
    "generalAndAdministrativeExpenses": 182000000,
    "sellingAndMarketingExpenses": 123000000,
    "sellingGeneralAndAdministrativeExpenses": 305000000,
    "otherExpenses": 0,
    "operatingExpenses": 332000000,
    "costAndExpenses": 1147000000,
    "interestIncome": 0,
    "interestExpense": 0,
    "depreciationAndAmortization": 56000000,
    "ebitda": 262000000,
    "ebitdaratio": 0.1936437546,
    "operatingIncome": 206000000,
    "operatingIncomeRatio": 0.1522542498,
    "totalOtherIncomeExpensesNet": -55000000,
    "incomeBeforeTax": 151000000,
    "incomeBeforeTaxRatio": 0.1116038433,
    "incomeTaxExpense": 51000000,
    "netIncome": 100000000,
    "netIncomeRatio": 0.07390983,
    "eps": 0.72,
    "epsdiluted": 0.71,
    "weightedAverageShsOut": 138008000,
    "weightedAverageShsOutDil": 140300000,
    "link": "https://www.sec.gov/Archives/edgar/data/21076/000119312508100867/0001193125-08-100867-index.htm",
    "finalLink": "https://www.sec.gov/Archives/edgar/data/21076/000119312508100867/d10q.htm"
  },
  {
    "date": "2007-12-31",
    "symbol": "CLX",
    "reportedCurrency": "USD",
    "cik": "0000021076",
    "fillingDate": "2008-02-04",
    "acceptedDate": "2008-02-04 16:01:12",
    "calendarYear": "2008",
    "period": "Q2",
    "revenue": 1186000000,
    "costOfRevenue": 707000000,
    "grossProfit": 479000000,
    "grossProfitRatio": 0.4038785835,
    "researchAndDevelopmentExpenses": 28000000,
    "generalAndAdministrativeExpenses": 168000000,
    "sellingAndMarketingExpenses": 109000000,
    "sellingGeneralAndAdministrativeExpenses": 277000000,
    "otherExpenses": 0,
    "operatingExpenses": 305000000,
    "costAndExpenses": 1012000000,
    "interestIncome": 0,
    "interestExpense": 0,
    "depreciationAndAmortization": 50000000,
    "ebitda": 224000000,
    "ebitdaratio": 0.1888701518,
    "operatingIncome": 174000000,
    "operatingIncomeRatio": 0.1467116358,
    "totalOtherIncomeExpensesNet": -46000000,
    "incomeBeforeTax": 128000000,
    "incomeBeforeTaxRatio": 0.107925801,
    "incomeTaxExpense": 36000000,
    "netIncome": 92000000,
    "netIncomeRatio": 0.0775716695,
    "eps": 0.66,
    "epsdiluted": 0.65,
    "weightedAverageShsOut": 138750000,
    "weightedAverageShsOutDil": 141026000,
    "link": "https://www.sec.gov/Archives/edgar/data/21076/000119312508019111/0001193125-08-019111-index.htm",
    "finalLink": "https://www.sec.gov/Archives/edgar/data/21076/000119312508019111/d10q.htm"
  },
  {
    "date": "2007-09-30",
    "symbol": "CLX",
    "reportedCurrency": "USD",
    "cik": "0000021076",
    "fillingDate": "2007-11-01",
    "acceptedDate": "2007-11-01 17:04:08",
    "calendarYear": "2008",
    "period": "Q1",
    "revenue": 1239000000,
    "costOfRevenue": 711000000,
    "grossProfit": 528000000,
    "grossProfitRatio": 0.4261501211,
    "researchAndDevelopmentExpenses": 23000000,
    "generalAndAdministrativeExpenses": 155000000,
    "sellingAndMarketingExpenses": 118000000,
    "sellingGeneralAndAdministrativeExpenses": 273000000,
    "otherExpenses": 0,
    "operatingExpenses": 296000000,
    "costAndExpenses": 1007000000,
    "interestIncome": 0,
    "interestExpense": 33000000,
    "depreciationAndAmortization": 48000000,
    "ebitda": 280000000,
    "ebitdaratio": 0.2259887006,
    "operatingIncome": 232000000,
    "operatingIncomeRatio": 0.1872477805,
    "totalOtherIncomeExpensesNet": -58000000,
    "incomeBeforeTax": 174000000,
    "incomeBeforeTaxRatio": 0.1404358354,
    "incomeTaxExpense": 63000000,
    "netIncome": 111000000,
    "netIncomeRatio": 0.0895883777,
    "eps": 0.77,
    "epsdiluted": 0.76,
    "weightedAverageShsOut": 143778000,
    "weightedAverageShsOutDil": 146127000,
    "link": "https://www.sec.gov/Archives/edgar/data/21076/000119312507232627/0001193125-07-232627-index.htm",
    "finalLink": "https://www.sec.gov/Archives/edgar/data/21076/000119312507232627/d10q.htm"
  },
  {
    "date": "2007-06-30",
    "symbol": "CLX",
    "reportedCurrency": "USD",
    "cik": "0000021076",
    "fillingDate": "2007-08-24",
    "acceptedDate": "2007-08-24 17:09:35",
    "calendarYear": "2007",
    "period": "Q4",
    "revenue": 1344000000,
    "costOfRevenue": 750000000,
    "grossProfit": 594000000,
    "grossProfitRatio": 0.4419642857,
    "researchAndDevelopmentExpenses": 29000000,
    "generalAndAdministrativeExpenses": 165000000,
    "sellingAndMarketingExpenses": 127000000,
    "sellingGeneralAndAdministrativeExpenses": 292000000,
    "otherExpenses": 0,
    "operatingExpenses": 321000000,
    "costAndExpenses": 1071000000,
    "interestIncome": 0,
    "interestExpense": 0,
    "depreciationAndAmortization": 49000000,
    "ebitda": 322000000,
    "ebitdaratio": 0.2395833333,
    "operatingIncome": 273000000,
    "operatingIncomeRatio": 0.203125,
    "totalOtherIncomeExpensesNet": -34000000,
    "incomeBeforeTax": 239000000,
    "incomeBeforeTaxRatio": 0.177827381,
    "incomeTaxExpense": 75000000,
    "netIncome": 164000000,
    "netIncomeRatio": 0.1220238095,
    "eps": 1.08,
    "epsdiluted": 1.07,
    "weightedAverageShsOut": 151757000,
    "weightedAverageShsOutDil": 154274000,
    "link": "https://www.sec.gov/Archives/edgar/data/21076/000089161807000521/0000891618-07-000521-index.htm",
    "finalLink": "https://www.sec.gov/Archives/edgar/data/21076/000089161807000521/f31205e10vk.htm"
  },
  {
    "date": "2007-03-31",
    "symbol": "CLX",
    "reportedCurrency": "USD",
    "cik": "0000021076",
    "fillingDate": "2007-05-04",
    "acceptedDate": "2007-05-04 16:46:13",
    "calendarYear": "2007",
    "period": "Q3",
    "revenue": 1241000000,
    "costOfRevenue": 704000000,
    "grossProfit": 537000000,
    "grossProfitRatio": 0.432715552,
    "researchAndDevelopmentExpenses": 26000000,
    "generalAndAdministrativeExpenses": 162000000,
    "sellingAndMarketingExpenses": 121000000,
    "sellingGeneralAndAdministrativeExpenses": 283000000,
    "otherExpenses": 0,
    "operatingExpenses": 309000000,
    "costAndExpenses": 1013000000,
    "interestIncome": 0,
    "interestExpense": 0,
    "depreciationAndAmortization": 48000000,
    "ebitda": 276000000,
    "ebitdaratio": 0.2224012893,
    "operatingIncome": 228000000,
    "operatingIncomeRatio": 0.1837228042,
    "totalOtherIncomeExpensesNet": -35000000,
    "incomeBeforeTax": 193000000,
    "incomeBeforeTaxRatio": 0.1555197421,
    "incomeTaxExpense": 64000000,
    "netIncome": 129000000,
    "netIncomeRatio": 0.1039484287,
    "eps": 0.85,
    "epsdiluted": 0.84,
    "weightedAverageShsOut": 151469000,
    "weightedAverageShsOutDil": 153970000,
    "link": "https://www.sec.gov/Archives/edgar/data/21076/000095013407010262/0000950134-07-010262-index.htm",
    "finalLink": "https://www.sec.gov/Archives/edgar/data/21076/000095013407010262/f29843e10vq.htm"
  },
  {
    "date": "2006-12-31",
    "symbol": "CLX",
    "reportedCurrency": "USD",
    "cik": "0000021076",
    "fillingDate": "2007-02-05",
    "acceptedDate": "2007-02-05 16:01:31",
    "calendarYear": "2007",
    "period": "Q2",
    "revenue": 1101000000,
    "costOfRevenue": 639000000,
    "grossProfit": 462000000,
    "grossProfitRatio": 0.4196185286,
    "researchAndDevelopmentExpenses": 27000000,
    "generalAndAdministrativeExpenses": 162000000,
    "sellingAndMarketingExpenses": 109000000,
    "sellingGeneralAndAdministrativeExpenses": 271000000,
    "otherExpenses": 0,
    "operatingExpenses": 298000000,
    "costAndExpenses": 937000000,
    "interestIncome": 0,
    "interestExpense": 0,
    "depreciationAndAmortization": 49000000,
    "ebitda": 213000000,
    "ebitdaratio": 0.1934604905,
    "operatingIncome": 164000000,
    "operatingIncomeRatio": 0.148955495,
    "totalOtherIncomeExpensesNet": -28000000,
    "incomeBeforeTax": 136000000,
    "incomeBeforeTaxRatio": 0.123524069,
    "incomeTaxExpense": 45000000,
    "netIncome": 96000000,
    "netIncomeRatio": 0.0871934605,
    "eps": 0.63,
    "epsdiluted": 0.62,
    "weightedAverageShsOut": 151413000,
    "weightedAverageShsOutDil": 153885000,
    "link": "https://www.sec.gov/Archives/edgar/data/21076/000095013407002012/0000950134-07-002012-index.htm",
    "finalLink": "https://www.sec.gov/Archives/edgar/data/21076/000095013407002012/f26991e10vq.htm"
  },
  {
    "date": "2006-09-30",
    "symbol": "CLX",
    "reportedCurrency": "USD",
    "cik": "0000021076",
    "fillingDate": "2006-11-03",
    "acceptedDate": "2006-11-03 16:09:10",
    "calendarYear": "2007",
    "period": "Q1",
    "revenue": 1161000000,
    "costOfRevenue": 663000000,
    "grossProfit": 498000000,
    "grossProfitRatio": 0.4289405685,
    "researchAndDevelopmentExpenses": 26000000,
    "generalAndAdministrativeExpenses": 153000000,
    "sellingAndMarketingExpenses": 117000000,
    "sellingGeneralAndAdministrativeExpenses": 270000000,
    "otherExpenses": 0,
    "operatingExpenses": 296000000,
    "costAndExpenses": 959000000,
    "interestIncome": 0,
    "interestExpense": 0,
    "depreciationAndAmortization": 46000000,
    "ebitda": 248000000,
    "ebitdaratio": 0.2136089578,
    "operatingIncome": 202000000,
    "operatingIncomeRatio": 0.1739879414,
    "totalOtherIncomeExpensesNet": -27000000,
    "incomeBeforeTax": 175000000,
    "incomeBeforeTaxRatio": 0.1507321275,
    "incomeTaxExpense": 63000000,
    "netIncome": 112000000,
    "netIncomeRatio": 0.0964685616,
    "eps": 0.74,
    "epsdiluted": 0.73,
    "weightedAverageShsOut": 151143000,
    "weightedAverageShsOutDil": 153568000,
    "link": "https://www.sec.gov/Archives/edgar/data/21076/000095013406020431/0000950134-06-020431-index.htm",
    "finalLink": "https://www.sec.gov/Archives/edgar/data/21076/000095013406020431/f24733e10vq.htm"
  },
  {
    "date": "2006-06-30",
    "symbol": "CLX",
    "reportedCurrency": "USD",
    "cik": "0000021076",
    "fillingDate": "2006-08-25",
    "acceptedDate": "2006-08-25 17:18:45",
    "calendarYear": "2006",
    "period": "Q4",
    "revenue": 1319000000,
    "costOfRevenue": 742000000,
    "grossProfit": 577000000,
    "grossProfitRatio": 0.4374526156,
    "researchAndDevelopmentExpenses": 26000000,
    "generalAndAdministrativeExpenses": 186000000,
    "sellingAndMarketingExpenses": 126000000,
    "sellingGeneralAndAdministrativeExpenses": 312000000,
    "otherExpenses": 0,
    "operatingExpenses": 338000000,
    "costAndExpenses": 1080000000,
    "interestIncome": 0,
    "interestExpense": 0,
    "depreciationAndAmortization": 50000000,
    "ebitda": 289000000,
    "ebitdaratio": 0.2191053829,
    "operatingIncome": 239000000,
    "operatingIncomeRatio": 0.1811978772,
    "totalOtherIncomeExpensesNet": -28000000,
    "incomeBeforeTax": 211000000,
    "incomeBeforeTaxRatio": 0.159969674,
    "incomeTaxExpense": 69000000,
    "netIncome": 142000000,
    "netIncomeRatio": 0.1076573161,
    "eps": 0.94,
    "epsdiluted": 0.92,
    "weightedAverageShsOut": 150902000,
    "weightedAverageShsOutDil": 153691000,
    "link": "https://www.sec.gov/Archives/edgar/data/21076/000095013406016835/0000950134-06-016835-index.htm",
    "finalLink": "https://www.sec.gov/Archives/edgar/data/21076/000095013406016835/f23136e10vk.htm"
  },
  {
    "date": "2006-03-31",
    "symbol": "CLX",
    "reportedCurrency": "USD",
    "cik": "0000021076",
    "fillingDate": "2006-05-04",
    "acceptedDate": "2006-05-04 16:22:26",
    "calendarYear": "2006",
    "period": "Q3",
    "revenue": 1157000000,
    "costOfRevenue": 677000000,
    "grossProfit": 480000000,
    "grossProfitRatio": 0.4148660328,
    "researchAndDevelopmentExpenses": 25000000,
    "generalAndAdministrativeExpenses": 140000000,
    "sellingAndMarketingExpenses": 112000000,
    "sellingGeneralAndAdministrativeExpenses": 252000000,
    "otherExpenses": 0,
    "operatingExpenses": 277000000,
    "costAndExpenses": 954000000,
    "interestIncome": 0,
    "interestExpense": 0,
    "depreciationAndAmortization": 46000000,
    "ebitda": 249000000,
    "ebitdaratio": 0.2152117545,
    "operatingIncome": 203000000,
    "operatingIncomeRatio": 0.1754537597,
    "totalOtherIncomeExpensesNet": -35000000,
    "incomeBeforeTax": 168000000,
    "incomeBeforeTaxRatio": 0.1452031115,
    "incomeTaxExpense": 58000000,
    "netIncome": 110000000,
    "netIncomeRatio": 0.0950734659,
    "eps": 0.73,
    "epsdiluted": 0.72,
    "weightedAverageShsOut": 150364000,
    "weightedAverageShsOutDil": 152905000,
    "link": "https://www.sec.gov/Archives/edgar/data/21076/000095013406008775/0000950134-06-008775-index.htm",
    "finalLink": "https://www.sec.gov/Archives/edgar/data/21076/000095013406008775/f19846e10vq.htm"
  },
  {
    "date": "2005-12-31",
    "symbol": "CLX",
    "reportedCurrency": "USD",
    "cik": "0000021076",
    "fillingDate": "2006-02-03",
    "acceptedDate": "2006-02-03 16:38:16",
    "calendarYear": "2006",
    "period": "Q2",
    "revenue": 1064000000,
    "costOfRevenue": 628000000,
    "grossProfit": 436000000,
    "grossProfitRatio": 0.4097744361,
    "researchAndDevelopmentExpenses": 25000000,
    "generalAndAdministrativeExpenses": 161000000,
    "sellingAndMarketingExpenses": 99000000,
    "sellingGeneralAndAdministrativeExpenses": 260000000,
    "otherExpenses": 31000000,
    "operatingExpenses": 316000000,
    "costAndExpenses": 944000000,
    "interestIncome": 0,
    "interestExpense": 32000000,
    "depreciationAndAmortization": 38000000,
    "ebitda": 158000000,
    "ebitdaratio": 0.1484962406,
    "operatingIncome": 120000000,
    "operatingIncomeRatio": 0.1127819549,
    "totalOtherIncomeExpensesNet": 37000000,
    "incomeBeforeTax": 120000000,
    "incomeBeforeTaxRatio": 0.1127819549,
    "incomeTaxExpense": 37000000,
    "netIncome": 83000000,
    "netIncomeRatio": 0.0780075188,
    "eps": 0.56,
    "epsdiluted": 0.55,
    "weightedAverageShsOut": 150080000,
    "weightedAverageShsOutDil": 152264000,
    "link": "https://www.sec.gov/Archives/edgar/data/21076/000095013406001840/0000950134-06-001840-index.htm",
    "finalLink": "https://www.sec.gov/Archives/edgar/data/21076/000095013406001840/f16923e10vq.htm"
  },
  {
    "date": "2005-09-30",
    "symbol": "CLX",
    "reportedCurrency": "USD",
    "cik": "0000021076",
    "fillingDate": "2005-11-04",
    "acceptedDate": "2005-11-04 16:51:51",
    "calendarYear": "2006",
    "period": "Q1",
    "revenue": 1104000000,
    "costOfRevenue": 638000000,
    "grossProfit": 466000000,
    "grossProfitRatio": 0.4221014493,
    "researchAndDevelopmentExpenses": 23000000,
    "generalAndAdministrativeExpenses": 144000000,
    "sellingAndMarketingExpenses": 113000000,
    "sellingGeneralAndAdministrativeExpenses": 257000000,
    "otherExpenses": 0,
    "operatingExpenses": 280000000,
    "costAndExpenses": 918000000,
    "interestIncome": 0,
    "interestExpense": 30000000,
    "depreciationAndAmortization": 54000000,
    "ebitda": 240000000,
    "ebitdaratio": 0.2173913043,
    "operatingIncome": 186000000,
    "operatingIncomeRatio": 0.1684782609,
    "totalOtherIncomeExpensesNet": -32000000,
    "incomeBeforeTax": 154000000,
    "incomeBeforeTaxRatio": 0.1394927536,
    "incomeTaxExpense": 46000000,
    "netIncome": 109000000,
    "netIncomeRatio": 0.0987318841,
    "eps": 0.72,
    "epsdiluted": 0.71,
    "weightedAverageShsOut": 150835000,
    "weightedAverageShsOutDil": 152882000,
    "link": "https://www.sec.gov/Archives/edgar/data/21076/000095013405020576/0000950134-05-020576-index.htm",
    "finalLink": "https://www.sec.gov/Archives/edgar/data/21076/000095013405020576/f13774e10vq.htm"
  },
  {
    "date": "2005-06-30",
    "symbol": "CLX",
    "reportedCurrency": "USD",
    "cik": "0000021076",
    "fillingDate": "2005-08-31",
    "acceptedDate": "2005-08-31 17:33:58",
    "calendarYear": "2005",
    "period": "Q4",
    "revenue": 1254000000,
    "costOfRevenue": 701000000,
    "grossProfit": 553000000,
    "grossProfitRatio": 0.4409888357,
    "researchAndDevelopmentExpenses": 24000000,
    "generalAndAdministrativeExpenses": 148000000,
    "sellingAndMarketingExpenses": 132000000,
    "sellingGeneralAndAdministrativeExpenses": 280000000,
    "otherExpenses": 4000000,
    "operatingExpenses": 308000000,
    "costAndExpenses": 1009000000,
    "interestIncome": 0,
    "interestExpense": 0,
    "depreciationAndAmortization": 48000000,
    "ebitda": 293000000,
    "ebitdaratio": 0.2336523126,
    "operatingIncome": 245000000,
    "operatingIncomeRatio": 0.1953748006,
    "totalOtherIncomeExpensesNet": -14000000,
    "incomeBeforeTax": 231000000,
    "incomeBeforeTaxRatio": 0.1842105263,
    "incomeTaxExpense": 77000000,
    "netIncome": 156000000,
    "netIncomeRatio": 0.1244019139,
    "eps": 1.11,
    "epsdiluted": 1.09,
    "weightedAverageShsOut": 152628000,
    "weightedAverageShsOutDil": 155194000,
    "link": "https://www.sec.gov/Archives/edgar/data/21076/000110465905042311/0001104659-05-042311-index.htm",
    "finalLink": "https://www.sec.gov/Archives/edgar/data/21076/000110465905042311/a05-15203_110k.htm"
  },
  {
    "date": "2005-03-31",
    "symbol": "CLX",
    "reportedCurrency": "USD",
    "cik": "0000021076",
    "fillingDate": "2005-05-05",
    "acceptedDate": "2005-05-05 16:36:45",
    "calendarYear": "2005",
    "period": "Q3",
    "revenue": 1086000000,
    "costOfRevenue": 632000000,
    "grossProfit": 454000000,
    "grossProfitRatio": 0.4180478821,
    "researchAndDevelopmentExpenses": 22000000,
    "generalAndAdministrativeExpenses": 139000000,
    "sellingAndMarketingExpenses": 106000000,
    "sellingGeneralAndAdministrativeExpenses": 245000000,
    "otherExpenses": 0,
    "operatingExpenses": 267000000,
    "costAndExpenses": 899000000,
    "interestIncome": 0,
    "interestExpense": 27000000,
    "depreciationAndAmortization": 48000000,
    "ebitda": 238000000,
    "ebitdaratio": 0.2191528545,
    "operatingIncome": 187000000,
    "operatingIncomeRatio": 0.1721915285,
    "totalOtherIncomeExpensesNet": -50000000,
    "incomeBeforeTax": 137000000,
    "incomeBeforeTaxRatio": 0.1261510129,
    "incomeTaxExpense": 21000000,
    "netIncome": 118000000,
    "netIncomeRatio": 0.1086556169,
    "eps": 0.77,
    "epsdiluted": 0.76,
    "weightedAverageShsOut": 153502000,
    "weightedAverageShsOutDil": 156104000,
    "link": "https://www.sec.gov/Archives/edgar/data/21076/000002107605000036/0000021076-05-000036-index.htm",
    "finalLink": "https://www.sec.gov/Archives/edgar/data/21076/000002107605000036/q3text.htm"
  },
  {
    "date": "2004-12-31",
    "symbol": "CLX",
    "reportedCurrency": "USD",
    "cik": "0000021076",
    "fillingDate": "2005-02-09",
    "acceptedDate": "2005-02-09 16:02:35",
    "calendarYear": "2005",
    "period": "Q2",
    "revenue": 1000000000,
    "costOfRevenue": 569000000,
    "grossProfit": 431000000,
    "grossProfitRatio": 0.431,
    "researchAndDevelopmentExpenses": 21000000,
    "generalAndAdministrativeExpenses": 134000000,
    "sellingAndMarketingExpenses": 92000000,
    "sellingGeneralAndAdministrativeExpenses": 226000000,
    "otherExpenses": -12000000,
    "operatingExpenses": 235000000,
    "costAndExpenses": 804000000,
    "interestIncome": 0,
    "interestExpense": 17000000,
    "depreciationAndAmortization": 47000000,
    "ebitda": 241000000,
    "ebitdaratio": 0.241,
    "operatingIncome": 196000000,
    "operatingIncomeRatio": 0.196,
    "totalOtherIncomeExpensesNet": -2000000,
    "incomeBeforeTax": 194000000,
    "incomeBeforeTaxRatio": 0.194,
    "incomeTaxExpense": 60000000,
    "netIncome": 699000000,
    "netIncomeRatio": 0.699,
    "eps": 3.73,
    "epsdiluted": 3.68,
    "weightedAverageShsOut": 187310000,
    "weightedAverageShsOutDil": 189806000,
    "link": "https://www.sec.gov/Archives/edgar/data/21076/000002107605000019/0000021076-05-000019-index.htm",
    "finalLink": "https://www.sec.gov/Archives/edgar/data/21076/000002107605000019/q2text.htm"
  },
  {
    "date": "2004-09-30",
    "symbol": "CLX",
    "reportedCurrency": "USD",
    "cik": "0000021076",
    "fillingDate": "2004-11-04",
    "acceptedDate": "2004-11-04 16:30:30",
    "calendarYear": "2005",
    "period": "Q1",
    "revenue": 1090000000,
    "costOfRevenue": 605000000,
    "grossProfit": 485000000,
    "grossProfitRatio": 0.4449541284,
    "researchAndDevelopmentExpenses": 21000000,
    "generalAndAdministrativeExpenses": 132000000,
    "sellingAndMarketingExpenses": 108000000,
    "sellingGeneralAndAdministrativeExpenses": 240000000,
    "otherExpenses": 0,
    "operatingExpenses": 261000000,
    "costAndExpenses": 866000000,
    "interestIncome": 0,
    "interestExpense": 8000000,
    "depreciationAndAmortization": 47000000,
    "ebitda": 247000000,
    "ebitdaratio": 0.2266055046,
    "operatingIncome": 224000000,
    "operatingIncomeRatio": 0.2055045872,
    "totalOtherIncomeExpensesNet": -34000000,
    "incomeBeforeTax": 189000000,
    "incomeBeforeTaxRatio": 0.1733944954,
    "incomeTaxExpense": 66000000,
    "netIncome": 123000000,
    "netIncomeRatio": 0.1128440367,
    "eps": 0.58,
    "epsdiluted": 0.57,
    "weightedAverageShsOut": 212905000,
    "weightedAverageShsOutDil": 215117000,
    "link": "https://www.sec.gov/Archives/edgar/data/21076/000002107604000094/0000021076-04-000094-index.htm",
    "finalLink": "https://www.sec.gov/Archives/edgar/data/21076/000002107604000094/q1text.htm"
  },
  {
    "date": "2004-06-30",
    "symbol": "CLX",
    "reportedCurrency": "USD",
    "cik": "0000021076",
    "fillingDate": "2004-08-27",
    "acceptedDate": "2004-08-27 13:59:09",
    "calendarYear": "2004",
    "period": "Q4",
    "revenue": 1243000000,
    "costOfRevenue": 665000000,
    "grossProfit": 578000000,
    "grossProfitRatio": 0.4650040225,
    "researchAndDevelopmentExpenses": 23000000,
    "generalAndAdministrativeExpenses": 137000000,
    "sellingAndMarketingExpenses": 128000000,
    "sellingGeneralAndAdministrativeExpenses": 265000000,
    "otherExpenses": 0,
    "operatingExpenses": 288000000,
    "costAndExpenses": 953000000,
    "interestIncome": 0,
    "interestExpense": 0,
    "depreciationAndAmortization": 53000000,
    "ebitda": 343000000,
    "ebitdaratio": 0.2759452936,
    "operatingIncome": 290000000,
    "operatingIncomeRatio": 0.2333065165,
    "totalOtherIncomeExpensesNet": -16000000,
    "incomeBeforeTax": 274000000,
    "incomeBeforeTaxRatio": 0.2204344328,
    "incomeTaxExpense": 96000000,
    "netIncome": 185000000,
    "netIncomeRatio": 0.1488334674,
    "eps": 0.87,
    "epsdiluted": 0.86,
    "weightedAverageShsOut": 212364000,
    "weightedAverageShsOutDil": 215328000,
    "link": "https://www.sec.gov/Archives/edgar/data/21076/000002107604000063/0000021076-04-000063-index.htm",
    "finalLink": "https://www.sec.gov/Archives/edgar/data/21076/000002107604000063/f10ktext.htm"
  },
  {
    "date": "2004-03-31",
    "symbol": "CLX",
    "reportedCurrency": "USD",
    "cik": "0000021076",
    "fillingDate": "2004-05-06",
    "acceptedDate": "2004-05-06 14:47:18",
    "calendarYear": "2004",
    "period": "Q3",
    "revenue": 1086000000,
    "costOfRevenue": 596000000,
    "grossProfit": 490000000,
    "grossProfitRatio": 0.4511970534,
    "researchAndDevelopmentExpenses": 22000000,
    "generalAndAdministrativeExpenses": 164000000,
    "sellingAndMarketingExpenses": 107000000,
    "sellingGeneralAndAdministrativeExpenses": 271000000,
    "otherExpenses": 0,
    "operatingExpenses": 293000000,
    "costAndExpenses": 889000000,
    "interestIncome": 0,
    "interestExpense": 0,
    "depreciationAndAmortization": 49000000,
    "ebitda": 224000000,
    "ebitdaratio": 0.2062615101,
    "operatingIncome": 197000000,
    "operatingIncomeRatio": 0.1813996317,
    "totalOtherIncomeExpensesNet": -21000000,
    "incomeBeforeTax": 195000000,
    "incomeBeforeTaxRatio": 0.179558011,
    "incomeTaxExpense": 68000000,
    "netIncome": 126000000,
    "netIncomeRatio": 0.1160220994,
    "eps": 0.6,
    "epsdiluted": 0.59,
    "weightedAverageShsOut": 211213000,
    "weightedAverageShsOutDil": 213606000,
    "link": "https://www.sec.gov/Archives/edgar/data/21076/000002107604000022/0000021076-04-000022-index.htm",
    "finalLink": "https://www.sec.gov/Archives/edgar/data/21076/000002107604000022/q3text.htm"
  },
  {
    "date": "2003-12-31",
    "symbol": "CLX",
    "reportedCurrency": "USD",
    "cik": "0000021076",
    "fillingDate": "2004-02-10",
    "acceptedDate": "2004-02-10 08:01:33",
    "calendarYear": "2004",
    "period": "Q2",
    "revenue": 947000000,
    "costOfRevenue": 535000000,
    "grossProfit": 412000000,
    "grossProfitRatio": 0.4350580781,
    "researchAndDevelopmentExpenses": 20000000,
    "generalAndAdministrativeExpenses": 129000000,
    "sellingAndMarketingExpenses": 88000000,
    "sellingGeneralAndAdministrativeExpenses": 217000000,
    "otherExpenses": 0,
    "operatingExpenses": 237000000,
    "costAndExpenses": 772000000,
    "interestIncome": 0,
    "interestExpense": 0,
    "depreciationAndAmortization": 48000000,
    "ebitda": 223000000,
    "ebitdaratio": 0.2354804646,
    "operatingIncome": 175000000,
    "operatingIncomeRatio": 0.1847940866,
    "totalOtherIncomeExpensesNet": -5000000,
    "incomeBeforeTax": 170000000,
    "incomeBeforeTaxRatio": 0.1795142555,
    "incomeTaxExpense": 59000000,
    "netIncome": 109000000,
    "netIncomeRatio": 0.1151003168,
    "eps": 0.52,
    "epsdiluted": 0.51,
    "weightedAverageShsOut": 210500000,
    "weightedAverageShsOutDil": 212959000,
    "link": "https://www.sec.gov/Archives/edgar/data/21076/000002107604000008/0000021076-04-000008-index.htm",
    "finalLink": "https://www.sec.gov/Archives/edgar/data/21076/000002107604000008/q2text.htm"
  },
  {
    "date": "2003-09-30",
    "symbol": "CLX",
    "reportedCurrency": "USD",
    "cik": "0000021076",
    "fillingDate": "2003-11-07",
    "acceptedDate": "2003-11-07 16:26:26",
    "calendarYear": "2004",
    "period": "Q1",
    "revenue": 1048000000,
    "costOfRevenue": 591000000,
    "grossProfit": 457000000,
    "grossProfitRatio": 0.4360687023,
    "researchAndDevelopmentExpenses": 19000000,
    "generalAndAdministrativeExpenses": 122000000,
    "sellingAndMarketingExpenses": 106000000,
    "sellingGeneralAndAdministrativeExpenses": 228000000,
    "otherExpenses": 0,
    "operatingExpenses": 247000000,
    "costAndExpenses": 838000000,
    "interestIncome": 0,
    "interestExpense": 0,
    "depreciationAndAmortization": 47000000,
    "ebitda": 257000000,
    "ebitdaratio": 0.2452290076,
    "operatingIncome": 210000000,
    "operatingIncomeRatio": 0.2003816794,
    "totalOtherIncomeExpensesNet": -9000000,
    "incomeBeforeTax": 201000000,
    "incomeBeforeTaxRatio": 0.1917938931,
    "incomeTaxExpense": 71000000,
    "netIncome": 129000000,
    "netIncomeRatio": 0.1230916031,
    "eps": 0.61,
    "epsdiluted": 0.6,
    "weightedAverageShsOut": 212654000,
    "weightedAverageShsOutDil": 214807000,
    "link": "https://www.sec.gov/Archives/edgar/data/21076/000002107603000155/0000021076-03-000155-index.htm",
    "finalLink": "https://www.sec.gov/Archives/edgar/data/21076/000002107603000155/q1text.htm"
  },
  {
    "date": "2003-06-30",
    "symbol": "CLX",
    "reportedCurrency": "USD",
    "cik": "0000021076",
    "fillingDate": "2003-09-19",
    "acceptedDate": "2003-09-19 13:07:33",
    "calendarYear": "2003",
    "period": "Q4",
    "revenue": 1152000000,
    "costOfRevenue": 630000000,
    "grossProfit": 522000000,
    "grossProfitRatio": 0.453125,
    "researchAndDevelopmentExpenses": 23000000,
    "generalAndAdministrativeExpenses": 135000000,
    "sellingAndMarketingExpenses": 123000000,
    "sellingGeneralAndAdministrativeExpenses": 258000000,
    "otherExpenses": 0,
    "operatingExpenses": 281000000,
    "costAndExpenses": 911000000,
    "interestIncome": 0,
    "interestExpense": 0,
    "depreciationAndAmortization": 49000000,
    "ebitda": 290000000,
    "ebitdaratio": 0.2517361111,
    "operatingIncome": 241000000,
    "operatingIncomeRatio": 0.2092013889,
    "totalOtherIncomeExpensesNet": 1000000,
    "incomeBeforeTax": 242000000,
    "incomeBeforeTaxRatio": 0.2100694444,
    "incomeTaxExpense": 85000000,
    "netIncome": 149000000,
    "netIncomeRatio": 0.1293402778,
    "eps": 0.68,
    "epsdiluted": 0.67,
    "weightedAverageShsOut": 217112000,
    "weightedAverageShsOutDil": 219534000,
    "link": "https://www.sec.gov/Archives/edgar/data/21076/000002107603000124/0000021076-03-000124-index.htm",
    "finalLink": "https://www.sec.gov/Archives/edgar/data/21076/000002107603000124/text.htm"
  },
  {
    "date": "2003-03-31",
    "symbol": "CLX",
    "reportedCurrency": "USD",
    "cik": "0000021076",
    "fillingDate": "2003-05-12",
    "acceptedDate": "2003-05-09 20:46:05",
    "calendarYear": "2003",
    "period": "Q3",
    "revenue": 1019000000,
    "costOfRevenue": 555000000,
    "grossProfit": 464000000,
    "grossProfitRatio": 0.4553483808,
    "researchAndDevelopmentExpenses": 20000000,
    "generalAndAdministrativeExpenses": 150000000,
    "sellingAndMarketingExpenses": 119000000,
    "sellingGeneralAndAdministrativeExpenses": 269000000,
    "otherExpenses": 0,
    "operatingExpenses": 289000000,
    "costAndExpenses": 844000000,
    "interestIncome": 0,
    "interestExpense": 0,
    "depreciationAndAmortization": 54000000,
    "ebitda": 229000000,
    "ebitdaratio": 0.2247301276,
    "operatingIncome": 175000000,
    "operatingIncomeRatio": 0.1717369971,
    "totalOtherIncomeExpensesNet": -2000000,
    "incomeBeforeTax": 173000000,
    "incomeBeforeTaxRatio": 0.1697742885,
    "incomeTaxExpense": 61000000,
    "netIncome": 110000000,
    "netIncomeRatio": 0.1079489696,
    "eps": 0.51,
    "epsdiluted": 0.5,
    "weightedAverageShsOut": 216414000,
    "weightedAverageShsOutDil": 218696000,
    "link": "https://www.sec.gov/Archives/edgar/data/21076/000002107603000030/0000021076-03-000030-index.htm",
    "finalLink": "https://www.sec.gov/Archives/edgar/data/21076/000002107603000030/q3cln.htm"
  },
  {
    "date": "2002-12-31",
    "symbol": "CLX",
    "reportedCurrency": "USD",
    "cik": "0000021076",
    "fillingDate": "2003-02-12",
    "acceptedDate": "2003-02-12 16:37:31",
    "calendarYear": "2003",
    "period": "Q2",
    "revenue": 926000000,
    "costOfRevenue": 496000000,
    "grossProfit": 430000000,
    "grossProfitRatio": 0.464362851,
    "researchAndDevelopmentExpenses": 18000000,
    "generalAndAdministrativeExpenses": 131000000,
    "sellingAndMarketingExpenses": 104000000,
    "sellingGeneralAndAdministrativeExpenses": 235000000,
    "otherExpenses": 0,
    "operatingExpenses": 253000000,
    "costAndExpenses": 749000000,
    "interestIncome": 0,
    "interestExpense": 0,
    "depreciationAndAmortization": 45000000,
    "ebitda": 222000000,
    "ebitdaratio": 0.2397408207,
    "operatingIncome": 177000000,
    "operatingIncomeRatio": 0.1911447084,
    "totalOtherIncomeExpensesNet": -35000000,
    "incomeBeforeTax": 142000000,
    "incomeBeforeTaxRatio": 0.1533477322,
    "incomeTaxExpense": 55000000,
    "netIncome": 89000000,
    "netIncomeRatio": 0.096112311,
    "eps": 0.41,
    "epsdiluted": 0.4,
    "weightedAverageShsOut": 218334000,
    "weightedAverageShsOutDil": 220782000,
    "link": "https://www.sec.gov/Archives/edgar/data/21076/000002107603000009/0000021076-03-000009-index.htm",
    "finalLink": "https://www.sec.gov/Archives/edgar/data/21076/000002107603000009/q2final.htm"
  },
  {
    "date": "2002-09-30",
    "symbol": "CLX",
    "reportedCurrency": "USD",
    "cik": "0000021076",
    "fillingDate": "2002-11-13",
    "acceptedDate": "2002-11-13 13:27:30",
    "calendarYear": "2003",
    "period": "Q1",
    "revenue": 1047000000,
    "costOfRevenue": 544000000,
    "grossProfit": 503000000,
    "grossProfitRatio": 0.4804202483,
    "researchAndDevelopmentExpenses": 15000000,
    "generalAndAdministrativeExpenses": 116000000,
    "sellingAndMarketingExpenses": 111000000,
    "sellingGeneralAndAdministrativeExpenses": 227000000,
    "otherExpenses": 0,
    "operatingExpenses": 242000000,
    "costAndExpenses": 786000000,
    "interestIncome": 0,
    "interestExpense": 0,
    "depreciationAndAmortization": 43000000,
    "ebitda": 304000000,
    "ebitdaratio": 0.2903533906,
    "operatingIncome": 261000000,
    "operatingIncomeRatio": 0.2492836676,
    "totalOtherIncomeExpensesNet": -17000000,
    "incomeBeforeTax": 244000000,
    "incomeBeforeTaxRatio": 0.2330468004,
    "incomeTaxExpense": 86000000,
    "netIncome": 145000000,
    "netIncomeRatio": 0.1384909265,
    "eps": 0.65,
    "epsdiluted": 0.65,
    "weightedAverageShsOut": 221883000,
    "weightedAverageShsOutDil": 224051000,
    "link": "https://www.sec.gov/Archives/edgar/data/21076/000002107602000022/0000021076-02-000022-index.htm",
    "finalLink": "https://www.sec.gov/Archives/edgar/data/21076/000002107602000022/q1final.htm"
  },
  {
    "date": "2002-06-30",
    "symbol": "CLX",
    "reportedCurrency": "USD",
    "cik": "0000021076",
    "fillingDate": "2002-09-26",
    "acceptedDate": "2002-09-26 14:01:13",
    "calendarYear": "2002",
    "period": "Q4",
    "revenue": 1136000000,
    "costOfRevenue": 632000000,
    "grossProfit": 504000000,
    "grossProfitRatio": 0.4436619718,
    "researchAndDevelopmentExpenses": 20000000,
    "generalAndAdministrativeExpenses": 124000000,
    "sellingAndMarketingExpenses": 114000000,
    "sellingGeneralAndAdministrativeExpenses": 238000000,
    "otherExpenses": 0,
    "operatingExpenses": 258000000,
    "costAndExpenses": 890000000,
    "interestIncome": 0,
    "interestExpense": 0,
    "depreciationAndAmortization": 54000000,
    "ebitda": 300000000,
    "ebitdaratio": 0.264084507,
    "operatingIncome": 246000000,
    "operatingIncomeRatio": 0.2165492958,
    "totalOtherIncomeExpensesNet": -50000000,
    "incomeBeforeTax": 196000000,
    "incomeBeforeTaxRatio": 0.1725352113,
    "incomeTaxExpense": 51000000,
    "netIncome": 145000000,
    "netIncomeRatio": 0.1276408451,
    "eps": 0.63,
    "epsdiluted": 0.62,
    "weightedAverageShsOut": 228144000,
    "weightedAverageShsOutDil": 229883000,
    "link": "https://www.sec.gov/Archives/edgar/data/21076/000002107602000019/0000021076-02-000019-index.htm",
    "finalLink": "https://www.sec.gov/Archives/edgar/data/21076/000002107602000019/tidiedtext.htm"
  },
  {
    "date": "2002-03-31",
    "symbol": "CLX",
    "reportedCurrency": "USD",
    "cik": "0000021076",
    "fillingDate": "2002-05-14",
    "acceptedDate": "2002-05-14 14:10:52",
    "calendarYear": "2002",
    "period": "Q3",
    "revenue": 1033000000,
    "costOfRevenue": 597000000,
    "grossProfit": 436000000,
    "grossProfitRatio": 0.422071636,
    "researchAndDevelopmentExpenses": 15000000,
    "generalAndAdministrativeExpenses": 142000000,
    "sellingAndMarketingExpenses": 105000000,
    "sellingGeneralAndAdministrativeExpenses": 247000000,
    "otherExpenses": 0,
    "operatingExpenses": 262000000,
    "costAndExpenses": 859000000,
    "interestIncome": 0,
    "interestExpense": 0,
    "depreciationAndAmortization": 50000000,
    "ebitda": 226000000,
    "ebitdaratio": 0.2187802517,
    "operatingIncome": 174000000,
    "operatingIncomeRatio": 0.1684414327,
    "totalOtherIncomeExpensesNet": -75000000,
    "incomeBeforeTax": 96000000,
    "incomeBeforeTaxRatio": 0.0929332043,
    "incomeTaxExpense": 50000000,
    "netIncome": 46000000,
    "netIncomeRatio": 0.0445304937,
    "eps": 0.2,
    "epsdiluted": 0.2,
    "weightedAverageShsOut": 231508000,
    "weightedAverageShsOutDil": 234625000,
    "link": "https://www.sec.gov/Archives/edgar/data/21076/000002107602000009/0000021076-02-000009-index.htm",
    "finalLink": "https://www.sec.gov/Archives/edgar/data/21076/000002107602000009/q3text2.htm"
  },
  {
    "date": "2001-12-31",
    "symbol": "CLX",
    "reportedCurrency": "USD",
    "cik": "0000021076",
    "fillingDate": "2002-02-14",
    "acceptedDate": "2002-02-14 00:00:00",
    "calendarYear": "2002",
    "period": "Q2",
    "revenue": 901000000,
    "costOfRevenue": 514000000,
    "grossProfit": 387000000,
    "grossProfitRatio": 0.4295227525,
    "researchAndDevelopmentExpenses": 16000000,
    "generalAndAdministrativeExpenses": 135000000,
    "sellingAndMarketingExpenses": 78000000,
    "sellingGeneralAndAdministrativeExpenses": 213000000,
    "otherExpenses": 0,
    "operatingExpenses": 229000000,
    "costAndExpenses": 743000000,
    "interestIncome": 0,
    "interestExpense": 0,
    "depreciationAndAmortization": 37000000,
    "ebitda": 193000000,
    "ebitdaratio": 0.2142064373,
    "operatingIncome": 158000000,
    "operatingIncomeRatio": 0.1753607103,
    "totalOtherIncomeExpensesNet": -82000000,
    "incomeBeforeTax": 79000000,
    "incomeBeforeTaxRatio": 0.0876803552,
    "incomeTaxExpense": 28000000,
    "netIncome": 51000000,
    "netIncomeRatio": 0.0566037736,
    "eps": 0.22,
    "epsdiluted": 0.22,
    "weightedAverageShsOut": 232763000,
    "weightedAverageShsOutDil": 232763000,
    "link": "https://www.sec.gov/Archives/edgar/data/21076/000002107602000006/0000021076-02-000006-index.htm",
    "finalLink": "https://www.sec.gov/Archives/edgar/data/21076/000002107602000006/q2texttidied.htm"
  },
  {
    "date": "2001-09-30",
    "symbol": "CLX",
    "reportedCurrency": "USD",
    "cik": "0000021076",
    "fillingDate": "2001-11-14",
    "acceptedDate": "2001-11-14 00:00:00",
    "calendarYear": "2002",
    "period": "Q1",
    "revenue": 991000000,
    "costOfRevenue": 566000000,
    "grossProfit": 425000000,
    "grossProfitRatio": 0.4288597376,
    "researchAndDevelopmentExpenses": 16000000,
    "generalAndAdministrativeExpenses": 135000000,
    "sellingAndMarketingExpenses": 100000000,
    "sellingGeneralAndAdministrativeExpenses": 235000000,
    "otherExpenses": 0,
    "operatingExpenses": 251000000,
    "costAndExpenses": 817000000,
    "interestIncome": 0,
    "interestExpense": 0,
    "depreciationAndAmortization": 49000000,
    "ebitda": 227000000,
    "ebitdaratio": 0.229061554,
    "operatingIncome": 174000000,
    "operatingIncomeRatio": 0.175580222,
    "totalOtherIncomeExpensesNet": -22000000,
    "incomeBeforeTax": 127000000,
    "incomeBeforeTaxRatio": 0.1281533804,
    "incomeTaxExpense": 48000000,
    "netIncome": 79000000,
    "netIncomeRatio": 0.0797174571,
    "eps": 0.34,
    "epsdiluted": 0.33,
    "weightedAverageShsOut": 234980000,
    "weightedAverageShsOutDil": 238096000,
    "link": "https://www.sec.gov/Archives/edgar/data/21076/000002107601500015/0000021076-01-500015-index.htm",
    "finalLink": "https://www.sec.gov/Archives/edgar/data/21076/000002107601500015/tidytext.htm"
  },
  {
    "date": "2001-06-30",
    "symbol": "CLX",
    "reportedCurrency": "USD",
    "cik": "0000021076",
    "fillingDate": "2001-09-28",
    "acceptedDate": "2001-09-28 00:00:00",
    "calendarYear": "2001",
    "period": "Q4",
    "revenue": 1030000000,
    "costOfRevenue": 661000000,
    "grossProfit": 369000000,
    "grossProfitRatio": 0.3582524272,
    "researchAndDevelopmentExpenses": 20000000,
    "generalAndAdministrativeExpenses": 131000000,
    "sellingAndMarketingExpenses": 25000000,
    "sellingGeneralAndAdministrativeExpenses": 156000000,
    "otherExpenses": 60000000,
    "operatingExpenses": 236000000,
    "costAndExpenses": 897000000,
    "interestIncome": 0,
    "interestExpense": 0,
    "depreciationAndAmortization": 58000000,
    "ebitda": 191000000,
    "ebitdaratio": 0.1854368932,
    "operatingIncome": 133000000,
    "operatingIncomeRatio": 0.1291262136,
    "totalOtherIncomeExpensesNet": -3000000,
    "incomeBeforeTax": 130000000,
    "incomeBeforeTaxRatio": 0.1262135922,
    "incomeTaxExpense": 48000000,
    "netIncome": 82000000,
    "netIncomeRatio": 0.0796116505,
    "eps": 0.35,
    "epsdiluted": 0.34,
    "weightedAverageShsOut": 236599000,
    "weightedAverageShsOutDil": 240395000,
    "link": "https://www.sec.gov/Archives/edgar/data/21076/000095014901501457/0000950149-01-501457-index.htm",
    "finalLink": "https://www.sec.gov/Archives/edgar/data/21076/000095014901501457/f75998e10-k.txt"
  },
  {
    "date": "2001-03-31",
    "symbol": "CLX",
    "reportedCurrency": "USD",
    "cik": "0000021076",
    "fillingDate": "2001-05-15",
    "acceptedDate": "2001-05-15 00:00:00",
    "calendarYear": "2001",
    "period": "Q3",
    "revenue": 989000000,
    "costOfRevenue": 584000000,
    "grossProfit": 405000000,
    "grossProfitRatio": 0.4095045501,
    "researchAndDevelopmentExpenses": 16000000,
    "generalAndAdministrativeExpenses": 113000000,
    "sellingAndMarketingExpenses": 118000000,
    "sellingGeneralAndAdministrativeExpenses": 231000000,
    "otherExpenses": 0,
    "operatingExpenses": 247000000,
    "costAndExpenses": 831000000,
    "interestIncome": 0,
    "interestExpense": 0,
    "depreciationAndAmortization": 57000000,
    "ebitda": 215000000,
    "ebitdaratio": 0.2173913043,
    "operatingIncome": 158000000,
    "operatingIncomeRatio": 0.1597573306,
    "totalOtherIncomeExpensesNet": -55000000,
    "incomeBeforeTax": 103000000,
    "incomeBeforeTaxRatio": 0.1041456016,
    "incomeTaxExpense": 24000000,
    "netIncome": 79000000,
    "netIncomeRatio": 0.0798786653,
    "eps": 0.33,
    "epsdiluted": 0.33,
    "weightedAverageShsOut": 236406000,
    "weightedAverageShsOutDil": 239764000,
    "link": "https://www.sec.gov/Archives/edgar/data/21076/000002107601500006/0000021076-01-500006-index.htm",
    "finalLink": "https://www.sec.gov/Archives/edgar/data/21076/000002107601500006/q3text2.txt"
  },
  {
    "date": "2000-12-31",
    "symbol": "CLX",
    "reportedCurrency": "USD",
    "cik": "0000021076",
    "fillingDate": "2001-02-14",
    "acceptedDate": "2001-02-14 00:00:00",
    "calendarYear": "2001",
    "period": "Q2",
    "revenue": 899000000,
    "costOfRevenue": 525000000,
    "grossProfit": 374000000,
    "grossProfitRatio": 0.4160177976,
    "researchAndDevelopmentExpenses": 17000000,
    "generalAndAdministrativeExpenses": 128000000,
    "sellingAndMarketingExpenses": 100000000,
    "sellingGeneralAndAdministrativeExpenses": 228000000,
    "otherExpenses": 0,
    "operatingExpenses": 245000000,
    "costAndExpenses": 770000000,
    "interestIncome": 0,
    "interestExpense": 0,
    "depreciationAndAmortization": 56000000,
    "ebitda": 185000000,
    "ebitdaratio": 0.2057842047,
    "operatingIncome": 129000000,
    "operatingIncomeRatio": 0.1434927697,
    "totalOtherIncomeExpensesNet": -30000000,
    "incomeBeforeTax": 99000000,
    "incomeBeforeTaxRatio": 0.1101223582,
    "incomeTaxExpense": 35000000,
    "netIncome": 64000000,
    "netIncomeRatio": 0.0711902113,
    "eps": 0.27,
    "epsdiluted": 0.27,
    "weightedAverageShsOut": 236069000,
    "weightedAverageShsOutDil": 239093000,
    "link": "https://www.sec.gov/Archives/edgar/data/21076/000002107601000002/0000021076-01-000002-index.htm",
    "finalLink": "https://www.sec.gov/Archives/edgar/data/21076/000002107601000002/0000021076-01-000002-0001.txt"
  },
  {
    "date": "2000-09-30",
    "symbol": "CLX",
    "reportedCurrency": "USD",
    "cik": "0000021076",
    "fillingDate": "2000-11-14",
    "acceptedDate": "2000-11-14 00:00:00",
    "calendarYear": "2001",
    "period": "Q1",
    "revenue": 985000000,
    "costOfRevenue": 549000000,
    "grossProfit": 436000000,
    "grossProfitRatio": 0.4426395939,
    "researchAndDevelopmentExpenses": 14000000,
    "generalAndAdministrativeExpenses": 123000000,
    "sellingAndMarketingExpenses": 110000000,
    "sellingGeneralAndAdministrativeExpenses": 233000000,
    "otherExpenses": 0,
    "operatingExpenses": 247000000,
    "costAndExpenses": 796000000,
    "interestIncome": 0,
    "interestExpense": 0,
    "depreciationAndAmortization": 54000000,
    "ebitda": 243000000,
    "ebitdaratio": 0.2467005076,
    "operatingIncome": 189000000,
    "operatingIncomeRatio": 0.1918781726,
    "totalOtherIncomeExpensesNet": -34000000,
    "incomeBeforeTax": 155000000,
    "incomeBeforeTaxRatio": 0.1573604061,
    "incomeTaxExpense": 55000000,
    "netIncome": 98000000,
    "netIncomeRatio": 0.0994923858,
    "eps": 0.42,
    "epsdiluted": 0.41,
    "weightedAverageShsOut": 235522000,
    "weightedAverageShsOutDil": 238568000,
    "link": "https://www.sec.gov/Archives/edgar/data/21076/000002107600000004/0000021076-00-000004-index.htm",
    "finalLink": "https://www.sec.gov/Archives/edgar/data/21076/000002107600000004/0000021076-00-000004-0001.txt"
  },
  {
    "date": "2000-06-30",
    "symbol": "CLX",
    "reportedCurrency": "USD",
    "cik": "0000021076",
    "fillingDate": "2000-09-26",
    "acceptedDate": "2000-09-26 00:00:00",
    "calendarYear": "2000",
    "period": "Q4",
    "revenue": 1153000000,
    "costOfRevenue": 754000000,
    "grossProfit": 399000000,
    "grossProfitRatio": 0.3460537728,
    "researchAndDevelopmentExpenses": 19000000,
    "generalAndAdministrativeExpenses": 0,
    "sellingAndMarketingExpenses": 0,
    "sellingGeneralAndAdministrativeExpenses": 81000000,
    "otherExpenses": 50000000,
    "operatingExpenses": 150000000,
    "costAndExpenses": 904000000,
    "interestIncome": 0,
    "interestExpense": 0,
    "depreciationAndAmortization": 50000000,
    "ebitda": 299000000,
    "ebitdaratio": 0.2593235039,
    "operatingIncome": 249000000,
    "operatingIncomeRatio": 0.2159583695,
    "totalOtherIncomeExpensesNet": -49000000,
    "incomeBeforeTax": 200000000,
    "incomeBeforeTaxRatio": 0.1734605377,
    "incomeTaxExpense": 75000000,
    "netIncome": 125000000,
    "netIncomeRatio": 0.1084128361,
    "eps": 0.53,
    "epsdiluted": 0.52,
    "weightedAverageShsOut": 235094000,
    "weightedAverageShsOutDil": 238774000,
    "link": "https://www.sec.gov/Archives/edgar/data/21076/000002107600000003/0000021076-00-000003-index.htm",
    "finalLink": "https://www.sec.gov/Archives/edgar/data/21076/000002107600000003/0000021076-00-000003-0001.txt"
  },
  {
    "date": "2000-03-31",
    "symbol": "CLX",
    "reportedCurrency": "USD",
    "cik": "0000021076",
    "fillingDate": "2000-05-15",
    "acceptedDate": "2000-05-15 00:00:00",
    "calendarYear": "2000",
    "period": "Q3",
    "revenue": 1034000000,
    "costOfRevenue": 453000000,
    "grossProfit": 581000000,
    "grossProfitRatio": 0.5618955513,
    "researchAndDevelopmentExpenses": 15000000,
    "generalAndAdministrativeExpenses": 0,
    "sellingAndMarketingExpenses": 0,
    "sellingGeneralAndAdministrativeExpenses": 309000000,
    "otherExpenses": 53000000,
    "operatingExpenses": 377000000,
    "costAndExpenses": 830000000,
    "interestIncome": 0,
    "interestExpense": 0,
    "depreciationAndAmortization": 53000000,
    "ebitda": 257000000,
    "ebitdaratio": 0.248549323,
    "operatingIncome": 204000000,
    "operatingIncomeRatio": 0.1972920696,
    "totalOtherIncomeExpensesNet": -39000000,
    "incomeBeforeTax": 165000000,
    "incomeBeforeTaxRatio": 0.1595744681,
    "incomeTaxExpense": 59000000,
    "netIncome": 106000000,
    "netIncomeRatio": 0.1025145068,
    "eps": 0.45,
    "epsdiluted": 0.44,
    "weightedAverageShsOut": 235843000,
    "weightedAverageShsOutDil": 238848000,
    "link": "https://www.sec.gov/Archives/edgar/data/21076/000002107600000002/0000021076-00-000002-index.html",
    "finalLink": "https://www.sec.gov/Archives/edgar/data/21076/000002107600000002/"
  },
  {
    "date": "1999-12-31",
    "symbol": "CLX",
    "reportedCurrency": "USD",
    "cik": "0000021076",
    "fillingDate": "2000-02-14",
    "acceptedDate": "2000-02-14 00:00:00",
    "calendarYear": "2000",
    "period": "Q2",
    "revenue": 954000000,
    "costOfRevenue": 428000000,
    "grossProfit": 526000000,
    "grossProfitRatio": 0.5513626834,
    "researchAndDevelopmentExpenses": 15000000,
    "generalAndAdministrativeExpenses": 0,
    "sellingAndMarketingExpenses": 0,
    "sellingGeneralAndAdministrativeExpenses": 302000000,
    "otherExpenses": 50000000,
    "operatingExpenses": 367000000,
    "costAndExpenses": 795000000,
    "interestIncome": 0,
    "interestExpense": 0,
    "depreciationAndAmortization": 50000000,
    "ebitda": 209000000,
    "ebitdaratio": 0.2190775681,
    "operatingIncome": 159000000,
    "operatingIncomeRatio": 0.1666666667,
    "totalOtherIncomeExpensesNet": -39000000,
    "incomeBeforeTax": 120000000,
    "incomeBeforeTaxRatio": 0.1257861635,
    "incomeTaxExpense": 44000000,
    "netIncome": 76000000,
    "netIncomeRatio": 0.0796645702,
    "eps": 0.32,
    "epsdiluted": 0.32,
    "weightedAverageShsOut": 236475000,
    "weightedAverageShsOutDil": 239737000,
    "link": "https://www.sec.gov/Archives/edgar/data/21076/000002107600000001/0000021076-00-000001-index.html",
    "finalLink": "https://www.sec.gov/Archives/edgar/data/21076/000002107600000001/"
  },
  {
    "date": "1999-09-30",
    "symbol": "CLX",
    "reportedCurrency": "USD",
    "cik": "0000021076",
    "fillingDate": "1999-11-12",
    "acceptedDate": "1999-11-12 00:00:00",
    "calendarYear": "2000",
    "period": "Q1",
    "revenue": 942000000,
    "costOfRevenue": 414000000,
    "grossProfit": 528000000,
    "grossProfitRatio": 0.5605095541,
    "researchAndDevelopmentExpenses": 14000000,
    "generalAndAdministrativeExpenses": 0,
    "sellingAndMarketingExpenses": 0,
    "sellingGeneralAndAdministrativeExpenses": 298000000,
    "otherExpenses": 48000000,
    "operatingExpenses": 360000000,
    "costAndExpenses": 774000000,
    "interestIncome": 0,
    "interestExpense": 0,
    "depreciationAndAmortization": 48000000,
    "ebitda": 216000000,
    "ebitdaratio": 0.2292993631,
    "operatingIncome": 168000000,
    "operatingIncomeRatio": 0.178343949,
    "totalOtherIncomeExpensesNet": -31000000,
    "incomeBeforeTax": 137000000,
    "incomeBeforeTaxRatio": 0.1454352442,
    "incomeTaxExpense": 50000000,
    "netIncome": 87000000,
    "netIncomeRatio": 0.0923566879,
    "eps": 0.37,
    "epsdiluted": 0.36,
    "weightedAverageShsOut": 237020000,
    "weightedAverageShsOutDil": 240578000,
    "link": "https://www.sec.gov/Archives/edgar/data/21076/000002107699000009/0000021076-99-000009-index.html",
    "finalLink": "https://www.sec.gov/Archives/edgar/data/21076/000002107699000009/"
  },
  {
    "date": "1999-06-30",
    "symbol": "CLX",
    "reportedCurrency": "USD",
    "cik": "0000021076",
    "fillingDate": "1999-09-28",
    "acceptedDate": "1999-09-28 00:00:00",
    "calendarYear": "1999",
    "period": "Q4",
    "revenue": 1099400000,
    "costOfRevenue": 539300000,
    "grossProfit": 560100000,
    "grossProfitRatio": 0.5094597053,
    "researchAndDevelopmentExpenses": 17900000,
    "generalAndAdministrativeExpenses": 0,
    "sellingAndMarketingExpenses": 0,
    "sellingGeneralAndAdministrativeExpenses": 329800000,
    "otherExpenses": 55600000,
    "operatingExpenses": 403300000,
    "costAndExpenses": 942600000,
    "interestIncome": 0,
    "interestExpense": 0,
    "depreciationAndAmortization": 55600000,
    "ebitda": 212400000,
    "ebitdaratio": 0.1931962889,
    "operatingIncome": 156800000,
    "operatingIncomeRatio": 0.142623249,
    "totalOtherIncomeExpensesNet": -54900000,
    "incomeBeforeTax": 101900000,
    "incomeBeforeTaxRatio": 0.0926869201,
    "incomeTaxExpense": 51800000,
    "netIncome": 50100000,
    "netIncomeRatio": 0.0455703111,
    "eps": 0.21,
    "epsdiluted": 0.21,
    "weightedAverageShsOut": 237180102,
    "weightedAverageShsOutDil": 237180102,
    "link": "https://www.sec.gov/Archives/edgar/data/21076/000002107699000008/0000021076-99-000008-index.html",
    "finalLink": "https://www.sec.gov/Archives/edgar/data/21076/000002107699000008/"
  },
  {
    "date": "1999-03-31",
    "symbol": "CLX",
    "reportedCurrency": "USD",
    "cik": "0000021076",
    "fillingDate": "1999-05-14",
    "acceptedDate": "1999-05-14 00:00:00",
    "calendarYear": "1999",
    "period": "Q3",
    "revenue": 992000000,
    "costOfRevenue": 397800000,
    "grossProfit": 594200000,
    "grossProfitRatio": 0.5989919355,
    "researchAndDevelopmentExpenses": 14500000,
    "generalAndAdministrativeExpenses": 0,
    "sellingAndMarketingExpenses": 0,
    "sellingGeneralAndAdministrativeExpenses": 318800000,
    "otherExpenses": 75600000,
    "operatingExpenses": 408900000,
    "costAndExpenses": 806700000,
    "interestIncome": 0,
    "interestExpense": 0,
    "depreciationAndAmortization": 75600000,
    "ebitda": 260900000,
    "ebitdaratio": 0.2630040323,
    "operatingIncome": 185300000,
    "operatingIncomeRatio": 0.1867943548,
    "totalOtherIncomeExpensesNet": -132900000,
    "incomeBeforeTax": 52400000,
    "incomeBeforeTaxRatio": 0.0528225806,
    "incomeTaxExpense": 30300000,
    "netIncome": 22100000,
    "netIncomeRatio": 0.0222782258,
    "eps": 0.05,
    "epsdiluted": 0.045,
    "weightedAverageShsOut": 236006000,
    "weightedAverageShsOutDil": 236006000,
    "link": "https://www.sec.gov/Archives/edgar/data/21076/000002107699000005/0000021076-99-000005-index.html",
    "finalLink": "https://www.sec.gov/Archives/edgar/data/21076/"
  },
  {
    "date": "1998-12-31",
    "symbol": "CLX",
    "reportedCurrency": "USD",
    "cik": "0000021076",
    "fillingDate": "1999-02-12",
    "acceptedDate": "1999-02-12 00:00:00",
    "calendarYear": "1999",
    "period": "Q2",
    "revenue": 648100000,
    "costOfRevenue": 248000000,
    "grossProfit": 400100000,
    "grossProfitRatio": 0.6173430026,
    "researchAndDevelopmentExpenses": 14000000,
    "generalAndAdministrativeExpenses": 0,
    "sellingAndMarketingExpenses": 0,
    "sellingGeneralAndAdministrativeExpenses": 238800000,
    "otherExpenses": 35900000,
    "operatingExpenses": 288700000,
    "costAndExpenses": 536700000,
    "interestIncome": 0,
    "interestExpense": 0,
    "depreciationAndAmortization": 35900000,
    "ebitda": 199000000,
    "ebitdaratio": 0.307051381,
    "operatingIncome": 111400000,
    "operatingIncomeRatio": 0.1718870545,
    "totalOtherIncomeExpensesNet": 6600000,
    "incomeBeforeTax": 91200000,
    "incomeBeforeTaxRatio": 0.1407190248,
    "incomeTaxExpense": 33300000,
    "netIncome": 57900000,
    "netIncomeRatio": 0.0893380651,
    "eps": 0.25,
    "epsdiluted": 0.24,
    "weightedAverageShsOut": 234588000,
    "weightedAverageShsOutDil": 239598000,
    "link": "https://www.sec.gov/Archives/edgar/data/21076/000002107699000003/0000021076-99-000003-index.html",
    "finalLink": "https://www.sec.gov/Archives/edgar/data/21076/"
  },
  {
    "date": "1998-09-30",
    "symbol": "CLX",
    "reportedCurrency": "USD",
    "cik": "0000021076",
    "fillingDate": "1998-11-12",
    "acceptedDate": "1998-11-12 00:00:00",
    "calendarYear": "1999",
    "period": "Q1",
    "revenue": 685900000,
    "costOfRevenue": 253600000,
    "grossProfit": 432300000,
    "grossProfitRatio": 0.6302668027,
    "researchAndDevelopmentExpenses": 12900000,
    "generalAndAdministrativeExpenses": 0,
    "sellingAndMarketingExpenses": 0,
    "sellingGeneralAndAdministrativeExpenses": 234200000,
    "otherExpenses": 34900000,
    "operatingExpenses": 282000000,
    "costAndExpenses": 535600000,
    "interestIncome": 0,
    "interestExpense": 0,
    "depreciationAndAmortization": 34900000,
    "ebitda": 235000000,
    "ebitdaratio": 0.3426155416,
    "operatingIncome": 150300000,
    "operatingIncomeRatio": 0.2191281528,
    "totalOtherIncomeExpensesNet": 7700000,
    "incomeBeforeTax": 134500000,
    "incomeBeforeTaxRatio": 0.1960927249,
    "incomeTaxExpense": 49100000,
    "netIncome": 100000000,
    "netIncomeRatio": 0.1457938475,
    "eps": 0.21,
    "epsdiluted": 0.21,
    "weightedAverageShsOut": 234458000,
    "weightedAverageShsOutDil": 238968000,
    "link": "https://www.sec.gov/Archives/edgar/data/21076/000002107698000007/0000021076-98-000007-index.html",
    "finalLink": "https://www.sec.gov/Archives/edgar/data/21076/"
  },
  {
    "date": "1998-06-30",
    "symbol": "CLX",
    "reportedCurrency": "USD",
    "cik": "0000021076",
    "fillingDate": "1998-09-28",
    "acceptedDate": "1998-09-28 00:00:00",
    "calendarYear": "1998",
    "period": "Q4",
    "revenue": 819700000,
    "costOfRevenue": 322700000,
    "grossProfit": 497000000,
    "grossProfitRatio": 0.6063193851,
    "researchAndDevelopmentExpenses": 17800000,
    "generalAndAdministrativeExpenses": 0,
    "sellingAndMarketingExpenses": 0,
    "sellingGeneralAndAdministrativeExpenses": 273300000,
    "otherExpenses": 41700000,
    "operatingExpenses": 332800000,
    "costAndExpenses": 655500000,
    "interestIncome": 0,
    "interestExpense": 0,
    "depreciationAndAmortization": 41700000,
    "ebitda": 205900000,
    "ebitdaratio": 0.2511894596,
    "operatingIncome": 164200000,
    "operatingIncomeRatio": 0.2003171892,
    "totalOtherIncomeExpensesNet": -19600000,
    "incomeBeforeTax": 144600000,
    "incomeBeforeTaxRatio": 0.1764060022,
    "incomeTaxExpense": 46400000,
    "netIncome": 98200000,
    "netIncomeRatio": 0.1197999268,
    "eps": 0.52,
    "epsdiluted": 0.52,
    "weightedAverageShsOut": 207370000,
    "weightedAverageShsOutDil": 207370000,
    "link": "https://www.sec.gov/Archives/edgar/data/21076/000002107698000006/0000021076-98-000006-index.html",
    "finalLink": "https://www.sec.gov/Archives/edgar/data/21076/"
  },
  {
    "date": "1998-03-31",
    "symbol": "CLX",
    "reportedCurrency": "USD",
    "cik": "0000021076",
    "fillingDate": "1998-05-08",
    "acceptedDate": "1998-05-08 00:00:00",
    "calendarYear": "1998",
    "period": "Q3",
    "revenue": 680500000,
    "costOfRevenue": 259300000,
    "grossProfit": 421200000,
    "grossProfitRatio": 0.6189566495,
    "researchAndDevelopmentExpenses": 13600000,
    "generalAndAdministrativeExpenses": 0,
    "sellingAndMarketingExpenses": 0,
    "sellingGeneralAndAdministrativeExpenses": 236200000,
    "otherExpenses": 30900000,
    "operatingExpenses": 280700000,
    "costAndExpenses": 540000000,
    "interestIncome": 0,
    "interestExpense": 0,
    "depreciationAndAmortization": 30900000,
    "ebitda": 243200000,
    "ebitdaratio": 0.3573842763,
    "operatingIncome": 140500000,
    "operatingIncomeRatio": 0.2064658339,
    "totalOtherIncomeExpensesNet": 9900000,
    "incomeBeforeTax": 124300000,
    "incomeBeforeTaxRatio": 0.182659809,
    "incomeTaxExpense": 48400000,
    "netIncome": 92000000,
    "netIncomeRatio": 0.1351947098,
    "eps": 0.2,
    "epsdiluted": 0.2,
    "weightedAverageShsOut": 207764000,
    "weightedAverageShsOutDil": 207764000,
    "link": "https://www.sec.gov/Archives/edgar/data/21076/000002107698000005/0000021076-98-000005-index.html",
    "finalLink": "https://www.sec.gov/Archives/edgar/data/21076/"
  },
  {
    "date": "1997-12-31",
    "symbol": "CLX",
    "reportedCurrency": "USD",
    "cik": "0000021076",
    "fillingDate": "1998-02-12",
    "acceptedDate": "1998-02-12 00:00:00",
    "calendarYear": "1998",
    "period": "Q2",
    "revenue": 591800000,
    "costOfRevenue": 229900000,
    "grossProfit": 361900000,
    "grossProfitRatio": 0.6115241636,
    "researchAndDevelopmentExpenses": 13000000,
    "generalAndAdministrativeExpenses": 0,
    "sellingAndMarketingExpenses": 0,
    "sellingGeneralAndAdministrativeExpenses": 223200000,
    "otherExpenses": 28300000,
    "operatingExpenses": 264500000,
    "costAndExpenses": 494400000,
    "interestIncome": 0,
    "interestExpense": 0,
    "depreciationAndAmortization": 28300000,
    "ebitda": 125700000,
    "ebitdaratio": 0.2124028388,
    "operatingIncome": 97400000,
    "operatingIncomeRatio": 0.1645826293,
    "totalOtherIncomeExpensesNet": -16300000,
    "incomeBeforeTax": 81100000,
    "incomeBeforeTaxRatio": 0.1370395404,
    "incomeTaxExpense": 31600000,
    "netIncome": 49500000,
    "netIncomeRatio": 0.0836431227,
    "eps": 0.12,
    "epsdiluted": 0.12,
    "weightedAverageShsOut": 206806000,
    "weightedAverageShsOutDil": 206806000,
    "link": "https://www.sec.gov/Archives/edgar/data/21076/000002107698000003/0000021076-98-000003-index.html",
    "finalLink": "https://www.sec.gov/Archives/edgar/data/21076/"
  },
  {
    "date": "1997-09-30",
    "symbol": "CLX",
    "reportedCurrency": "USD",
    "cik": "0000021076",
    "fillingDate": "1997-11-13",
    "acceptedDate": "1997-11-13 00:00:00",
    "calendarYear": "1998",
    "period": "Q1",
    "revenue": 649300000,
    "costOfRevenue": 242900000,
    "grossProfit": 406400000,
    "grossProfitRatio": 0.6259048206,
    "researchAndDevelopmentExpenses": 11600000,
    "generalAndAdministrativeExpenses": 0,
    "sellingAndMarketingExpenses": 0,
    "sellingGeneralAndAdministrativeExpenses": 221900000,
    "otherExpenses": 36700000,
    "operatingExpenses": 270200000,
    "costAndExpenses": 513100000,
    "interestIncome": 0,
    "interestExpense": 0,
    "depreciationAndAmortization": 36700000,
    "ebitda": 172900000,
    "ebitdaratio": 0.2662867704,
    "operatingIncome": 136200000,
    "operatingIncomeRatio": 0.2097643616,
    "totalOtherIncomeExpensesNet": -14300000,
    "incomeBeforeTax": 121900000,
    "incomeBeforeTaxRatio": 0.1877406438,
    "incomeTaxExpense": 47500000,
    "netIncome": 74400000,
    "netIncomeRatio": 0.1145849376,
    "eps": 0.18,
    "epsdiluted": 0.18,
    "weightedAverageShsOut": 206670000,
    "weightedAverageShsOutDil": 206670000,
    "link": "https://www.sec.gov/Archives/edgar/data/21076/000002107697000009/0000021076-97-000009-index.html",
    "finalLink": "https://www.sec.gov/Archives/edgar/data/21076/"
  },
  {
    "date": "1997-06-30",
    "symbol": "CLX",
    "reportedCurrency": "USD",
    "cik": "0000021076",
    "fillingDate": "1997-09-25",
    "acceptedDate": "1997-09-25 00:00:00",
    "calendarYear": "1997",
    "period": "Q4",
    "revenue": 762500000,
    "costOfRevenue": 308600000,
    "grossProfit": 453900000,
    "grossProfitRatio": 0.5952786885,
    "researchAndDevelopmentExpenses": 16400000,
    "generalAndAdministrativeExpenses": 0,
    "sellingAndMarketingExpenses": 0,
    "sellingGeneralAndAdministrativeExpenses": 265500000,
    "otherExpenses": 34100000,
    "operatingExpenses": 316000000,
    "costAndExpenses": 624600000,
    "interestIncome": 0,
    "interestExpense": 0,
    "depreciationAndAmortization": 34100000,
    "ebitda": 172000000,
    "ebitdaratio": 0.2255737705,
    "operatingIncome": 137900000,
    "operatingIncomeRatio": 0.180852459,
    "totalOtherIncomeExpensesNet": -13400000,
    "incomeBeforeTax": 124500000,
    "incomeBeforeTaxRatio": 0.1632786885,
    "incomeTaxExpense": 50100000,
    "netIncome": 74400000,
    "netIncomeRatio": 0.0975737705,
    "eps": 0.11,
    "epsdiluted": 0.11,
    "weightedAverageShsOut": 206628000,
    "weightedAverageShsOutDil": 210680000,
    "link": "https://www.sec.gov/Archives/edgar/data/21076/000002107697000008/0000021076-97-000008-index.html",
    "finalLink": "https://www.sec.gov/Archives/edgar/data/21076/"
  },
  {
    "date": "1997-03-31",
    "symbol": "CLX",
    "reportedCurrency": "USD",
    "cik": "0000021076",
    "fillingDate": "1997-05-14",
    "acceptedDate": "1997-05-14 00:00:00",
    "calendarYear": "1997",
    "period": "Q3",
    "revenue": 649200000,
    "costOfRevenue": 255400000,
    "grossProfit": 393800000,
    "grossProfitRatio": 0.6065927295,
    "researchAndDevelopmentExpenses": 12000000,
    "generalAndAdministrativeExpenses": 0,
    "sellingAndMarketingExpenses": 0,
    "sellingGeneralAndAdministrativeExpenses": 219900000,
    "otherExpenses": 32500000,
    "operatingExpenses": 264400000,
    "costAndExpenses": 519800000,
    "interestIncome": 0,
    "interestExpense": 0,
    "depreciationAndAmortization": 32500000,
    "ebitda": 161900000,
    "ebitdaratio": 0.2493838571,
    "operatingIncome": 129400000,
    "operatingIncomeRatio": 0.1993222428,
    "totalOtherIncomeExpensesNet": -19600000,
    "incomeBeforeTax": 109800000,
    "incomeBeforeTaxRatio": 0.1691312384,
    "incomeTaxExpense": 44200000,
    "netIncome": 65600000,
    "netIncomeRatio": 0.101047443,
    "eps": 0.08,
    "epsdiluted": 0.0775,
    "weightedAverageShsOut": 206960000,
    "weightedAverageShsOutDil": 210592000,
    "link": "https://www.sec.gov/Archives/edgar/data/21076/000002107697000005/0000021076-97-000005-index.html",
    "finalLink": "https://www.sec.gov/Archives/edgar/data/21076/"
  },
  {
    "date": "1996-12-31",
    "symbol": "CLX",
    "reportedCurrency": "USD",
    "cik": "0000021076",
    "fillingDate": "1997-02-14",
    "acceptedDate": "1997-02-14 00:00:00",
    "calendarYear": "1997",
    "period": "Q2",
    "revenue": 530200000,
    "costOfRevenue": 202500000,
    "grossProfit": 327700000,
    "grossProfitRatio": 0.6180686533,
    "researchAndDevelopmentExpenses": 11500000,
    "generalAndAdministrativeExpenses": 0,
    "sellingAndMarketingExpenses": 0,
    "sellingGeneralAndAdministrativeExpenses": 201300000,
    "otherExpenses": 33100000,
    "operatingExpenses": 245900000,
    "costAndExpenses": 448400000,
    "interestIncome": 0,
    "interestExpense": 0,
    "depreciationAndAmortization": 33100000,
    "ebitda": 114900000,
    "ebitdaratio": 0.2167106752,
    "operatingIncome": 81800000,
    "operatingIncomeRatio": 0.1542814032,
    "totalOtherIncomeExpensesNet": -8900000,
    "incomeBeforeTax": 72900000,
    "incomeBeforeTaxRatio": 0.1374952848,
    "incomeTaxExpense": 29000000,
    "netIncome": 43900000,
    "netIncomeRatio": 0.0827989438,
    "eps": 0.0525,
    "epsdiluted": 0.0525,
    "weightedAverageShsOut": 206740000,
    "weightedAverageShsOutDil": 206740000,
    "link": "https://www.sec.gov/Archives/edgar/data/21076/000002107697000004/0000021076-97-000004-index.html",
    "finalLink": "https://www.sec.gov/Archives/edgar/data/21076/"
  },
  {
    "date": "1996-09-30",
    "symbol": "CLX",
    "reportedCurrency": "USD",
    "cik": "0000021076",
    "fillingDate": "1996-11-14",
    "acceptedDate": "1996-11-14 00:00:00",
    "calendarYear": "1997",
    "period": "Q1",
    "revenue": 590800000,
    "costOfRevenue": 230700000,
    "grossProfit": 360100000,
    "grossProfitRatio": 0.6095125254,
    "researchAndDevelopmentExpenses": 10500000,
    "generalAndAdministrativeExpenses": 0,
    "sellingAndMarketingExpenses": 0,
    "sellingGeneralAndAdministrativeExpenses": 205600000,
    "otherExpenses": 26700000,
    "operatingExpenses": 242800000,
    "costAndExpenses": 473500000,
    "interestIncome": 0,
    "interestExpense": 0,
    "depreciationAndAmortization": 26700000,
    "ebitda": 144000000,
    "ebitdaratio": 0.2437373053,
    "operatingIncome": 117300000,
    "operatingIncomeRatio": 0.1985443466,
    "totalOtherIncomeExpensesNet": -8500000,
    "incomeBeforeTax": 108800000,
    "incomeBeforeTaxRatio": 0.1841570752,
    "incomeTaxExpense": 43300000,
    "netIncome": 65500000,
    "netIncomeRatio": 0.1108666215,
    "eps": 0.08,
    "epsdiluted": 0.08,
    "weightedAverageShsOut": 206184000,
    "weightedAverageShsOutDil": 206184000,
    "link": "https://www.sec.gov/Archives/edgar/data/21076/000002107696000005/0000021076-96-000005-index.html",
    "finalLink": "https://www.sec.gov/Archives/edgar/data/21076/"
  },
  {
    "date": "1996-06-30",
    "symbol": "CLX",
    "reportedCurrency": "USD",
    "cik": "0000021076",
    "fillingDate": "1996-09-26",
    "acceptedDate": "1996-09-26 00:00:00",
    "calendarYear": "1996",
    "period": "Q4",
    "revenue": 672400000,
    "costOfRevenue": 281300000,
    "grossProfit": 391100000,
    "grossProfitRatio": 0.5816478287,
    "researchAndDevelopmentExpenses": 13300000,
    "generalAndAdministrativeExpenses": 0,
    "sellingAndMarketingExpenses": 0,
    "sellingGeneralAndAdministrativeExpenses": 227400000,
    "otherExpenses": 25800000,
    "operatingExpenses": 266500000,
    "costAndExpenses": 547800000,
    "interestIncome": 0,
    "interestExpense": 0,
    "depreciationAndAmortization": 25800000,
    "ebitda": 150400000,
    "ebitdaratio": 0.2236763831,
    "operatingIncome": 124600000,
    "operatingIncomeRatio": 0.1853063653,
    "totalOtherIncomeExpensesNet": -16400000,
    "incomeBeforeTax": 108200000,
    "incomeBeforeTaxRatio": 0.1609161214,
    "incomeTaxExpense": 42400000,
    "netIncome": 65800000,
    "netIncomeRatio": 0.0978584176,
    "eps": 0.32,
    "epsdiluted": 0.32,
    "weightedAverageShsOut": 205032000,
    "weightedAverageShsOutDil": 206626000,
    "link": "https://www.sec.gov/Archives/edgar/data/21076/000002107696000004/0000021076-96-000004-index.html",
    "finalLink": "https://www.sec.gov/Archives/edgar/data/21076/"
  },
  {
    "date": "1996-03-31",
    "symbol": "CLX",
    "reportedCurrency": "USD",
    "cik": "0000021076",
    "fillingDate": "1996-05-15",
    "acceptedDate": "1996-05-15 00:00:00",
    "calendarYear": "1996",
    "period": "Q3",
    "revenue": 560100000,
    "costOfRevenue": 220600000,
    "grossProfit": 339500000,
    "grossProfitRatio": 0.6061417604,
    "researchAndDevelopmentExpenses": 11100000,
    "generalAndAdministrativeExpenses": 0,
    "sellingAndMarketingExpenses": 0,
    "sellingGeneralAndAdministrativeExpenses": 182200000,
    "otherExpenses": 35000000,
    "operatingExpenses": 228300000,
    "costAndExpenses": 448900000,
    "interestIncome": 0,
    "interestExpense": 0,
    "depreciationAndAmortization": 35000000,
    "ebitda": 146200000,
    "ebitdaratio": 0.261024817,
    "operatingIncome": 111200000,
    "operatingIncomeRatio": 0.1985359757,
    "totalOtherIncomeExpensesNet": -11200000,
    "incomeBeforeTax": 100000000,
    "incomeBeforeTaxRatio": 0.1785395465,
    "incomeTaxExpense": 40400000,
    "netIncome": 59600000,
    "netIncomeRatio": 0.1064095697,
    "eps": 0.0725,
    "epsdiluted": 0.0725,
    "weightedAverageShsOut": 207068000,
    "weightedAverageShsOutDil": 207068000,
    "link": "https://www.sec.gov/Archives/edgar/data/21076/000002107696000002/0000021076-96-000002-index.html",
    "finalLink": "https://www.sec.gov/Archives/edgar/data/21076/"
  },
  {
    "date": "1995-12-31",
    "symbol": "CLX",
    "reportedCurrency": "USD",
    "cik": "0000021076",
    "fillingDate": "1996-02-14",
    "acceptedDate": "1996-02-14 00:00:00",
    "calendarYear": "1996",
    "period": "Q2",
    "revenue": 466800000,
    "costOfRevenue": 184000000,
    "grossProfit": 282800000,
    "grossProfitRatio": 0.6058269066,
    "researchAndDevelopmentExpenses": 11200000,
    "generalAndAdministrativeExpenses": 0,
    "sellingAndMarketingExpenses": 0,
    "sellingGeneralAndAdministrativeExpenses": 169000000,
    "otherExpenses": 29200000,
    "operatingExpenses": 209400000,
    "costAndExpenses": 393400000,
    "interestIncome": 0,
    "interestExpense": 0,
    "depreciationAndAmortization": 29200000,
    "ebitda": 102600000,
    "ebitdaratio": 0.2197943445,
    "operatingIncome": 73400000,
    "operatingIncomeRatio": 0.1572407883,
    "totalOtherIncomeExpensesNet": -9800000,
    "incomeBeforeTax": 63600000,
    "incomeBeforeTaxRatio": 0.1362467866,
    "incomeTaxExpense": 25700000,
    "netIncome": 37900000,
    "netIncomeRatio": 0.0811910883,
    "eps": 0.0475,
    "epsdiluted": 0.0475,
    "weightedAverageShsOut": 208356000,
    "weightedAverageShsOutDil": 208356000,
    "link": "https://www.sec.gov/Archives/edgar/data/21076/000002107696000001/0000021076-96-000001-index.html",
    "finalLink": "https://www.sec.gov/Archives/edgar/data/21076/"
  },
  {
    "date": "1995-09-30",
    "symbol": "CLX",
    "reportedCurrency": "USD",
    "cik": "0000021076",
    "fillingDate": "1995-11-14",
    "acceptedDate": "1995-11-14 00:00:00",
    "calendarYear": "1996",
    "period": "Q1",
    "revenue": 518500000,
    "costOfRevenue": 204800000,
    "grossProfit": 313700000,
    "grossProfitRatio": 0.6050144648,
    "researchAndDevelopmentExpenses": 10200000,
    "generalAndAdministrativeExpenses": 0,
    "sellingAndMarketingExpenses": 0,
    "sellingGeneralAndAdministrativeExpenses": 171100000,
    "otherExpenses": 26500000,
    "operatingExpenses": 207800000,
    "costAndExpenses": 412600000,
    "interestIncome": 0,
    "interestExpense": 0,
    "depreciationAndAmortization": 26500000,
    "ebitda": 132400000,
    "ebitdaratio": 0.2553519769,
    "operatingIncome": 105900000,
    "operatingIncomeRatio": 0.2042430087,
    "totalOtherIncomeExpensesNet": -7300000,
    "incomeBeforeTax": 98600000,
    "incomeBeforeTaxRatio": 0.1901639344,
    "incomeTaxExpense": 39800000,
    "netIncome": 58800000,
    "netIncomeRatio": 0.1134040501,
    "eps": 0.07,
    "epsdiluted": 0.07,
    "weightedAverageShsOut": 209416000,
    "weightedAverageShsOutDil": 209416000,
    "link": "https://www.sec.gov/Archives/edgar/data/21076/000002107695000009/0000021076-95-000009-index.html",
    "finalLink": "https://www.sec.gov/Archives/edgar/data/21076/"
  }
]