[
  {
    "date": "2025-06-30",
    "symbol": "CLX",
    "reportedCurrency": "USD",
    "cik": "0000021076",
    "fillingDate": "2025-08-08",
    "acceptedDate": "2025-08-08 16:15:21",
    "calendarYear": "2025",
    "period": "FY",
    "revenue": 7104000000,
    "costOfRevenue": 3891000000,
    "grossProfit": 3213000000,
    "grossProfitRatio": 0.4522804054,
    "researchAndDevelopmentExpenses": 121000000,
    "generalAndAdministrativeExpenses": 1124000000,
    "sellingAndMarketingExpenses": 770000000,
    "sellingGeneralAndAdministrativeExpenses": 1124000000,
    "otherExpenses": 0,
    "operatingExpenses": 1245000000,
    "costAndExpenses": 5136000000,
    "interestIncome": 0,
    "interestExpense": 88000000,
    "depreciationAndAmortization": 219000000,
    "ebitda": 1166000000,
    "ebitdaratio": 0.1641328829,
    "operatingIncome": 1968000000,
    "operatingIncomeRatio": 0.277027027,
    "totalOtherIncomeExpensesNet": -890000000,
    "incomeBeforeTax": 1078000000,
    "incomeBeforeTaxRatio": 0.1517454955,
    "incomeTaxExpense": 254000000,
    "netIncome": 810000000,
    "netIncomeRatio": 0.1140202703,
    "eps": 6.56,
    "epsdiluted": 6.52,
    "weightedAverageShsOut": 123525000,
    "weightedAverageShsOutDil": 124287000,
    "link": "https://www.sec.gov/Archives/edgar/data/21076/000002107625000039/0000021076-25-000039-index.htm",
    "finalLink": "https://www.sec.gov/Archives/edgar/data/21076/000002107625000039/clx-20250630.htm"
  },
  {
    "date": "2024-06-30",
    "symbol": "CLX",
    "reportedCurrency": "USD",
    "cik": "0000021076",
    "fillingDate": "2024-08-08",
    "acceptedDate": "2024-08-08 16:22:20",
    "calendarYear": "2024",
    "period": "FY",
    "revenue": 7093000000,
    "costOfRevenue": 4045000000,
    "grossProfit": 3048000000,
    "grossProfitRatio": 0.4297194417,
    "researchAndDevelopmentExpenses": 126000000,
    "generalAndAdministrativeExpenses": 1338000000,
    "sellingAndMarketingExpenses": 832000000,
    "sellingGeneralAndAdministrativeExpenses": 2170000000,
    "otherExpenses": 0,
    "operatingExpenses": 2560000000,
    "costAndExpenses": 6605000000,
    "interestIncome": 23000000,
    "interestExpense": 90000000,
    "depreciationAndAmortization": 235000000,
    "ebitda": 736000000,
    "ebitdaratio": 0.1037642746,
    "operatingIncome": 916000000,
    "operatingIncomeRatio": 0.129141407,
    "totalOtherIncomeExpensesNet": -518000000,
    "incomeBeforeTax": 398000000,
    "incomeBeforeTaxRatio": 0.0561116594,
    "incomeTaxExpense": 106000000,
    "netIncome": 280000000,
    "netIncomeRatio": 0.0394755393,
    "eps": 2.25,
    "epsdiluted": 2.25,
    "weightedAverageShsOut": 124174000,
    "weightedAverageShsOutDil": 124804000,
    "link": "https://www.sec.gov/Archives/edgar/data/21076/000002107624000030/0000021076-24-000030-index.htm",
    "finalLink": "https://www.sec.gov/Archives/edgar/data/21076/000002107624000030/clx-20240630.htm"
  },
  {
    "date": "2023-06-30",
    "symbol": "CLX",
    "reportedCurrency": "USD",
    "cik": "0000021076",
    "fillingDate": "2023-08-10",
    "acceptedDate": "2023-08-10 16:15:06",
    "calendarYear": "2023",
    "period": "FY",
    "revenue": 7389000000,
    "costOfRevenue": 4481000000,
    "grossProfit": 2908000000,
    "grossProfitRatio": 0.3935579916,
    "researchAndDevelopmentExpenses": 138000000,
    "generalAndAdministrativeExpenses": 1183000000,
    "sellingAndMarketingExpenses": 734000000,
    "sellingGeneralAndAdministrativeExpenses": 1917000000,
    "otherExpenses": 0,
    "operatingExpenses": 2055000000,
    "costAndExpenses": 6536000000,
    "interestIncome": 16000000,
    "interestExpense": 90000000,
    "depreciationAndAmortization": 236000000,
    "ebitda": 577000000,
    "ebitdaratio": 0.0780890513,
    "operatingIncome": 1224000000,
    "operatingIncomeRatio": 0.1656516443,
    "totalOtherIncomeExpensesNet": -1349000000,
    "incomeBeforeTax": 238000000,
    "incomeBeforeTaxRatio": 0.032210042,
    "incomeTaxExpense": 77000000,
    "netIncome": 149000000,
    "netIncomeRatio": 0.0201651103,
    "eps": 1.21,
    "epsdiluted": 1.2,
    "weightedAverageShsOut": 123589000,
    "weightedAverageShsOutDil": 124181000,
    "link": "https://www.sec.gov/Archives/edgar/data/21076/000002107623000037/0000021076-23-000037-index.htm",
    "finalLink": "https://www.sec.gov/Archives/edgar/data/21076/000002107623000037/clx-20230630.htm"
  },
  {
    "date": "2022-06-30",
    "symbol": "CLX",
    "reportedCurrency": "USD",
    "cik": "0000021076",
    "fillingDate": "2022-08-10",
    "acceptedDate": "2022-08-10 16:15:55",
    "calendarYear": "2022",
    "period": "FY",
    "revenue": 7107000000,
    "costOfRevenue": 4562000000,
    "grossProfit": 2545000000,
    "grossProfitRatio": 0.3580976502,
    "researchAndDevelopmentExpenses": 132000000,
    "generalAndAdministrativeExpenses": 954000000,
    "sellingAndMarketingExpenses": 709000000,
    "sellingGeneralAndAdministrativeExpenses": 1663000000,
    "otherExpenses": 0,
    "operatingExpenses": 1795000000,
    "costAndExpenses": 6357000000,
    "interestIncome": 5000000,
    "interestExpense": 106000000,
    "depreciationAndAmortization": 224000000,
    "ebitda": 928000000,
    "ebitdaratio": 0.130575489,
    "operatingIncome": 489000000,
    "operatingIncomeRatio": 0.0688054031,
    "totalOtherIncomeExpensesNet": -105000000,
    "incomeBeforeTax": 607000000,
    "incomeBeforeTaxRatio": 0.0854087519,
    "incomeTaxExpense": 136000000,
    "netIncome": 462000000,
    "netIncomeRatio": 0.0650063318,
    "eps": 3.75,
    "epsdiluted": 3.73,
    "weightedAverageShsOut": 123113000,
    "weightedAverageShsOutDil": 123906000,
    "link": "https://www.sec.gov/Archives/edgar/data/21076/000002107622000026/0000021076-22-000026-index.htm",
    "finalLink": "https://www.sec.gov/Archives/edgar/data/21076/000002107622000026/clx-20220630.htm"
  },
  {
    "date": "2021-06-30",
    "symbol": "CLX",
    "reportedCurrency": "USD",
    "cik": "0000021076",
    "fillingDate": "2021-08-10",
    "acceptedDate": "2021-08-10 16:16:15",
    "calendarYear": "2021",
    "period": "FY",
    "revenue": 7341000000,
    "costOfRevenue": 4142000000,
    "grossProfit": 3199000000,
    "grossProfitRatio": 0.4357716932,
    "researchAndDevelopmentExpenses": 149000000,
    "generalAndAdministrativeExpenses": 1004000000,
    "sellingAndMarketingExpenses": 790000000,
    "sellingGeneralAndAdministrativeExpenses": 1794000000,
    "otherExpenses": 0,
    "operatingExpenses": 1943000000,
    "costAndExpenses": 6085000000,
    "interestIncome": 5000000,
    "interestExpense": 99000000,
    "depreciationAndAmortization": 210000000,
    "ebitda": 1203000000,
    "ebitdaratio": 0.1638741316,
    "operatingIncome": 1117000000,
    "operatingIncomeRatio": 0.1521591064,
    "totalOtherIncomeExpensesNet": -332000000,
    "incomeBeforeTax": 900000000,
    "incomeBeforeTaxRatio": 0.1225991009,
    "incomeTaxExpense": 181000000,
    "netIncome": 710000000,
    "netIncomeRatio": 0.0967170685,
    "eps": 5.65,
    "epsdiluted": 5.58,
    "weightedAverageShsOut": 125570000,
    "weightedAverageShsOutDil": 127299000,
    "link": "https://www.sec.gov/Archives/edgar/data/21076/000002107621000016/0000021076-21-000016-index.htm",
    "finalLink": "https://www.sec.gov/Archives/edgar/data/21076/000002107621000016/clx-20210630.htm"
  },
  {
    "date": "2020-06-30",
    "symbol": "CLX",
    "reportedCurrency": "USD",
    "cik": "0000021076",
    "fillingDate": "2020-08-13",
    "acceptedDate": "2020-08-13 16:11:48",
    "calendarYear": "2020",
    "period": "FY",
    "revenue": 6721000000,
    "costOfRevenue": 3658000000,
    "grossProfit": 3063000000,
    "grossProfitRatio": 0.4557357536,
    "researchAndDevelopmentExpenses": 145000000,
    "generalAndAdministrativeExpenses": 969000000,
    "sellingAndMarketingExpenses": 675000000,
    "sellingGeneralAndAdministrativeExpenses": 1644000000,
    "otherExpenses": 10000000,
    "operatingExpenses": 1789000000,
    "costAndExpenses": 5447000000,
    "interestIncome": 2000000,
    "interestExpense": 99000000,
    "depreciationAndAmortization": 179000000,
    "ebitda": 1457000000,
    "ebitdaratio": 0.2167832168,
    "operatingIncome": 1104000000,
    "operatingIncomeRatio": 0.1642612706,
    "totalOtherIncomeExpensesNet": -80000000,
    "incomeBeforeTax": 1185000000,
    "incomeBeforeTaxRatio": 0.1763130487,
    "incomeTaxExpense": 246000000,
    "netIncome": 939000000,
    "netIncomeRatio": 0.1397113525,
    "eps": 7.46,
    "epsdiluted": 7.35,
    "weightedAverageShsOut": 125828000,
    "weightedAverageShsOutDil": 127671000,
    "link": "https://www.sec.gov/Archives/edgar/data/21076/000002107620000016/0000021076-20-000016-index.htm",
    "finalLink": "https://www.sec.gov/Archives/edgar/data/21076/000002107620000016/clx-20200630.htm"
  },
  {
    "date": "2019-06-30",
    "symbol": "CLX",
    "reportedCurrency": "USD",
    "cik": "0000021076",
    "fillingDate": "2019-08-14",
    "acceptedDate": "2019-08-13 21:24:10",
    "calendarYear": "2019",
    "period": "FY",
    "revenue": 6214000000,
    "costOfRevenue": 3486000000,
    "grossProfit": 2728000000,
    "grossProfitRatio": 0.4390086901,
    "researchAndDevelopmentExpenses": 136000000,
    "generalAndAdministrativeExpenses": 856000000,
    "sellingAndMarketingExpenses": 612000000,
    "sellingGeneralAndAdministrativeExpenses": 1468000000,
    "otherExpenses": -3000000,
    "operatingExpenses": 1604000000,
    "costAndExpenses": 5090000000,
    "interestIncome": 3000000,
    "interestExpense": 97000000,
    "depreciationAndAmortization": 182000000,
    "ebitda": 1297000000,
    "ebitdaratio": 0.2087222401,
    "operatingIncome": 941000000,
    "operatingIncomeRatio": 0.1514322498,
    "totalOtherIncomeExpensesNet": -83000000,
    "incomeBeforeTax": 1024000000,
    "incomeBeforeTaxRatio": 0.1647891857,
    "incomeTaxExpense": 204000000,
    "netIncome": 820000000,
    "netIncomeRatio": 0.1319600901,
    "eps": 6.42,
    "epsdiluted": 6.32,
    "weightedAverageShsOut": 127734000,
    "weightedAverageShsOutDil": 129792000,
    "link": "https://www.sec.gov/Archives/edgar/data/21076/000002107619000012/0000021076-19-000012-index.htm",
    "finalLink": "https://www.sec.gov/Archives/edgar/data/21076/000002107619000012/fy19clx10k.htm"
  },
  {
    "date": "2018-06-30",
    "symbol": "CLX",
    "reportedCurrency": "USD",
    "cik": "0000021076",
    "fillingDate": "2018-08-14",
    "acceptedDate": "2018-08-14 16:17:00",
    "calendarYear": "2018",
    "period": "FY",
    "revenue": 6124000000,
    "costOfRevenue": 3449000000,
    "grossProfit": 2675000000,
    "grossProfitRatio": 0.4368060091,
    "researchAndDevelopmentExpenses": 132000000,
    "generalAndAdministrativeExpenses": 837000000,
    "sellingAndMarketingExpenses": 570000000,
    "sellingGeneralAndAdministrativeExpenses": 1407000000,
    "otherExpenses": 3000000,
    "operatingExpenses": 1539000000,
    "costAndExpenses": 4988000000,
    "interestIncome": 6000000,
    "interestExpense": 85000000,
    "depreciationAndAmortization": 167000000,
    "ebitda": 1280000000,
    "ebitdaratio": 0.2090137165,
    "operatingIncome": 1125000000,
    "operatingIncomeRatio": 0.1837034618,
    "totalOtherIncomeExpensesNet": -71000000,
    "incomeBeforeTax": 1054000000,
    "incomeBeforeTaxRatio": 0.1721097322,
    "incomeTaxExpense": 231000000,
    "netIncome": 823000000,
    "netIncomeRatio": 0.134389288,
    "eps": 6.37,
    "epsdiluted": 6.25,
    "weightedAverageShsOut": 129293000,
    "weightedAverageShsOutDil": 131581000,
    "link": "https://www.sec.gov/Archives/edgar/data/21076/000002107618000011/0000021076-18-000011-index.htm",
    "finalLink": "https://www.sec.gov/Archives/edgar/data/21076/000002107618000011/fy18clx10k.htm"
  },
  {
    "date": "2017-06-30",
    "symbol": "CLX",
    "reportedCurrency": "USD",
    "cik": "0000021076",
    "fillingDate": "2017-08-15",
    "acceptedDate": "2017-08-15 16:17:59",
    "calendarYear": "2017",
    "period": "FY",
    "revenue": 5973000000,
    "costOfRevenue": 3302000000,
    "grossProfit": 2671000000,
    "grossProfitRatio": 0.447178972,
    "researchAndDevelopmentExpenses": 135000000,
    "generalAndAdministrativeExpenses": 810000000,
    "sellingAndMarketingExpenses": 599000000,
    "sellingGeneralAndAdministrativeExpenses": 1409000000,
    "otherExpenses": -6000000,
    "operatingExpenses": 1544000000,
    "costAndExpenses": 4846000000,
    "interestIncome": 4000000,
    "interestExpense": 88000000,
    "depreciationAndAmortization": 163000000,
    "ebitda": 1278000000,
    "ebitdaratio": 0.2139628327,
    "operatingIncome": 1117000000,
    "operatingIncomeRatio": 0.1870082036,
    "totalOtherIncomeExpensesNet": -84000000,
    "incomeBeforeTax": 1033000000,
    "incomeBeforeTaxRatio": 0.1729449188,
    "incomeTaxExpense": 330000000,
    "netIncome": 701000000,
    "netIncomeRatio": 0.1173614599,
    "eps": 5.43,
    "epsdiluted": 5.33,
    "weightedAverageShsOut": 128953000,
    "weightedAverageShsOutDil": 131566000,
    "link": "https://www.sec.gov/Archives/edgar/data/21076/000162828017008700/0001628280-17-008700-index.htm",
    "finalLink": "https://www.sec.gov/Archives/edgar/data/21076/000162828017008700/fy17clx10k.htm"
  },
  {
    "date": "2016-06-30",
    "symbol": "CLX",
    "reportedCurrency": "USD",
    "cik": "0000021076",
    "fillingDate": "2016-09-30",
    "acceptedDate": "2016-09-30 17:00:36",
    "calendarYear": "2016",
    "period": "FY",
    "revenue": 5761000000,
    "costOfRevenue": 3163000000,
    "grossProfit": 2598000000,
    "grossProfitRatio": 0.4509633744,
    "researchAndDevelopmentExpenses": 141000000,
    "generalAndAdministrativeExpenses": 806000000,
    "sellingAndMarketingExpenses": 587000000,
    "sellingGeneralAndAdministrativeExpenses": 1393000000,
    "otherExpenses": 7000000,
    "operatingExpenses": 1534000000,
    "costAndExpenses": 4697000000,
    "interestIncome": 5000000,
    "interestExpense": 88000000,
    "depreciationAndAmortization": 165000000,
    "ebitda": 1236000000,
    "ebitdaratio": 0.2145460857,
    "operatingIncome": 1056000000,
    "operatingIncomeRatio": 0.1833015102,
    "totalOtherIncomeExpensesNet": -73000000,
    "incomeBeforeTax": 983000000,
    "incomeBeforeTaxRatio": 0.1706300989,
    "incomeTaxExpense": 335000000,
    "netIncome": 648000000,
    "netIncomeRatio": 0.1124804721,
    "eps": 5.01,
    "epsdiluted": 4.92,
    "weightedAverageShsOut": 129472000,
    "weightedAverageShsOutDil": 131717000,
    "link": "https://www.sec.gov/Archives/edgar/data/21076/000120677416007290/0001206774-16-007290-index.htm",
    "finalLink": "https://www.sec.gov/Archives/edgar/data/21076/000120677416007290/clorox3118957-10ka.htm"
  },
  {
    "date": "2015-06-30",
    "symbol": "CLX",
    "reportedCurrency": "USD",
    "cik": "0000021076",
    "fillingDate": "2015-08-21",
    "acceptedDate": "2015-08-21 16:49:06",
    "calendarYear": "2015",
    "period": "FY",
    "revenue": 5655000000,
    "costOfRevenue": 3190000000,
    "grossProfit": 2465000000,
    "grossProfitRatio": 0.4358974359,
    "researchAndDevelopmentExpenses": 136000000,
    "generalAndAdministrativeExpenses": 798000000,
    "sellingAndMarketingExpenses": 523000000,
    "sellingGeneralAndAdministrativeExpenses": 1321000000,
    "otherExpenses": 13000000,
    "operatingExpenses": 1457000000,
    "costAndExpenses": 4647000000,
    "interestIncome": 4000000,
    "interestExpense": 100000000,
    "depreciationAndAmortization": 169000000,
    "ebitda": 1185000000,
    "ebitdaratio": 0.2095490716,
    "operatingIncome": 1001000000,
    "operatingIncomeRatio": 0.1770114943,
    "totalOtherIncomeExpensesNet": -79000000,
    "incomeBeforeTax": 921000000,
    "incomeBeforeTaxRatio": 0.1628647215,
    "incomeTaxExpense": 315000000,
    "netIncome": 580000000,
    "netIncomeRatio": 0.1025641026,
    "eps": 4.45,
    "epsdiluted": 4.37,
    "weightedAverageShsOut": 130310000,
    "weightedAverageShsOutDil": 132776000,
    "link": "https://www.sec.gov/Archives/edgar/data/21076/000120677415002800/0001206774-15-002800-index.htm",
    "finalLink": "https://www.sec.gov/Archives/edgar/data/21076/000120677415002800/clorox_10k.htm"
  },
  {
    "date": "2014-06-30",
    "symbol": "CLX",
    "reportedCurrency": "USD",
    "cik": "0000021076",
    "fillingDate": "2014-08-25",
    "acceptedDate": "2014-08-25 17:22:06",
    "calendarYear": "2014",
    "period": "FY",
    "revenue": 5591000000,
    "costOfRevenue": 3231000000,
    "grossProfit": 2360000000,
    "grossProfitRatio": 0.4221069576,
    "researchAndDevelopmentExpenses": 125000000,
    "generalAndAdministrativeExpenses": 765000000,
    "sellingAndMarketingExpenses": 504000000,
    "sellingGeneralAndAdministrativeExpenses": 1269000000,
    "otherExpenses": -2000000,
    "operatingExpenses": 1394000000,
    "costAndExpenses": 4625000000,
    "interestIncome": 3000000,
    "interestExpense": 103000000,
    "depreciationAndAmortization": 180000000,
    "ebitda": 1164000000,
    "ebitdaratio": 0.2081917367,
    "operatingIncome": 959000000,
    "operatingIncomeRatio": 0.1715256662,
    "totalOtherIncomeExpensesNet": -85000000,
    "incomeBeforeTax": 861000000,
    "incomeBeforeTaxRatio": 0.153997496,
    "incomeTaxExpense": 299000000,
    "netIncome": 558000000,
    "netIncomeRatio": 0.0998032552,
    "eps": 4.31,
    "epsdiluted": 4.23,
    "weightedAverageShsOut": 129558000,
    "weightedAverageShsOutDil": 131742000,
    "link": "https://www.sec.gov/Archives/edgar/data/21076/000120677414002682/0001206774-14-002682-index.htm",
    "finalLink": "https://www.sec.gov/Archives/edgar/data/21076/000120677414002682/clorox_10k.htm"
  },
  {
    "date": "2013-06-30",
    "symbol": "CLX",
    "reportedCurrency": "USD",
    "cik": "0000021076",
    "fillingDate": "2013-08-23",
    "acceptedDate": "2013-08-23 17:05:34",
    "calendarYear": "2013",
    "period": "FY",
    "revenue": 5623000000,
    "costOfRevenue": 3211000000,
    "grossProfit": 2412000000,
    "grossProfitRatio": 0.4289525165,
    "researchAndDevelopmentExpenses": 130000000,
    "generalAndAdministrativeExpenses": 807000000,
    "sellingAndMarketingExpenses": 500000000,
    "sellingGeneralAndAdministrativeExpenses": 1307000000,
    "otherExpenses": -6000000,
    "operatingExpenses": 1437000000,
    "costAndExpenses": 4648000000,
    "interestIncome": 3000000,
    "interestExpense": 122000000,
    "depreciationAndAmortization": 182000000,
    "ebitda": 1143000000,
    "ebitdaratio": 0.2032722746,
    "operatingIncome": 969000000,
    "operatingIncomeRatio": 0.1723279388,
    "totalOtherIncomeExpensesNet": -111000000,
    "incomeBeforeTax": 853000000,
    "incomeBeforeTaxRatio": 0.1516983816,
    "incomeTaxExpense": 279000000,
    "netIncome": 572000000,
    "netIncomeRatio": 0.1017250578,
    "eps": 4.37,
    "epsdiluted": 4.3,
    "weightedAverageShsOut": 131075000,
    "weightedAverageShsOutDil": 132969000,
    "link": "https://www.sec.gov/Archives/edgar/data/21076/000120677413003034/0001206774-13-003034-index.htm",
    "finalLink": "https://www.sec.gov/Archives/edgar/data/21076/000120677413003034/clorox_10k.htm"
  },
  {
    "date": "2012-06-30",
    "symbol": "CLX",
    "reportedCurrency": "USD",
    "cik": "0000021076",
    "fillingDate": "2012-08-24",
    "acceptedDate": "2012-08-24 16:29:04",
    "calendarYear": "2012",
    "period": "FY",
    "revenue": 5468000000,
    "costOfRevenue": 3164000000,
    "grossProfit": 2304000000,
    "grossProfitRatio": 0.4213606437,
    "researchAndDevelopmentExpenses": 121000000,
    "generalAndAdministrativeExpenses": 798000000,
    "sellingAndMarketingExpenses": 482000000,
    "sellingGeneralAndAdministrativeExpenses": 1280000000,
    "otherExpenses": 1000000,
    "operatingExpenses": 1401000000,
    "costAndExpenses": 4565000000,
    "interestIncome": 3000000,
    "interestExpense": 125000000,
    "depreciationAndAmortization": 178000000,
    "ebitda": 1094000000,
    "ebitdaratio": 0.2000731529,
    "operatingIncome": 903000000,
    "operatingIncomeRatio": 0.1651426481,
    "totalOtherIncomeExpensesNet": -109000000,
    "incomeBeforeTax": 791000000,
    "incomeBeforeTaxRatio": 0.1446598391,
    "incomeTaxExpense": 248000000,
    "netIncome": 541000000,
    "netIncomeRatio": 0.0989392831,
    "eps": 4.14,
    "epsdiluted": 4.09,
    "weightedAverageShsOut": 132569000,
    "weightedAverageShsOutDil": 132569000,
    "link": "https://www.sec.gov/Archives/edgar/data/21076/000120677412003688/0001206774-12-003688-index.htm",
    "finalLink": "https://www.sec.gov/Archives/edgar/data/21076/000120677412003688/clorox_10k.htm"
  },
  {
    "date": "2011-06-30",
    "symbol": "CLX",
    "reportedCurrency": "USD",
    "cik": "0000021076",
    "fillingDate": "2011-08-26",
    "acceptedDate": "2011-08-25 18:40:13",
    "calendarYear": "2011",
    "period": "FY",
    "revenue": 5231000000,
    "costOfRevenue": 2958000000,
    "grossProfit": 2273000000,
    "grossProfitRatio": 0.4345249474,
    "researchAndDevelopmentExpenses": 115000000,
    "generalAndAdministrativeExpenses": 735000000,
    "sellingAndMarketingExpenses": 502000000,
    "sellingGeneralAndAdministrativeExpenses": 1237000000,
    "otherExpenses": -4000000,
    "operatingExpenses": 1352000000,
    "costAndExpenses": 4310000000,
    "interestIncome": 3000000,
    "interestExpense": 123000000,
    "depreciationAndAmortization": 173000000,
    "ebitda": 848000000,
    "ebitdaratio": 0.1621104951,
    "operatingIncome": 921000000,
    "operatingIncomeRatio": 0.1760657618,
    "totalOtherIncomeExpensesNet": -358000000,
    "incomeBeforeTax": 563000000,
    "incomeBeforeTaxRatio": 0.1076276047,
    "incomeTaxExpense": 276000000,
    "netIncome": 557000000,
    "netIncomeRatio": 0.1064805964,
    "eps": 4.06,
    "epsdiluted": 4.02,
    "weightedAverageShsOut": 136699000,
    "weightedAverageShsOutDil": 138101000,
    "link": "https://www.sec.gov/Archives/edgar/data/21076/000120677411001954/0001206774-11-001954-index.htm",
    "finalLink": "https://www.sec.gov/Archives/edgar/data/21076/000120677411001954/clorox_10k.htm"
  },
  {
    "date": "2010-06-30",
    "symbol": "CLX",
    "reportedCurrency": "USD",
    "cik": "0000021076",
    "fillingDate": "2010-08-26",
    "acceptedDate": "2010-08-25 20:29:57",
    "calendarYear": "2010",
    "period": "FY",
    "revenue": 5534000000,
    "costOfRevenue": 3057000000,
    "grossProfit": 2477000000,
    "grossProfitRatio": 0.4475966751,
    "researchAndDevelopmentExpenses": 119000000,
    "generalAndAdministrativeExpenses": 747000000,
    "sellingAndMarketingExpenses": 518000000,
    "sellingGeneralAndAdministrativeExpenses": 1265000000,
    "otherExpenses": 0,
    "operatingExpenses": 1409000000,
    "costAndExpenses": 4466000000,
    "interestIncome": 0,
    "interestExpense": 139000000,
    "depreciationAndAmortization": 185000000,
    "ebitda": 1127000000,
    "ebitdaratio": 0.2036501626,
    "operatingIncome": 1093000000,
    "operatingIncomeRatio": 0.1975063245,
    "totalOtherIncomeExpensesNet": -48000000,
    "incomeBeforeTax": 925000000,
    "incomeBeforeTaxRatio": 0.1671485363,
    "incomeTaxExpense": 322000000,
    "netIncome": 603000000,
    "netIncomeRatio": 0.1089627756,
    "eps": 4.28,
    "epsdiluted": 4.24,
    "weightedAverageShsOut": 140272000,
    "weightedAverageShsOutDil": 141534000,
    "link": "https://www.sec.gov/Archives/edgar/data/21076/000120677410001891/0001206774-10-001891-index.htm",
    "finalLink": "https://www.sec.gov/Archives/edgar/data/21076/000120677410001891/clorox_10k.htm"
  },
  {
    "date": "2009-06-30",
    "symbol": "CLX",
    "reportedCurrency": "USD",
    "cik": "0000021076",
    "fillingDate": "2009-08-25",
    "acceptedDate": "2009-08-25 16:14:31",
    "calendarYear": "2009",
    "period": "FY",
    "revenue": 5450000000,
    "costOfRevenue": 3104000000,
    "grossProfit": 2346000000,
    "grossProfitRatio": 0.4304587156,
    "researchAndDevelopmentExpenses": 114000000,
    "generalAndAdministrativeExpenses": 715000000,
    "sellingAndMarketingExpenses": 499000000,
    "sellingGeneralAndAdministrativeExpenses": 1214000000,
    "otherExpenses": 0,
    "operatingExpenses": 1328000000,
    "costAndExpenses": 4432000000,
    "interestIncome": 4000000,
    "interestExpense": 161000000,
    "depreciationAndAmortization": 190000000,
    "ebitda": 1152000000,
    "ebitdaratio": 0.2113761468,
    "operatingIncome": 1018000000,
    "operatingIncomeRatio": 0.1867889908,
    "totalOtherIncomeExpensesNet": -207000000,
    "incomeBeforeTax": 811000000,
    "incomeBeforeTaxRatio": 0.1488073394,
    "incomeTaxExpense": 274000000,
    "netIncome": 537000000,
    "netIncomeRatio": 0.0985321101,
    "eps": 3.86,
    "epsdiluted": 3.81,
    "weightedAverageShsOut": 139015000,
    "weightedAverageShsOutDil": 141063000,
    "link": "https://www.sec.gov/Archives/edgar/data/21076/000120677409001622/0001206774-09-001622-index.htm",
    "finalLink": "https://www.sec.gov/Archives/edgar/data/21076/000120677409001622/clorox_10k.htm"
  },
  {
    "date": "2008-06-30",
    "symbol": "CLX",
    "reportedCurrency": "USD",
    "cik": "0000021076",
    "fillingDate": "2008-08-19",
    "acceptedDate": "2008-08-18 21:00:40",
    "calendarYear": "2008",
    "period": "FY",
    "revenue": 5273000000,
    "costOfRevenue": 3098000000,
    "grossProfit": 2175000000,
    "grossProfitRatio": 0.4124786649,
    "researchAndDevelopmentExpenses": 111000000,
    "generalAndAdministrativeExpenses": 690000000,
    "sellingAndMarketingExpenses": 486000000,
    "sellingGeneralAndAdministrativeExpenses": 1176000000,
    "otherExpenses": 0,
    "operatingExpenses": 1287000000,
    "costAndExpenses": 4385000000,
    "interestIncome": 12000000,
    "interestExpense": 168000000,
    "depreciationAndAmortization": 205000000,
    "ebitda": 1054000000,
    "ebitdaratio": 0.1998862128,
    "operatingIncome": 888000000,
    "operatingIncomeRatio": 0.1684050825,
    "totalOtherIncomeExpensesNet": -195000000,
    "incomeBeforeTax": 693000000,
    "incomeBeforeTaxRatio": 0.1314242367,
    "incomeTaxExpense": 232000000,
    "netIncome": 461000000,
    "netIncomeRatio": 0.0874265124,
    "eps": 3.3,
    "epsdiluted": 3.24,
    "weightedAverageShsOut": 139633000,
    "weightedAverageShsOutDil": 142004000,
    "link": "https://www.sec.gov/Archives/edgar/data/21076/000119312508180293/0001193125-08-180293-index.htm",
    "finalLink": "https://www.sec.gov/Archives/edgar/data/21076/000119312508180293/d10k.htm"
  },
  {
    "date": "2007-06-30",
    "symbol": "CLX",
    "reportedCurrency": "USD",
    "cik": "0000021076",
    "fillingDate": "2007-08-24",
    "acceptedDate": "2007-08-24 17:09:35",
    "calendarYear": "2007",
    "period": "FY",
    "revenue": 4847000000,
    "costOfRevenue": 2756000000,
    "grossProfit": 2091000000,
    "grossProfitRatio": 0.4314008665,
    "researchAndDevelopmentExpenses": 108000000,
    "generalAndAdministrativeExpenses": 642000000,
    "sellingAndMarketingExpenses": 474000000,
    "sellingGeneralAndAdministrativeExpenses": 1116000000,
    "otherExpenses": 0,
    "operatingExpenses": 1224000000,
    "costAndExpenses": 3980000000,
    "interestIncome": 0,
    "interestExpense": 0,
    "depreciationAndAmortization": 192000000,
    "ebitda": 1059000000,
    "ebitdaratio": 0.2184856612,
    "operatingIncome": 867000000,
    "operatingIncomeRatio": 0.17887353,
    "totalOtherIncomeExpensesNet": -124000000,
    "incomeBeforeTax": 743000000,
    "incomeBeforeTaxRatio": 0.1532906953,
    "incomeTaxExpense": 247000000,
    "netIncome": 501000000,
    "netIncomeRatio": 0.1033629049,
    "eps": 3.31,
    "epsdiluted": 3.26,
    "weightedAverageShsOut": 151445000,
    "weightedAverageShsOutDil": 153935000,
    "link": "https://www.sec.gov/Archives/edgar/data/21076/000089161807000521/0000891618-07-000521-index.htm",
    "finalLink": "https://www.sec.gov/Archives/edgar/data/21076/000089161807000521/f31205e10vk.htm"
  },
  {
    "date": "2006-06-30",
    "symbol": "CLX",
    "reportedCurrency": "USD",
    "cik": "0000021076",
    "fillingDate": "2006-08-25",
    "acceptedDate": "2006-08-25 17:18:45",
    "calendarYear": "2006",
    "period": "FY",
    "revenue": 4644000000,
    "costOfRevenue": 2685000000,
    "grossProfit": 1959000000,
    "grossProfitRatio": 0.4218346253,
    "researchAndDevelopmentExpenses": 99000000,
    "generalAndAdministrativeExpenses": 631000000,
    "sellingAndMarketingExpenses": 450000000,
    "sellingGeneralAndAdministrativeExpenses": 1081000000,
    "otherExpenses": 0,
    "operatingExpenses": 1180000000,
    "costAndExpenses": 3865000000,
    "interestIncome": 0,
    "interestExpense": 0,
    "depreciationAndAmortization": 188000000,
    "ebitda": 967000000,
    "ebitdaratio": 0.2082256675,
    "operatingIncome": 779000000,
    "operatingIncomeRatio": 0.1677433247,
    "totalOtherIncomeExpensesNet": -126000000,
    "incomeBeforeTax": 653000000,
    "incomeBeforeTaxRatio": 0.1406115418,
    "incomeTaxExpense": 210000000,
    "netIncome": 444000000,
    "netIncomeRatio": 0.0956072351,
    "eps": 2.95,
    "epsdiluted": 2.9,
    "weightedAverageShsOut": 150545000,
    "weightedAverageShsOutDil": 153001000,
    "link": "https://www.sec.gov/Archives/edgar/data/21076/000095013406016835/0000950134-06-016835-index.htm",
    "finalLink": "https://www.sec.gov/Archives/edgar/data/21076/000095013406016835/f23136e10vk.htm"
  },
  {
    "date": "2005-06-30",
    "symbol": "CLX",
    "reportedCurrency": "USD",
    "cik": "0000021076",
    "fillingDate": "2005-08-31",
    "acceptedDate": "2005-08-31 17:33:58",
    "calendarYear": "2005",
    "period": "FY",
    "revenue": 4388000000,
    "costOfRevenue": 2493000000,
    "grossProfit": 1895000000,
    "grossProfitRatio": 0.4318596171,
    "researchAndDevelopmentExpenses": 88000000,
    "generalAndAdministrativeExpenses": 551000000,
    "sellingAndMarketingExpenses": 435000000,
    "sellingGeneralAndAdministrativeExpenses": 986000000,
    "otherExpenses": 4000000,
    "operatingExpenses": 1078000000,
    "costAndExpenses": 3571000000,
    "interestIncome": 0,
    "interestExpense": 0,
    "depreciationAndAmortization": 190000000,
    "ebitda": 982000000,
    "ebitdaratio": 0.2237921604,
    "operatingIncome": 817000000,
    "operatingIncomeRatio": 0.186189608,
    "totalOtherIncomeExpensesNet": -92000000,
    "incomeBeforeTax": 729000000,
    "incomeBeforeTaxRatio": 0.1661349134,
    "incomeTaxExpense": 214000000,
    "netIncome": 1096000000,
    "netIncomeRatio": 0.2497721057,
    "eps": 6.2,
    "epsdiluted": 6.11,
    "weightedAverageShsOut": 176586000,
    "weightedAverageShsOutDil": 179176000,
    "link": "https://www.sec.gov/Archives/edgar/data/21076/000110465905042311/0001104659-05-042311-index.htm",
    "finalLink": "https://www.sec.gov/Archives/edgar/data/21076/000110465905042311/a05-15203_110k.htm"
  },
  {
    "date": "2004-06-30",
    "symbol": "CLX",
    "reportedCurrency": "USD",
    "cik": "0000021076",
    "fillingDate": "2004-08-27",
    "acceptedDate": "2004-08-27 13:59:09",
    "calendarYear": "2004",
    "period": "FY",
    "revenue": 4324000000,
    "costOfRevenue": 2387000000,
    "grossProfit": 1937000000,
    "grossProfitRatio": 0.4479648474,
    "researchAndDevelopmentExpenses": 84000000,
    "generalAndAdministrativeExpenses": 552000000,
    "sellingAndMarketingExpenses": 429000000,
    "sellingGeneralAndAdministrativeExpenses": 981000000,
    "otherExpenses": 0,
    "operatingExpenses": 1065000000,
    "costAndExpenses": 3452000000,
    "interestIncome": 0,
    "interestExpense": 0,
    "depreciationAndAmortization": 197000000,
    "ebitda": 973000000,
    "ebitdaratio": 0.2250231267,
    "operatingIncome": 872000000,
    "operatingIncomeRatio": 0.2016651249,
    "totalOtherIncomeExpensesNet": -32000000,
    "incomeBeforeTax": 840000000,
    "incomeBeforeTaxRatio": 0.1942645698,
    "incomeTaxExpense": 294000000,
    "netIncome": 549000000,
    "netIncomeRatio": 0.1269657724,
    "eps": 2.59,
    "epsdiluted": 2.56,
    "weightedAverageShsOut": 211683000,
    "weightedAverageShsOutDil": 214371000,
    "link": "https://www.sec.gov/Archives/edgar/data/21076/000002107604000063/0000021076-04-000063-index.htm",
    "finalLink": "https://www.sec.gov/Archives/edgar/data/21076/000002107604000063/f10ktext.htm"
  },
  {
    "date": "2003-06-30",
    "symbol": "CLX",
    "reportedCurrency": "USD",
    "cik": "0000021076",
    "fillingDate": "2003-09-19",
    "acceptedDate": "2003-09-19 13:07:33",
    "calendarYear": "2003",
    "period": "FY",
    "revenue": 4144000000,
    "costOfRevenue": 2225000000,
    "grossProfit": 1919000000,
    "grossProfitRatio": 0.4630791506,
    "researchAndDevelopmentExpenses": 76000000,
    "generalAndAdministrativeExpenses": 532000000,
    "sellingAndMarketingExpenses": 456000000,
    "sellingGeneralAndAdministrativeExpenses": 988000000,
    "otherExpenses": 0,
    "operatingExpenses": 1064000000,
    "costAndExpenses": 3289000000,
    "interestIncome": 0,
    "interestExpense": 0,
    "depreciationAndAmortization": 191000000,
    "ebitda": 949000000,
    "ebitdaratio": 0.2290057915,
    "operatingIncome": 855000000,
    "operatingIncomeRatio": 0.2063223938,
    "totalOtherIncomeExpensesNet": -53000000,
    "incomeBeforeTax": 802000000,
    "incomeBeforeTaxRatio": 0.1935328185,
    "incomeTaxExpense": 288000000,
    "netIncome": 493000000,
    "netIncomeRatio": 0.1189671815,
    "eps": 2.26,
    "epsdiluted": 2.23,
    "weightedAverageShsOut": 218174000,
    "weightedAverageShsOutDil": 220692000,
    "link": "https://www.sec.gov/Archives/edgar/data/21076/000002107603000124/0000021076-03-000124-index.htm",
    "finalLink": "https://www.sec.gov/Archives/edgar/data/21076/000002107603000124/text.htm"
  },
  {
    "date": "2002-06-30",
    "symbol": "CLX",
    "reportedCurrency": "USD",
    "cik": "0000021076",
    "fillingDate": "2002-09-26",
    "acceptedDate": "2002-09-26 14:01:13",
    "calendarYear": "2002",
    "period": "FY",
    "revenue": 4061000000,
    "costOfRevenue": 2308000000,
    "grossProfit": 1753000000,
    "grossProfitRatio": 0.4316670771,
    "researchAndDevelopmentExpenses": 67000000,
    "generalAndAdministrativeExpenses": 537000000,
    "sellingAndMarketingExpenses": 397000000,
    "sellingGeneralAndAdministrativeExpenses": 934000000,
    "otherExpenses": 0,
    "operatingExpenses": 1001000000,
    "costAndExpenses": 3309000000,
    "interestIncome": 0,
    "interestExpense": 0,
    "depreciationAndAmortization": 190000000,
    "ebitda": 949000000,
    "ebitdaratio": 0.2336862842,
    "operatingIncome": 752000000,
    "operatingIncomeRatio": 0.185176065,
    "totalOtherIncomeExpensesNet": -199000000,
    "incomeBeforeTax": 498000000,
    "incomeBeforeTaxRatio": 0.1226298941,
    "incomeTaxExpense": 176000000,
    "netIncome": 322000000,
    "netIncomeRatio": 0.0792908151,
    "eps": 1.39,
    "epsdiluted": 1.37,
    "weightedAverageShsOut": 231849000,
    "weightedAverageShsOutDil": 234704000,
    "link": "https://www.sec.gov/Archives/edgar/data/21076/000002107602000019/0000021076-02-000019-index.htm",
    "finalLink": "https://www.sec.gov/Archives/edgar/data/21076/000002107602000019/tidiedtext.htm"
  },
  {
    "date": "2001-06-30",
    "symbol": "CLX",
    "reportedCurrency": "USD",
    "cik": "0000021076",
    "fillingDate": "2001-09-28",
    "acceptedDate": "2001-09-28 00:00:00",
    "calendarYear": "2001",
    "period": "FY",
    "revenue": 3903000000,
    "costOfRevenue": 2319000000,
    "grossProfit": 1584000000,
    "grossProfitRatio": 0.4058416603,
    "researchAndDevelopmentExpenses": 67000000,
    "generalAndAdministrativeExpenses": 495000000,
    "sellingAndMarketingExpenses": 352000000,
    "sellingGeneralAndAdministrativeExpenses": 847000000,
    "otherExpenses": 60000000,
    "operatingExpenses": 974000000,
    "costAndExpenses": 3293000000,
    "interestIncome": 0,
    "interestExpense": 0,
    "depreciationAndAmortization": 225000000,
    "ebitda": 835000000,
    "ebitdaratio": 0.2139379964,
    "operatingIncome": 610000000,
    "operatingIncomeRatio": 0.1562900333,
    "totalOtherIncomeExpensesNet": -123000000,
    "incomeBeforeTax": 487000000,
    "incomeBeforeTaxRatio": 0.1247758135,
    "incomeTaxExpense": 162000000,
    "netIncome": 323000000,
    "netIncomeRatio": 0.0827568537,
    "eps": 1.37,
    "epsdiluted": 1.35,
    "weightedAverageShsOut": 236149000,
    "weightedAverageShsOutDil": 239483000,
    "link": "https://www.sec.gov/Archives/edgar/data/21076/000095014901501457/0000950149-01-501457-index.htm",
    "finalLink": "https://www.sec.gov/Archives/edgar/data/21076/000095014901501457/f75998e10-k.txt"
  },
  {
    "date": "2000-06-30",
    "symbol": "CLX",
    "reportedCurrency": "USD",
    "cik": "0000021076",
    "fillingDate": "2000-09-26",
    "acceptedDate": "2000-09-26 00:00:00",
    "calendarYear": "2000",
    "period": "FY",
    "revenue": 4083000000,
    "costOfRevenue": 2049000000,
    "grossProfit": 2034000000,
    "grossProfitRatio": 0.4981631154,
    "researchAndDevelopmentExpenses": 63000000,
    "generalAndAdministrativeExpenses": 525000000,
    "sellingAndMarketingExpenses": 371000000,
    "sellingGeneralAndAdministrativeExpenses": 990000000,
    "otherExpenses": 201000000,
    "operatingExpenses": 1254000000,
    "costAndExpenses": 3303000000,
    "interestIncome": 0,
    "interestExpense": 0,
    "depreciationAndAmortization": 201000000,
    "ebitda": 926000000,
    "ebitdaratio": 0.226794024,
    "operatingIncome": 780000000,
    "operatingIncomeRatio": 0.1910360029,
    "totalOtherIncomeExpensesNet": -103000000,
    "incomeBeforeTax": 622000000,
    "incomeBeforeTaxRatio": 0.1523389664,
    "incomeTaxExpense": 228000000,
    "netIncome": 394000000,
    "netIncomeRatio": 0.0964976733,
    "eps": 1.67,
    "epsdiluted": 1.64,
    "weightedAverageShsOut": 236108000,
    "weightedAverageShsOutDil": 239614000,
    "link": "https://www.sec.gov/Archives/edgar/data/21076/000002107600000003/0000021076-00-000003-index.htm",
    "finalLink": "https://www.sec.gov/Archives/edgar/data/21076/000002107600000003/0000021076-00-000003-0001.txt"
  },
  {
    "date": "1999-06-30",
    "symbol": "CLX",
    "reportedCurrency": "USD",
    "cik": "0000021076",
    "fillingDate": "1999-09-28",
    "acceptedDate": "1999-09-28 00:00:00",
    "calendarYear": "1999",
    "period": "FY",
    "revenue": 4003000000,
    "costOfRevenue": 1783000000,
    "grossProfit": 2220000000,
    "grossProfitRatio": 0.554584062,
    "researchAndDevelopmentExpenses": 62000000,
    "generalAndAdministrativeExpenses": 554000000,
    "sellingAndMarketingExpenses": 357000000,
    "sellingGeneralAndAdministrativeExpenses": 1278000000,
    "otherExpenses": 202000000,
    "operatingExpenses": 1542000000,
    "costAndExpenses": 3325000000,
    "interestIncome": 0,
    "interestExpense": 0,
    "depreciationAndAmortization": 202000000,
    "ebitda": 872000000,
    "ebitdaratio": 0.2178366225,
    "operatingIncome": 678000000,
    "operatingIncomeRatio": 0.1693729703,
    "totalOtherIncomeExpensesNet": -240000000,
    "incomeBeforeTax": 430000000,
    "incomeBeforeTaxRatio": 0.1074194354,
    "incomeTaxExpense": 184000000,
    "netIncome": 246000000,
    "netIncomeRatio": 0.0614539096,
    "eps": 0.53,
    "epsdiluted": 0.52,
    "weightedAverageShsOut": 235364000,
    "weightedAverageShsOutDil": 240002000,
    "link": "https://www.sec.gov/Archives/edgar/data/21076/000002107699000008/0000021076-99-000008-index.html",
    "finalLink": "https://www.sec.gov/Archives/edgar/data/21076/000002107699000008/"
  },
  {
    "date": "1998-06-30",
    "symbol": "CLX",
    "reportedCurrency": "USD",
    "cik": "0000021076",
    "fillingDate": "1998-09-28",
    "acceptedDate": "1998-09-28 00:00:00",
    "calendarYear": "1998",
    "period": "FY",
    "revenue": 2741300000,
    "costOfRevenue": 1054900000,
    "grossProfit": 1686400000,
    "grossProfitRatio": 0.6151825776,
    "researchAndDevelopmentExpenses": 56000000,
    "generalAndAdministrativeExpenses": 0,
    "sellingAndMarketingExpenses": 0,
    "sellingGeneralAndAdministrativeExpenses": 954700000,
    "otherExpenses": 137600000,
    "operatingExpenses": 1148300000,
    "costAndExpenses": 2203200000,
    "interestIncome": 0,
    "interestExpense": 0,
    "depreciationAndAmortization": 137600000,
    "ebitda": 798000000,
    "ebitdaratio": 0.2911027615,
    "operatingIncome": 538100000,
    "operatingIncomeRatio": 0.1962937293,
    "totalOtherIncomeExpensesNet": 17900000,
    "incomeBeforeTax": 472000000,
    "incomeBeforeTaxRatio": 0.172181082,
    "incomeTaxExpense": 174000000,
    "netIncome": 343000000,
    "netIncomeRatio": 0.1251231168,
    "eps": 1.65,
    "epsdiluted": 1.65,
    "weightedAverageShsOut": 207567000,
    "weightedAverageShsOutDil": 207567000,
    "link": "https://www.sec.gov/Archives/edgar/data/21076/000002107698000006/0000021076-98-000006-index.html",
    "finalLink": "https://www.sec.gov/Archives/edgar/data/21076/"
  },
  {
    "date": "1997-06-30",
    "symbol": "CLX",
    "reportedCurrency": "USD",
    "cik": "0000021076",
    "fillingDate": "1997-09-25",
    "acceptedDate": "1997-09-25 00:00:00",
    "calendarYear": "1997",
    "period": "FY",
    "revenue": 2532700000,
    "costOfRevenue": 997100000,
    "grossProfit": 1535600000,
    "grossProfitRatio": 0.6063094721,
    "researchAndDevelopmentExpenses": 50500000,
    "generalAndAdministrativeExpenses": 0,
    "sellingAndMarketingExpenses": 0,
    "sellingGeneralAndAdministrativeExpenses": 892300000,
    "otherExpenses": 126400000,
    "operatingExpenses": 1069200000,
    "costAndExpenses": 2066300000,
    "interestIncome": 0,
    "interestExpense": 0,
    "depreciationAndAmortization": 126400000,
    "ebitda": 719000000,
    "ebitdaratio": 0.2838867612,
    "operatingIncome": 466400000,
    "operatingIncomeRatio": 0.184151301,
    "totalOtherIncomeExpensesNet": 32600000,
    "incomeBeforeTax": 416000000,
    "incomeBeforeTaxRatio": 0.1642515892,
    "incomeTaxExpense": 166600000,
    "netIncome": 300000000,
    "netIncomeRatio": 0.1184506653,
    "eps": 0.32,
    "epsdiluted": 0.31,
    "weightedAverageShsOut": 206628000,
    "weightedAverageShsOutDil": 210680000,
    "link": "https://www.sec.gov/Archives/edgar/data/21076/000002107697000008/0000021076-97-000008-index.html",
    "finalLink": "https://www.sec.gov/Archives/edgar/data/21076/"
  },
  {
    "date": "1996-06-30",
    "symbol": "CLX",
    "reportedCurrency": "USD",
    "cik": "0000021076",
    "fillingDate": "1996-09-26",
    "acceptedDate": "1996-09-26 00:00:00",
    "calendarYear": "1996",
    "period": "FY",
    "revenue": 2217800000,
    "costOfRevenue": 890700000,
    "grossProfit": 1327100000,
    "grossProfitRatio": 0.5983857877,
    "researchAndDevelopmentExpenses": 45800000,
    "generalAndAdministrativeExpenses": 0,
    "sellingAndMarketingExpenses": 0,
    "sellingGeneralAndAdministrativeExpenses": 749800000,
    "otherExpenses": 116500000,
    "operatingExpenses": 912100000,
    "costAndExpenses": 1802800000,
    "interestIncome": 0,
    "interestExpense": 0,
    "depreciationAndAmortization": 116500000,
    "ebitda": 531500000,
    "ebitdaratio": 0.2396519073,
    "operatingIncome": 415000000,
    "operatingIncomeRatio": 0.1871223735,
    "totalOtherIncomeExpensesNet": -44600000,
    "incomeBeforeTax": 370400000,
    "incomeBeforeTaxRatio": 0.1670123546,
    "incomeTaxExpense": 148300000,
    "netIncome": 222100000,
    "netIncomeRatio": 0.1001442871,
    "eps": 1.07,
    "epsdiluted": 1.07,
    "weightedAverageShsOut": 206626000,
    "weightedAverageShsOutDil": 206626000,
    "link": "https://www.sec.gov/Archives/edgar/data/21076/000002107696000004/0000021076-96-000004-index.html",
    "finalLink": "https://www.sec.gov/Archives/edgar/data/21076/"
  },
  {
    "date": "1995-06-30",
    "symbol": "CLX",
    "reportedCurrency": "USD",
    "cik": "0000021076",
    "fillingDate": "1995-10-11",
    "acceptedDate": "1995-10-11 00:00:00",
    "calendarYear": "1995",
    "period": "FY",
    "revenue": 1984200000,
    "costOfRevenue": 788300000,
    "grossProfit": 1195900000,
    "grossProfitRatio": 0.6027114202,
    "researchAndDevelopmentExpenses": 44800000,
    "generalAndAdministrativeExpenses": 0,
    "sellingAndMarketingExpenses": 0,
    "sellingGeneralAndAdministrativeExpenses": 688100000,
    "otherExpenses": 103900000,
    "operatingExpenses": 836800000,
    "costAndExpenses": 1625100000,
    "interestIncome": 0,
    "interestExpense": 0,
    "depreciationAndAmortization": 103900000,
    "ebitda": 463000000,
    "ebitdaratio": 0.233343413,
    "operatingIncome": 359100000,
    "operatingIncomeRatio": 0.1809797399,
    "totalOtherIncomeExpensesNet": -21200000,
    "incomeBeforeTax": 337900000,
    "incomeBeforeTaxRatio": 0.1702953331,
    "incomeTaxExpense": 137100000,
    "netIncome": 200800000,
    "netIncomeRatio": 0.1011994759,
    "eps": 0.95,
    "epsdiluted": 0.95,
    "weightedAverageShsOut": 210874000,
    "weightedAverageShsOutDil": 210874000,
    "link": "https://www.sec.gov/Archives/edgar/data/21076/000002107695000008/0000021076-95-000008-index.html",
    "finalLink": "https://www.sec.gov/Archives/edgar/data/21076/"
  },
  {
    "date": "1994-06-30",
    "symbol": "CLX",
    "reportedCurrency": "USD",
    "cik": "0000021076",
    "fillingDate": "1994-09-26",
    "acceptedDate": "1994-09-26 00:00:00",
    "calendarYear": "1994",
    "period": "FY",
    "revenue": 1836900000,
    "costOfRevenue": 726300000,
    "grossProfit": 1110600000,
    "grossProfitRatio": 0.6046055855,
    "researchAndDevelopmentExpenses": 0,
    "generalAndAdministrativeExpenses": 0,
    "sellingAndMarketingExpenses": 0,
    "sellingGeneralAndAdministrativeExpenses": 690700000,
    "otherExpenses": 94100000,
    "operatingExpenses": 784800000,
    "costAndExpenses": 1511100000,
    "interestIncome": 0,
    "interestExpense": 0,
    "depreciationAndAmortization": 94100000,
    "ebitda": 419900000,
    "ebitdaratio": 0.228591649,
    "operatingIncome": 325800000,
    "operatingIncomeRatio": 0.1773640372,
    "totalOtherIncomeExpensesNet": -19200000,
    "incomeBeforeTax": 306600000,
    "incomeBeforeTaxRatio": 0.1669116446,
    "incomeTaxExpense": 126600000,
    "netIncome": 212100000,
    "netIncomeRatio": 0.1154662747,
    "eps": 0.99,
    "epsdiluted": 0.99,
    "weightedAverageShsOut": 215200000,
    "weightedAverageShsOutDil": 215200000,
    "link": "https://www.sec.gov/Archives/edgar/data/21076/000002107694000006/0000021076-94-000006-index.html",
    "finalLink": "https://www.sec.gov/Archives/edgar/data/21076/"
  },
  {
    "date": "1993-06-30",
    "symbol": "CLX",
    "reportedCurrency": "USD",
    "cik": "0000021076",
    "fillingDate": "1993-06-30",
    "acceptedDate": "1993-06-29 20:00:00",
    "calendarYear": "1993",
    "period": "FY",
    "revenue": 1634200000,
    "costOfRevenue": 641200000,
    "grossProfit": 993000000,
    "grossProfitRatio": 0.6076367642,
    "researchAndDevelopmentExpenses": 0,
    "generalAndAdministrativeExpenses": 0,
    "sellingAndMarketingExpenses": 0,
    "sellingGeneralAndAdministrativeExpenses": 613100000,
    "otherExpenses": 83600000,
    "operatingExpenses": 696700000,
    "costAndExpenses": 1337900000,
    "interestIncome": 0,
    "interestExpense": 0,
    "depreciationAndAmortization": 83600000,
    "ebitda": 379900000,
    "ebitdaratio": 0.2324684861,
    "operatingIncome": 296300000,
    "operatingIncomeRatio": 0.1813119569,
    "totalOtherIncomeExpensesNet": -21100000,
    "incomeBeforeTax": 275200000,
    "incomeBeforeTaxRatio": 0.1684004406,
    "incomeTaxExpense": 107300000,
    "netIncome": 167000000,
    "netIncomeRatio": 0.1021906743,
    "eps": 0.19,
    "epsdiluted": 0.19,
    "weightedAverageShsOut": 219400000,
    "weightedAverageShsOutDil": 219400000,
    "link": "",
    "finalLink": ""
  },
  {
    "date": "1992-06-30",
    "symbol": "CLX",
    "reportedCurrency": "USD",
    "cik": "0000021076",
    "fillingDate": "1992-06-30",
    "acceptedDate": "1992-06-29 20:00:00",
    "calendarYear": "1992",
    "period": "FY",
    "revenue": 1717000000,
    "costOfRevenue": 689300000,
    "grossProfit": 1027700000,
    "grossProfitRatio": 0.598543972,
    "researchAndDevelopmentExpenses": 0,
    "generalAndAdministrativeExpenses": 0,
    "sellingAndMarketingExpenses": 0,
    "sellingGeneralAndAdministrativeExpenses": 682000000,
    "otherExpenses": 89600000,
    "operatingExpenses": 771600000,
    "costAndExpenses": 1460900000,
    "interestIncome": 0,
    "interestExpense": 0,
    "depreciationAndAmortization": 89600000,
    "ebitda": 345700000,
    "ebitdaratio": 0.2013395457,
    "operatingIncome": 256100000,
    "operatingIncomeRatio": 0.1491555038,
    "totalOtherIncomeExpensesNet": -45200000,
    "incomeBeforeTax": 210900000,
    "incomeBeforeTaxRatio": 0.1228305183,
    "incomeTaxExpense": 93100000,
    "netIncome": 98700000,
    "netIncomeRatio": 0.0574839837,
    "eps": 0.12,
    "epsdiluted": 0.12,
    "weightedAverageShsOut": 218180000,
    "weightedAverageShsOutDil": 218180000,
    "link": "",
    "finalLink": ""
  },
  {
    "date": "1991-06-30",
    "symbol": "CLX",
    "reportedCurrency": "USD",
    "cik": "0000021076",
    "fillingDate": "1991-06-30",
    "acceptedDate": "1991-06-29 20:00:00",
    "calendarYear": "1991",
    "period": "FY",
    "revenue": 1646500000,
    "costOfRevenue": 691900000,
    "grossProfit": 954600000,
    "grossProfitRatio": 0.5797752809,
    "researchAndDevelopmentExpenses": 0,
    "generalAndAdministrativeExpenses": 0,
    "sellingAndMarketingExpenses": 0,
    "sellingGeneralAndAdministrativeExpenses": 754900000,
    "otherExpenses": 87000000,
    "operatingExpenses": 841900000,
    "costAndExpenses": 1533800000,
    "interestIncome": 0,
    "interestExpense": 0,
    "depreciationAndAmortization": 87000000,
    "ebitda": 199700000,
    "ebitdaratio": 0.1212875797,
    "operatingIncome": 112700000,
    "operatingIncomeRatio": 0.0684482235,
    "totalOtherIncomeExpensesNet": -26600000,
    "incomeBeforeTax": 86100000,
    "incomeBeforeTaxRatio": 0.0522927422,
    "incomeTaxExpense": 33400000,
    "netIncome": 52700000,
    "netIncomeRatio": 0.0320072882,
    "eps": 0.0625,
    "epsdiluted": 0.0625,
    "weightedAverageShsOut": 216784000,
    "weightedAverageShsOutDil": 216784000,
    "link": "",
    "finalLink": ""
  },
  {
    "date": "1990-06-30",
    "symbol": "CLX",
    "reportedCurrency": "USD",
    "cik": "0000021076",
    "fillingDate": "1990-06-30",
    "acceptedDate": "1990-06-29 20:00:00",
    "calendarYear": "1990",
    "period": "FY",
    "revenue": 1484000000,
    "costOfRevenue": 655300000,
    "grossProfit": 828700000,
    "grossProfitRatio": 0.5584231806,
    "researchAndDevelopmentExpenses": 0,
    "generalAndAdministrativeExpenses": 0,
    "sellingAndMarketingExpenses": 0,
    "sellingGeneralAndAdministrativeExpenses": 562100000,
    "otherExpenses": 50100000,
    "operatingExpenses": 612200000,
    "costAndExpenses": 1267500000,
    "interestIncome": 0,
    "interestExpense": 0,
    "depreciationAndAmortization": 50100000,
    "ebitda": 266600000,
    "ebitdaratio": 0.1796495957,
    "operatingIncome": 216500000,
    "operatingIncomeRatio": 0.1458894879,
    "totalOtherIncomeExpensesNet": 27100000,
    "incomeBeforeTax": 243600000,
    "incomeBeforeTaxRatio": 0.1641509434,
    "incomeTaxExpense": 90000000,
    "netIncome": 153600000,
    "netIncomeRatio": 0.1035040431,
    "eps": 0.18,
    "epsdiluted": 0.18,
    "weightedAverageShsOut": 216128000,
    "weightedAverageShsOutDil": 216128000,
    "link": "",
    "finalLink": ""
  },
  {
    "date": "1989-06-30",
    "symbol": "CLX",
    "reportedCurrency": "USD",
    "cik": "0000021076",
    "fillingDate": "1989-06-30",
    "acceptedDate": "1989-06-29 20:00:00",
    "calendarYear": "1989",
    "period": "FY",
    "revenue": 1356300000,
    "costOfRevenue": 597500000,
    "grossProfit": 758800000,
    "grossProfitRatio": 0.5594632456,
    "researchAndDevelopmentExpenses": 0,
    "generalAndAdministrativeExpenses": 0,
    "sellingAndMarketingExpenses": 0,
    "sellingGeneralAndAdministrativeExpenses": 507400000,
    "otherExpenses": 44700000,
    "operatingExpenses": 552100000,
    "costAndExpenses": 1149600000,
    "interestIncome": 0,
    "interestExpense": 0,
    "depreciationAndAmortization": 44700000,
    "ebitda": 251400000,
    "ebitdaratio": 0.1853572219,
    "operatingIncome": 206700000,
    "operatingIncomeRatio": 0.1523999115,
    "totalOtherIncomeExpensesNet": 23000000,
    "incomeBeforeTax": 229700000,
    "incomeBeforeTaxRatio": 0.1693578117,
    "incomeTaxExpense": 84100000,
    "netIncome": 124200000,
    "netIncomeRatio": 0.0915726609,
    "eps": 0.14,
    "epsdiluted": 0.14,
    "weightedAverageShsOut": 221592000,
    "weightedAverageShsOutDil": 221592000,
    "link": "",
    "finalLink": ""
  },
  {
    "date": "1988-06-30",
    "symbol": "CLX",
    "reportedCurrency": "USD",
    "cik": "0000021076",
    "fillingDate": "1988-06-30",
    "acceptedDate": "1988-06-29 20:00:00",
    "calendarYear": "1988",
    "period": "FY",
    "revenue": 1259900000,
    "costOfRevenue": 541800000,
    "grossProfit": 718100000,
    "grossProfitRatio": 0.5699658703,
    "researchAndDevelopmentExpenses": 0,
    "generalAndAdministrativeExpenses": 0,
    "sellingAndMarketingExpenses": 0,
    "sellingGeneralAndAdministrativeExpenses": 473400000,
    "otherExpenses": 37500000,
    "operatingExpenses": 510900000,
    "costAndExpenses": 1052700000,
    "interestIncome": 0,
    "interestExpense": 0,
    "depreciationAndAmortization": 37500000,
    "ebitda": 244700000,
    "ebitdaratio": 0.1942217636,
    "operatingIncome": 207200000,
    "operatingIncomeRatio": 0.1644574966,
    "totalOtherIncomeExpensesNet": 4600000,
    "incomeBeforeTax": 211800000,
    "incomeBeforeTaxRatio": 0.16810858,
    "incomeTaxExpense": 79200000,
    "netIncome": 132600000,
    "netIncomeRatio": 0.1052464481,
    "eps": 0.16,
    "epsdiluted": 0.15,
    "weightedAverageShsOut": 216176000,
    "weightedAverageShsOutDil": 216176000,
    "link": "",
    "finalLink": ""
  },
  {
    "date": "1987-06-30",
    "symbol": "CLX",
    "reportedCurrency": "USD",
    "cik": "0000021076",
    "fillingDate": "1987-06-30",
    "acceptedDate": "1987-06-29 20:00:00",
    "calendarYear": "1987",
    "period": "FY",
    "revenue": 1126000000,
    "costOfRevenue": 498700000,
    "grossProfit": 627300000,
    "grossProfitRatio": 0.5571047957,
    "researchAndDevelopmentExpenses": 0,
    "generalAndAdministrativeExpenses": 0,
    "sellingAndMarketingExpenses": 0,
    "sellingGeneralAndAdministrativeExpenses": 422100000,
    "otherExpenses": 31400000,
    "operatingExpenses": 453500000,
    "costAndExpenses": 952200000,
    "interestIncome": 0,
    "interestExpense": 0,
    "depreciationAndAmortization": 31400000,
    "ebitda": 205200000,
    "ebitdaratio": 0.1822380107,
    "operatingIncome": 173800000,
    "operatingIncomeRatio": 0.1543516874,
    "totalOtherIncomeExpensesNet": 12800000,
    "incomeBeforeTax": 186600000,
    "incomeBeforeTaxRatio": 0.1657193606,
    "incomeTaxExpense": 81700000,
    "netIncome": 104900000,
    "netIncomeRatio": 0.0931616341,
    "eps": 0.12,
    "epsdiluted": 0.12,
    "weightedAverageShsOut": 214212000,
    "weightedAverageShsOutDil": 214212000,
    "link": "",
    "finalLink": ""
  },
  {
    "date": "1986-06-30",
    "symbol": "CLX",
    "reportedCurrency": "USD",
    "cik": "0000021076",
    "fillingDate": "1986-06-30",
    "acceptedDate": "1986-06-29 20:00:00",
    "calendarYear": "1986",
    "period": "FY",
    "revenue": 1089100000,
    "costOfRevenue": 498000000,
    "grossProfit": 591100000,
    "grossProfitRatio": 0.5427417133,
    "researchAndDevelopmentExpenses": 0,
    "generalAndAdministrativeExpenses": 0,
    "sellingAndMarketingExpenses": 0,
    "sellingGeneralAndAdministrativeExpenses": 389900000,
    "otherExpenses": 27100000,
    "operatingExpenses": 417000000,
    "costAndExpenses": 915000000,
    "interestIncome": 0,
    "interestExpense": 0,
    "depreciationAndAmortization": 27100000,
    "ebitda": 201200000,
    "ebitdaratio": 0.1847396933,
    "operatingIncome": 174100000,
    "operatingIncomeRatio": 0.1598567625,
    "totalOtherIncomeExpensesNet": 1200000,
    "incomeBeforeTax": 175300000,
    "incomeBeforeTaxRatio": 0.1609585897,
    "incomeTaxExpense": 79700000,
    "netIncome": 95600000,
    "netIncomeRatio": 0.0877789,
    "eps": 0.0563,
    "epsdiluted": 0.055,
    "weightedAverageShsOut": 213368000,
    "weightedAverageShsOutDil": 213368000,
    "link": "",
    "finalLink": ""
  }
]