[
  {
    "date": "2025-06-30",
    "symbol": "CMCSA",
    "reportedCurrency": "USD",
    "cik": "0001166691",
    "fillingDate": "2025-07-31",
    "acceptedDate": "2025-07-31 15:18:28",
    "calendarYear": "2025",
    "period": "Q2",
    "revenue": 30313000000,
    "costOfRevenue": 11730000000,
    "grossProfit": 18583000000,
    "grossProfitRatio": 0.6130373107,
    "researchAndDevelopmentExpenses": 0,
    "generalAndAdministrativeExpenses": 10422000000,
    "sellingAndMarketingExpenses": 2168000000,
    "sellingGeneralAndAdministrativeExpenses": 12590000000,
    "otherExpenses": 0,
    "operatingExpenses": 12590000000,
    "costAndExpenses": 24320000000,
    "interestIncome": 0,
    "interestExpense": 1105000000,
    "depreciationAndAmortization": 4154000000,
    "ebitda": 19907000000,
    "ebitdaratio": 0.6567149408,
    "operatingIncome": 5993000000,
    "operatingIncomeRatio": 0.1977039554,
    "totalOtherIncomeExpensesNet": 8654000000,
    "incomeBeforeTax": 14647000000,
    "incomeBeforeTaxRatio": 0.4831920298,
    "incomeTaxExpense": 3603000000,
    "netIncome": 11123000000,
    "netIncomeRatio": 0.3669382773,
    "eps": 2.96,
    "epsdiluted": 2.97,
    "weightedAverageShsOut": 3756000000,
    "weightedAverageShsOutDil": 3756000000,
    "link": "https://www.sec.gov/Archives/edgar/data/1166691/000116669125000036/0001166691-25-000036-index.htm",
    "finalLink": "https://www.sec.gov/Archives/edgar/data/1166691/000116669125000036/cmcsa-20250630.htm"
  },
  {
    "date": "2025-03-31",
    "symbol": "CMCSA",
    "reportedCurrency": "USD",
    "cik": "0001166691",
    "fillingDate": "2025-04-24",
    "acceptedDate": "2025-04-24 15:14:01",
    "calendarYear": "2025",
    "period": "Q1",
    "revenue": 29887000000,
    "costOfRevenue": 12264000000,
    "grossProfit": 17623000000,
    "grossProfitRatio": 0.5896543648,
    "researchAndDevelopmentExpenses": 0,
    "generalAndAdministrativeExpenses": 0,
    "sellingAndMarketingExpenses": 0,
    "sellingGeneralAndAdministrativeExpenses": 11964000000,
    "otherExpenses": 0,
    "operatingExpenses": 11964000000,
    "costAndExpenses": 24228000000,
    "interestIncome": 0,
    "interestExpense": 1050000000,
    "depreciationAndAmortization": 3849000000,
    "ebitda": 9392000000,
    "ebitdaratio": 0.314250343,
    "operatingIncome": 5659000000,
    "operatingIncomeRatio": 0.1893465386,
    "totalOtherIncomeExpensesNet": -1167000000,
    "incomeBeforeTax": 4492000000,
    "incomeBeforeTaxRatio": 0.1502994613,
    "incomeTaxExpense": 1196000000,
    "netIncome": 3375000000,
    "netIncomeRatio": 0.1129253522,
    "eps": 0.9,
    "epsdiluted": 0.89,
    "weightedAverageShsOut": 3744297368,
    "weightedAverageShsOutDil": 3784000000,
    "link": "https://www.sec.gov/Archives/edgar/data/1166691/000116669125000021/0001166691-25-000021-index.htm",
    "finalLink": "https://www.sec.gov/Archives/edgar/data/1166691/000116669125000021/cmcsa-20250331.htm"
  },
  {
    "date": "2024-12-31",
    "symbol": "CMCSA",
    "reportedCurrency": "USD",
    "cik": "0001166691",
    "fillingDate": "2025-01-31",
    "acceptedDate": "2025-01-31 16:10:33",
    "calendarYear": "2024",
    "period": "Q4",
    "revenue": 31915000000,
    "costOfRevenue": 13860000000,
    "grossProfit": 18055000000,
    "grossProfitRatio": 0.5657214476,
    "researchAndDevelopmentExpenses": 0,
    "generalAndAdministrativeExpenses": 0,
    "sellingAndMarketingExpenses": 0,
    "sellingGeneralAndAdministrativeExpenses": 13062000000,
    "otherExpenses": 0,
    "operatingExpenses": 13062000000,
    "costAndExpenses": 26922000000,
    "interestIncome": 0,
    "interestExpense": 1069000000,
    "depreciationAndAmortization": 3833000000,
    "ebitda": 8475000000,
    "ebitdaratio": 0.2655491148,
    "operatingIncome": 4993000000,
    "operatingIncomeRatio": 0.1564468118,
    "totalOtherIncomeExpensesNet": -1419000000,
    "incomeBeforeTax": 3574000000,
    "incomeBeforeTaxRatio": 0.1119849601,
    "incomeTaxExpense": -1110000000,
    "netIncome": 4777000000,
    "netIncomeRatio": 0.1496788344,
    "eps": 1.24,
    "epsdiluted": 1.24,
    "weightedAverageShsOut": 3842000000,
    "weightedAverageShsOutDil": 3842000000,
    "link": "https://www.sec.gov/Archives/edgar/data/1166691/000116669125000011/0001166691-25-000011-index.htm",
    "finalLink": "https://www.sec.gov/Archives/edgar/data/1166691/000116669125000011/cmcsa-20241231.htm"
  },
  {
    "date": "2024-09-30",
    "symbol": "CMCSA",
    "reportedCurrency": "USD",
    "cik": "0001166691",
    "fillingDate": "2024-10-31",
    "acceptedDate": "2024-10-31 15:09:51",
    "calendarYear": "2024",
    "period": "Q3",
    "revenue": 32070000000,
    "costOfRevenue": 14094000000,
    "grossProfit": 17976000000,
    "grossProfitRatio": 0.5605238541,
    "researchAndDevelopmentExpenses": 0,
    "generalAndAdministrativeExpenses": 0,
    "sellingAndMarketingExpenses": 0,
    "sellingGeneralAndAdministrativeExpenses": 12117000000,
    "otherExpenses": 0,
    "operatingExpenses": 12117000000,
    "costAndExpenses": 26211000000,
    "interestIncome": 0,
    "interestExpense": 1037000000,
    "depreciationAndAmortization": 3878000000,
    "ebitda": 9734000000,
    "ebitdaratio": 0.3035235423,
    "operatingIncome": 5859000000,
    "operatingIncomeRatio": 0.1826941066,
    "totalOtherIncomeExpensesNet": -1040000000,
    "incomeBeforeTax": 4819000000,
    "incomeBeforeTaxRatio": 0.1502650452,
    "incomeTaxExpense": 1243000000,
    "netIncome": 3629000000,
    "netIncomeRatio": 0.1131587153,
    "eps": 0.94,
    "epsdiluted": 0.94,
    "weightedAverageShsOut": 3861000000,
    "weightedAverageShsOutDil": 3880000000,
    "link": "https://www.sec.gov/Archives/edgar/data/1166691/000116669124000056/0001166691-24-000056-index.htm",
    "finalLink": "https://www.sec.gov/Archives/edgar/data/1166691/000116669124000056/cmcsa-20240930.htm"
  },
  {
    "date": "2024-06-30",
    "symbol": "CMCSA",
    "reportedCurrency": "USD",
    "cik": "0001166691",
    "fillingDate": "2024-07-23",
    "acceptedDate": "2024-07-23 13:28:43",
    "calendarYear": "2024",
    "period": "Q2",
    "revenue": 29688000000,
    "costOfRevenue": 11501000000,
    "grossProfit": 18187000000,
    "grossProfitRatio": 0.6126044193,
    "researchAndDevelopmentExpenses": 0,
    "generalAndAdministrativeExpenses": 0,
    "sellingAndMarketingExpenses": 0,
    "sellingGeneralAndAdministrativeExpenses": 11552000000,
    "otherExpenses": 0,
    "operatingExpenses": 11552000000,
    "costAndExpenses": 23053000000,
    "interestIncome": 0,
    "interestExpense": 1026000000,
    "depreciationAndAmortization": 3540000000,
    "ebitda": 9741000000,
    "ebitdaratio": 0.3281123686,
    "operatingIncome": 6635000000,
    "operatingIncomeRatio": 0.2234909728,
    "totalOtherIncomeExpensesNet": -1460000000,
    "incomeBeforeTax": 5175000000,
    "incomeBeforeTaxRatio": 0.1743128537,
    "incomeTaxExpense": 1336000000,
    "netIncome": 3929000000,
    "netIncomeRatio": 0.1323430342,
    "eps": 1.01,
    "epsdiluted": 1,
    "weightedAverageShsOut": 3905000000,
    "weightedAverageShsOutDil": 3920000000,
    "link": "https://www.sec.gov/Archives/edgar/data/1166691/000116669124000048/0001166691-24-000048-index.htm",
    "finalLink": "https://www.sec.gov/Archives/edgar/data/1166691/000116669124000048/cmcsa-20240630.htm"
  },
  {
    "date": "2024-03-31",
    "symbol": "CMCSA",
    "reportedCurrency": "USD",
    "cik": "0001166691",
    "fillingDate": "2024-04-25",
    "acceptedDate": "2024-04-25 15:09:56",
    "calendarYear": "2024",
    "period": "Q1",
    "revenue": 30058000000,
    "costOfRevenue": 12374000000,
    "grossProfit": 17684000000,
    "grossProfitRatio": 0.5883292302,
    "researchAndDevelopmentExpenses": 0,
    "generalAndAdministrativeExpenses": 0,
    "sellingAndMarketingExpenses": 0,
    "sellingGeneralAndAdministrativeExpenses": 11875000000,
    "otherExpenses": 0,
    "operatingExpenses": 11875000000,
    "costAndExpenses": 24249000000,
    "interestIncome": 0,
    "interestExpense": 1002000000,
    "depreciationAndAmortization": 3551000000,
    "ebitda": 9658000000,
    "ebitdaratio": 0.3213121299,
    "operatingIncome": 5809000000,
    "operatingIncomeRatio": 0.1932596979,
    "totalOtherIncomeExpensesNet": -704000000,
    "incomeBeforeTax": 5105000000,
    "incomeBeforeTaxRatio": 0.1698383126,
    "incomeTaxExpense": 1328000000,
    "netIncome": 3857000000,
    "netIncomeRatio": 0.1283185841,
    "eps": 0.97,
    "epsdiluted": 0.97,
    "weightedAverageShsOut": 3959000000,
    "weightedAverageShsOutDil": 3992000000,
    "link": "https://www.sec.gov/Archives/edgar/data/1166691/000116669124000031/0001166691-24-000031-index.htm",
    "finalLink": "https://www.sec.gov/Archives/edgar/data/1166691/000116669124000031/cmcsa-20240331.htm"
  },
  {
    "date": "2023-12-31",
    "symbol": "CMCSA",
    "reportedCurrency": "USD",
    "cik": "0001166691",
    "fillingDate": "2024-01-31",
    "acceptedDate": "2024-01-31 15:42:48",
    "calendarYear": "2023",
    "period": "Q4",
    "revenue": 31253000000,
    "costOfRevenue": 13784000000,
    "grossProfit": 17469000000,
    "grossProfitRatio": 0.5589543404,
    "researchAndDevelopmentExpenses": 0,
    "generalAndAdministrativeExpenses": 0,
    "sellingAndMarketingExpenses": 0,
    "sellingGeneralAndAdministrativeExpenses": 12985000000,
    "otherExpenses": 0,
    "operatingExpenses": 12985000000,
    "costAndExpenses": 26769000000,
    "interestIncome": 0,
    "interestExpense": 1019000000,
    "depreciationAndAmortization": 3529000000,
    "ebitda": 8591000000,
    "ebitdaratio": 0.274885611,
    "operatingIncome": 4484000000,
    "operatingIncomeRatio": 0.1434742265,
    "totalOtherIncomeExpensesNet": -441000000,
    "incomeBeforeTax": 4044000000,
    "incomeBeforeTaxRatio": 0.129395578,
    "incomeTaxExpense": 890000000,
    "netIncome": 3260000000,
    "netIncomeRatio": 0.1043099862,
    "eps": 0.82,
    "epsdiluted": 0.81,
    "weightedAverageShsOut": 3986525848,
    "weightedAverageShsOutDil": 4039000000,
    "link": "https://www.sec.gov/Archives/edgar/data/1166691/000116669124000011/0001166691-24-000011-index.htm",
    "finalLink": "https://www.sec.gov/Archives/edgar/data/1166691/000116669124000011/cmcsa-20231231.htm"
  },
  {
    "date": "2023-09-30",
    "symbol": "CMCSA",
    "reportedCurrency": "USD",
    "cik": "0001166691",
    "fillingDate": "2023-10-26",
    "acceptedDate": "2023-10-26 14:52:11",
    "calendarYear": "2023",
    "period": "Q3",
    "revenue": 30115000000,
    "costOfRevenue": 12145000000,
    "grossProfit": 17970000000,
    "grossProfitRatio": 0.5967126017,
    "researchAndDevelopmentExpenses": 0,
    "generalAndAdministrativeExpenses": 0,
    "sellingAndMarketingExpenses": 0,
    "sellingGeneralAndAdministrativeExpenses": 11495000000,
    "otherExpenses": 0,
    "operatingExpenses": 11495000000,
    "costAndExpenses": 23640000000,
    "interestIncome": 0,
    "interestExpense": 1060000000,
    "depreciationAndAmortization": 3492000000,
    "ebitda": 10018000000,
    "ebitdaratio": 0.3326581438,
    "operatingIncome": 6475000000,
    "operatingIncomeRatio": 0.2150091317,
    "totalOtherIncomeExpensesNet": -1010000000,
    "incomeBeforeTax": 5465000000,
    "incomeBeforeTaxRatio": 0.1814710277,
    "incomeTaxExpense": 1468000000,
    "netIncome": 4046000000,
    "netIncomeRatio": 0.134351652,
    "eps": 0.98,
    "epsdiluted": 0.98,
    "weightedAverageShsOut": 4109000000,
    "weightedAverageShsOutDil": 4141000000,
    "link": "https://www.sec.gov/Archives/edgar/data/1166691/000116669123000040/0001166691-23-000040-index.htm",
    "finalLink": "https://www.sec.gov/Archives/edgar/data/1166691/000116669123000040/cmcsa-20230930.htm"
  },
  {
    "date": "2023-06-30",
    "symbol": "CMCSA",
    "reportedCurrency": "USD",
    "cik": "0001166691",
    "fillingDate": "2023-07-27",
    "acceptedDate": "2023-07-27 15:10:06",
    "calendarYear": "2023",
    "period": "Q2",
    "revenue": 30513000000,
    "costOfRevenue": 12387000000,
    "grossProfit": 18126000000,
    "grossProfitRatio": 0.5940418838,
    "researchAndDevelopmentExpenses": 0,
    "generalAndAdministrativeExpenses": 0,
    "sellingAndMarketingExpenses": 0,
    "sellingGeneralAndAdministrativeExpenses": 11417000000,
    "otherExpenses": 0,
    "operatingExpenses": 11417000000,
    "costAndExpenses": 23804000000,
    "interestIncome": 0,
    "interestExpense": 998000000,
    "depreciationAndAmortization": 3538000000,
    "ebitda": 10262000000,
    "ebitdaratio": 0.3363156687,
    "operatingIncome": 6709000000,
    "operatingIncomeRatio": 0.2198734965,
    "totalOtherIncomeExpensesNet": -983000000,
    "incomeBeforeTax": 5726000000,
    "incomeBeforeTaxRatio": 0.1876577197,
    "incomeTaxExpense": 1537000000,
    "netIncome": 4248000000,
    "netIncomeRatio": 0.1392193491,
    "eps": 1.02,
    "epsdiluted": 1.02,
    "weightedAverageShsOut": 4165000000,
    "weightedAverageShsOutDil": 4183000000,
    "link": "https://www.sec.gov/Archives/edgar/data/1166691/000116669123000032/0001166691-23-000032-index.htm",
    "finalLink": "https://www.sec.gov/Archives/edgar/data/1166691/000116669123000032/cmcsa-20230630.htm"
  },
  {
    "date": "2023-03-31",
    "symbol": "CMCSA",
    "reportedCurrency": "USD",
    "cik": "0001166691",
    "fillingDate": "2023-04-27",
    "acceptedDate": "2023-04-27 15:17:11",
    "calendarYear": "2023",
    "period": "Q1",
    "revenue": 29691000000,
    "costOfRevenue": 12781000000,
    "grossProfit": 16910000000,
    "grossProfitRatio": 0.5695328551,
    "researchAndDevelopmentExpenses": 0,
    "generalAndAdministrativeExpenses": 0,
    "sellingAndMarketingExpenses": 0,
    "sellingGeneralAndAdministrativeExpenses": 11264000000,
    "otherExpenses": 0,
    "operatingExpenses": 11264000000,
    "costAndExpenses": 24045000000,
    "interestIncome": 0,
    "interestExpense": 1010000000,
    "depreciationAndAmortization": 3777000000,
    "ebitda": 10030000000,
    "ebitdaratio": 0.3378128052,
    "operatingIncome": 5646000000,
    "operatingIncomeRatio": 0.1901586339,
    "totalOtherIncomeExpensesNet": -403000000,
    "incomeBeforeTax": 5243000000,
    "incomeBeforeTaxRatio": 0.1765854973,
    "incomeTaxExpense": 1476000000,
    "netIncome": 3834000000,
    "netIncomeRatio": 0.1291300394,
    "eps": 0.91,
    "epsdiluted": 0.91,
    "weightedAverageShsOut": 4208000000,
    "weightedAverageShsOutDil": 4227000000,
    "link": "https://www.sec.gov/Archives/edgar/data/1166691/000116669123000024/0001166691-23-000024-index.htm",
    "finalLink": "https://www.sec.gov/Archives/edgar/data/1166691/000116669123000024/cmcsa-20230331.htm"
  },
  {
    "date": "2022-12-31",
    "symbol": "CMCSA",
    "reportedCurrency": "USD",
    "cik": "0001166691",
    "fillingDate": "2023-02-03",
    "acceptedDate": "2023-02-03 12:15:04",
    "calendarYear": "2022",
    "period": "Q4",
    "revenue": 30552000000,
    "costOfRevenue": 13279000000,
    "grossProfit": 17273000000,
    "grossProfitRatio": 0.5653639696,
    "researchAndDevelopmentExpenses": 0,
    "generalAndAdministrativeExpenses": 0,
    "sellingAndMarketingExpenses": 0,
    "sellingGeneralAndAdministrativeExpenses": 12743000000,
    "otherExpenses": 0,
    "operatingExpenses": 12743000000,
    "costAndExpenses": 26022000000,
    "interestIncome": 0,
    "interestExpense": 974000000,
    "depreciationAndAmortization": 3472000000,
    "ebitda": 8117000000,
    "ebitdaratio": 0.265678188,
    "operatingIncome": 4530000000,
    "operatingIncomeRatio": 0.1482717989,
    "totalOtherIncomeExpensesNet": -860000000,
    "incomeBeforeTax": 3670000000,
    "incomeBeforeTaxRatio": 0.1201230689,
    "incomeTaxExpense": 797000000,
    "netIncome": 3023000000,
    "netIncomeRatio": 0.0989460592,
    "eps": 0.72,
    "epsdiluted": 0.7,
    "weightedAverageShsOut": 4220119391,
    "weightedAverageShsOutDil": 4290000000,
    "link": "https://www.sec.gov/Archives/edgar/data/1166691/000116669123000010/0001166691-23-000010-index.htm",
    "finalLink": "https://www.sec.gov/Archives/edgar/data/1166691/000116669123000010/cmcsa-20221231.htm"
  },
  {
    "date": "2022-09-30",
    "symbol": "CMCSA",
    "reportedCurrency": "USD",
    "cik": "0001166691",
    "fillingDate": "2022-10-27",
    "acceptedDate": "2022-10-27 15:05:20",
    "calendarYear": "2022",
    "period": "Q3",
    "revenue": 29849000000,
    "costOfRevenue": 12282000000,
    "grossProfit": 17567000000,
    "grossProfitRatio": 0.5885289289,
    "researchAndDevelopmentExpenses": 0,
    "generalAndAdministrativeExpenses": 0,
    "sellingAndMarketingExpenses": 0,
    "sellingGeneralAndAdministrativeExpenses": 11410000000,
    "otherExpenses": 0,
    "operatingExpenses": 11410000000,
    "costAndExpenses": 23692000000,
    "interestIncome": 0,
    "interestExpense": 960000000,
    "depreciationAndAmortization": 3333000000,
    "ebitda": 641000000,
    "ebitdaratio": 0.0214747563,
    "operatingIncome": 6157000000,
    "operatingIncomeRatio": 0.2062715669,
    "totalOtherIncomeExpensesNet": -9809000000,
    "incomeBeforeTax": -3652000000,
    "incomeBeforeTaxRatio": -0.1223491574,
    "incomeTaxExpense": 1014000000,
    "netIncome": -4598000000,
    "netIncomeRatio": -0.1540420115,
    "eps": -1.07,
    "epsdiluted": -1.07,
    "weightedAverageShsOut": 4377000000,
    "weightedAverageShsOutDil": 4377000000,
    "link": "https://www.sec.gov/Archives/edgar/data/1166691/000116669122000039/0001166691-22-000039-index.htm",
    "finalLink": "https://www.sec.gov/Archives/edgar/data/1166691/000116669122000039/cmcsa-20220930.htm"
  },
  {
    "date": "2022-06-30",
    "symbol": "CMCSA",
    "reportedCurrency": "USD",
    "cik": "0001166691",
    "fillingDate": "2022-07-28",
    "acceptedDate": "2022-07-28 14:53:41",
    "calendarYear": "2022",
    "period": "Q2",
    "revenue": 30016000000,
    "costOfRevenue": 12355000000,
    "grossProfit": 17661000000,
    "grossProfitRatio": 0.588386194,
    "researchAndDevelopmentExpenses": 0,
    "generalAndAdministrativeExpenses": 0,
    "sellingAndMarketingExpenses": 0,
    "sellingGeneralAndAdministrativeExpenses": 11294000000,
    "otherExpenses": 0,
    "operatingExpenses": 11294000000,
    "costAndExpenses": 23649000000,
    "interestIncome": 0,
    "interestExpense": 968000000,
    "depreciationAndAmortization": 3468000000,
    "ebitda": 8938000000,
    "ebitdaratio": 0.2977745203,
    "operatingIncome": 6367000000,
    "operatingIncomeRatio": 0.2121202026,
    "totalOtherIncomeExpensesNet": -1865000000,
    "incomeBeforeTax": 4502000000,
    "incomeBeforeTaxRatio": 0.1499866738,
    "incomeTaxExpense": 1261000000,
    "netIncome": 3396000000,
    "netIncomeRatio": 0.1131396588,
    "eps": 0.76,
    "epsdiluted": 0.76,
    "weightedAverageShsOut": 4457000000,
    "weightedAverageShsOutDil": 4482000000,
    "link": "https://www.sec.gov/Archives/edgar/data/1166691/000116669122000030/0001166691-22-000030-index.htm",
    "finalLink": "https://www.sec.gov/Archives/edgar/data/1166691/000116669122000030/cmcsa-20220630.htm"
  },
  {
    "date": "2022-03-31",
    "symbol": "CMCSA",
    "reportedCurrency": "USD",
    "cik": "0001166691",
    "fillingDate": "2022-04-28",
    "acceptedDate": "2022-04-28 16:04:27",
    "calendarYear": "2022",
    "period": "Q1",
    "revenue": 31010000000,
    "costOfRevenue": 14118000000,
    "grossProfit": 16892000000,
    "grossProfitRatio": 0.5447275073,
    "researchAndDevelopmentExpenses": 0,
    "generalAndAdministrativeExpenses": 0,
    "sellingAndMarketingExpenses": 0,
    "sellingGeneralAndAdministrativeExpenses": 11322000000,
    "otherExpenses": 0,
    "operatingExpenses": 11322000000,
    "costAndExpenses": 25440000000,
    "interestIncome": 0,
    "interestExpense": 993000000,
    "depreciationAndAmortization": 3548000000,
    "ebitda": 9306000000,
    "ebitdaratio": 0.300096743,
    "operatingIncome": 5570000000,
    "operatingIncomeRatio": 0.1796194776,
    "totalOtherIncomeExpensesNet": -806000000,
    "incomeBeforeTax": 4764000000,
    "incomeBeforeTaxRatio": 0.153627862,
    "incomeTaxExpense": 1288000000,
    "netIncome": 3549000000,
    "netIncomeRatio": 0.1144469526,
    "eps": 0.79,
    "epsdiluted": 0.78,
    "weightedAverageShsOut": 4512000000,
    "weightedAverageShsOutDil": 4558000000,
    "link": "https://www.sec.gov/Archives/edgar/data/1166691/000116669122000018/0001166691-22-000018-index.htm",
    "finalLink": "https://www.sec.gov/Archives/edgar/data/1166691/000116669122000018/cmcsa-20220331.htm"
  },
  {
    "date": "2021-12-31",
    "symbol": "CMCSA",
    "reportedCurrency": "USD",
    "cik": "0001166691",
    "fillingDate": "2022-02-02",
    "acceptedDate": "2022-02-02 15:15:17",
    "calendarYear": "2021",
    "period": "Q4",
    "revenue": 30336000000,
    "costOfRevenue": 13461000000,
    "grossProfit": 16875000000,
    "grossProfitRatio": 0.5562697785,
    "researchAndDevelopmentExpenses": 0,
    "generalAndAdministrativeExpenses": 0,
    "sellingAndMarketingExpenses": 0,
    "sellingGeneralAndAdministrativeExpenses": 12054000000,
    "otherExpenses": 0,
    "operatingExpenses": 12054000000,
    "costAndExpenses": 25515000000,
    "interestIncome": 0,
    "interestExpense": 1120000000,
    "depreciationAndAmortization": 3582000000,
    "ebitda": 8459000000,
    "ebitdaratio": 0.2788436181,
    "operatingIncome": 4821000000,
    "operatingIncomeRatio": 0.1589200949,
    "totalOtherIncomeExpensesNet": -936000000,
    "incomeBeforeTax": 3885000000,
    "incomeBeforeTaxRatio": 0.1280656646,
    "incomeTaxExpense": 905000000,
    "netIncome": 3057000000,
    "netIncomeRatio": 0.1007713608,
    "eps": 0.67,
    "epsdiluted": 0.66,
    "weightedAverageShsOut": 4533230325,
    "weightedAverageShsOutDil": 4613000000,
    "link": "https://www.sec.gov/Archives/edgar/data/1166691/000116669122000009/0001166691-22-000009-index.htm",
    "finalLink": "https://www.sec.gov/Archives/edgar/data/1166691/000116669122000009/cmcsa-20211231.htm"
  },
  {
    "date": "2021-09-30",
    "symbol": "CMCSA",
    "reportedCurrency": "USD",
    "cik": "0001166691",
    "fillingDate": "2021-10-28",
    "acceptedDate": "2021-10-28 14:16:59",
    "calendarYear": "2021",
    "period": "Q3",
    "revenue": 30298000000,
    "costOfRevenue": 13873000000,
    "grossProfit": 16425000000,
    "grossProfitRatio": 0.5421149911,
    "researchAndDevelopmentExpenses": 0,
    "generalAndAdministrativeExpenses": 0,
    "sellingAndMarketingExpenses": 0,
    "sellingGeneralAndAdministrativeExpenses": 10976000000,
    "otherExpenses": 0,
    "operatingExpenses": 10976000000,
    "costAndExpenses": 24849000000,
    "interestIncome": 0,
    "interestExpense": 1050000000,
    "depreciationAndAmortization": 3477000000,
    "ebitda": 9693000000,
    "ebitdaratio": 0.3199221071,
    "operatingIncome": 5449000000,
    "operatingIncomeRatio": 0.1798468546,
    "totalOtherIncomeExpensesNet": -283000000,
    "incomeBeforeTax": 5166000000,
    "incomeBeforeTaxRatio": 0.170506304,
    "incomeTaxExpense": 1235000000,
    "netIncome": 4035000000,
    "netIncomeRatio": 0.1331771074,
    "eps": 0.88,
    "epsdiluted": 0.86,
    "weightedAverageShsOut": 4588000000,
    "weightedAverageShsOutDil": 4665000000,
    "link": "https://www.sec.gov/Archives/edgar/data/1166691/000116669121000036/0001166691-21-000036-index.htm",
    "finalLink": "https://www.sec.gov/Archives/edgar/data/1166691/000116669121000036/cmcsa-20210930.htm"
  },
  {
    "date": "2021-06-30",
    "symbol": "CMCSA",
    "reportedCurrency": "USD",
    "cik": "0001166691",
    "fillingDate": "2021-07-29",
    "acceptedDate": "2021-07-29 15:45:07",
    "calendarYear": "2021",
    "period": "Q2",
    "revenue": 28546000000,
    "costOfRevenue": 12639000000,
    "grossProfit": 15907000000,
    "grossProfitRatio": 0.5572409444,
    "researchAndDevelopmentExpenses": 0,
    "generalAndAdministrativeExpenses": 0,
    "sellingAndMarketingExpenses": 0,
    "sellingGeneralAndAdministrativeExpenses": 10400000000,
    "otherExpenses": 0,
    "operatingExpenses": 10400000000,
    "costAndExpenses": 23039000000,
    "interestIncome": 0,
    "interestExpense": 1093000000,
    "depreciationAndAmortization": 3383000000,
    "ebitda": 10106000000,
    "ebitdaratio": 0.3540250823,
    "operatingIncome": 5507000000,
    "operatingIncomeRatio": 0.1929166959,
    "totalOtherIncomeExpensesNet": 123000000,
    "incomeBeforeTax": 5630000000,
    "incomeBeforeTaxRatio": 0.1972255307,
    "incomeTaxExpense": 2000000000,
    "netIncome": 3738000000,
    "netIncomeRatio": 0.1309465424,
    "eps": 0.81,
    "epsdiluted": 0.8,
    "weightedAverageShsOut": 4601000000,
    "weightedAverageShsOutDil": 4673000000,
    "link": "https://www.sec.gov/Archives/edgar/data/1166691/000116669121000029/0001166691-21-000029-index.htm",
    "finalLink": "https://www.sec.gov/Archives/edgar/data/1166691/000116669121000029/cmcsa-20210630.htm"
  },
  {
    "date": "2021-03-31",
    "symbol": "CMCSA",
    "reportedCurrency": "USD",
    "cik": "0001166691",
    "fillingDate": "2021-04-29",
    "acceptedDate": "2021-04-29 15:22:23",
    "calendarYear": "2021",
    "period": "Q1",
    "revenue": 27205000000,
    "costOfRevenue": 12281000000,
    "grossProfit": 14924000000,
    "grossProfitRatio": 0.5485756295,
    "researchAndDevelopmentExpenses": 0,
    "generalAndAdministrativeExpenses": 0,
    "sellingAndMarketingExpenses": 0,
    "sellingGeneralAndAdministrativeExpenses": 9885000000,
    "otherExpenses": 0,
    "operatingExpenses": 9885000000,
    "costAndExpenses": 22166000000,
    "interestIncome": 0,
    "interestExpense": 1018000000,
    "depreciationAndAmortization": 3362000000,
    "ebitda": 8791000000,
    "ebitdaratio": 0.3231391288,
    "operatingIncome": 5039000000,
    "operatingIncomeRatio": 0.1852233045,
    "totalOtherIncomeExpensesNet": -628000000,
    "incomeBeforeTax": 4411000000,
    "incomeBeforeTaxRatio": 0.1621393126,
    "incomeTaxExpense": 1119000000,
    "netIncome": 3329000000,
    "netIncomeRatio": 0.1223672119,
    "eps": 0.73,
    "epsdiluted": 0.71,
    "weightedAverageShsOut": 4591000000,
    "weightedAverageShsOutDil": 4665000000,
    "link": "https://www.sec.gov/Archives/edgar/data/1166691/000116669121000020/0001166691-21-000020-index.htm",
    "finalLink": "https://www.sec.gov/Archives/edgar/data/1166691/000116669121000020/cmcsa-20210331.htm"
  },
  {
    "date": "2020-12-31",
    "symbol": "CMCSA",
    "reportedCurrency": "USD",
    "cik": "0001166691",
    "fillingDate": "2021-02-04",
    "acceptedDate": "2021-02-03 18:08:14",
    "calendarYear": "2020",
    "period": "Q4",
    "revenue": 27708000000,
    "costOfRevenue": 12690000000,
    "grossProfit": 15018000000,
    "grossProfitRatio": 0.5420095279,
    "researchAndDevelopmentExpenses": 0,
    "generalAndAdministrativeExpenses": 0,
    "sellingAndMarketingExpenses": 0,
    "sellingGeneralAndAdministrativeExpenses": 11084000000,
    "otherExpenses": 0,
    "operatingExpenses": 11084000000,
    "costAndExpenses": 23774000000,
    "interestIncome": 0,
    "interestExpense": 1044000000,
    "depreciationAndAmortization": 3252000000,
    "ebitda": 8712000000,
    "ebitdaratio": 0.3144218276,
    "operatingIncome": 3934000000,
    "operatingIncomeRatio": 0.1419806554,
    "totalOtherIncomeExpensesNet": 482000000,
    "incomeBeforeTax": 4416000000,
    "incomeBeforeTaxRatio": 0.1593763534,
    "incomeTaxExpense": 979000000,
    "netIncome": 3380000000,
    "netIncomeRatio": 0.1219864299,
    "eps": 0.74,
    "epsdiluted": 0.73,
    "weightedAverageShsOut": 4580656172,
    "weightedAverageShsOutDil": 4645000000,
    "link": "https://www.sec.gov/Archives/edgar/data/1166691/000116669121000008/0001166691-21-000008-index.htm",
    "finalLink": "https://www.sec.gov/Archives/edgar/data/1166691/000116669121000008/cmcsa-20201231.htm"
  },
  {
    "date": "2020-09-30",
    "symbol": "CMCSA",
    "reportedCurrency": "USD",
    "cik": "0001166691",
    "fillingDate": "2020-10-29",
    "acceptedDate": "2020-10-29 15:03:25",
    "calendarYear": "2020",
    "period": "Q3",
    "revenue": 25532000000,
    "costOfRevenue": 11885000000,
    "grossProfit": 13647000000,
    "grossProfitRatio": 0.5345057183,
    "researchAndDevelopmentExpenses": 0,
    "generalAndAdministrativeExpenses": 0,
    "sellingAndMarketingExpenses": 0,
    "sellingGeneralAndAdministrativeExpenses": 9384000000,
    "otherExpenses": 0,
    "operatingExpenses": 9384000000,
    "costAndExpenses": 21269000000,
    "interestIncome": 0,
    "interestExpense": 1220000000,
    "depreciationAndAmortization": 3320000000,
    "ebitda": 7310000000,
    "ebitdaratio": 0.286307379,
    "operatingIncome": 4263000000,
    "operatingIncomeRatio": 0.1669669434,
    "totalOtherIncomeExpensesNet": -1493000000,
    "incomeBeforeTax": 2770000000,
    "incomeBeforeTaxRatio": 0.108491305,
    "incomeTaxExpense": 739000000,
    "netIncome": 2019000000,
    "netIncomeRatio": 0.0790772364,
    "eps": 0.44,
    "epsdiluted": 0.44,
    "weightedAverageShsOut": 4577000000,
    "weightedAverageShsOutDil": 4628000000,
    "link": "https://www.sec.gov/Archives/edgar/data/1166691/000116669120000032/0001166691-20-000032-index.htm",
    "finalLink": "https://www.sec.gov/Archives/edgar/data/1166691/000116669120000032/cmcsa-20200930.htm"
  },
  {
    "date": "2020-06-30",
    "symbol": "CMCSA",
    "reportedCurrency": "USD",
    "cik": "0001166691",
    "fillingDate": "2020-07-30",
    "acceptedDate": "2020-07-30 18:31:48",
    "calendarYear": "2020",
    "period": "Q2",
    "revenue": 23715000000,
    "costOfRevenue": 10081000000,
    "grossProfit": 13634000000,
    "grossProfitRatio": 0.5749103943,
    "researchAndDevelopmentExpenses": 0,
    "generalAndAdministrativeExpenses": 0,
    "sellingAndMarketingExpenses": 0,
    "sellingGeneralAndAdministrativeExpenses": 8971000000,
    "otherExpenses": 0,
    "operatingExpenses": 8971000000,
    "costAndExpenses": 19052000000,
    "interestIncome": 0,
    "interestExpense": 1112000000,
    "depreciationAndAmortization": 3264000000,
    "ebitda": 8331000000,
    "ebitdaratio": 0.3512966477,
    "operatingIncome": 4663000000,
    "operatingIncomeRatio": 0.1966266076,
    "totalOtherIncomeExpensesNet": -708000000,
    "incomeBeforeTax": 3955000000,
    "incomeBeforeTaxRatio": 0.1667720852,
    "incomeTaxExpense": 946000000,
    "netIncome": 2988000000,
    "netIncomeRatio": 0.1259962049,
    "eps": 0.65,
    "epsdiluted": 0.65,
    "weightedAverageShsOut": 4570000000,
    "weightedAverageShsOutDil": 4607000000,
    "link": "https://www.sec.gov/Archives/edgar/data/1166691/000116669120000024/0001166691-20-000024-index.htm",
    "finalLink": "https://www.sec.gov/Archives/edgar/data/1166691/000116669120000024/cmcsa-6302020x10q.htm"
  },
  {
    "date": "2020-03-31",
    "symbol": "CMCSA",
    "reportedCurrency": "USD",
    "cik": "0001166691",
    "fillingDate": "2020-04-30",
    "acceptedDate": "2020-04-30 15:24:15",
    "calendarYear": "2020",
    "period": "Q1",
    "revenue": 26609000000,
    "costOfRevenue": 11565000000,
    "grossProfit": 15044000000,
    "grossProfitRatio": 0.5653726183,
    "researchAndDevelopmentExpenses": 0,
    "generalAndAdministrativeExpenses": 0,
    "sellingAndMarketingExpenses": 0,
    "sellingGeneralAndAdministrativeExpenses": 10178000000,
    "otherExpenses": 0,
    "operatingExpenses": 10178000000,
    "costAndExpenses": 21743000000,
    "interestIncome": 0,
    "interestExpense": 1212000000,
    "depreciationAndAmortization": 3264000000,
    "ebitda": 7400000000,
    "ebitdaratio": 0.2781013943,
    "operatingIncome": 4866000000,
    "operatingIncomeRatio": 0.1828704574,
    "totalOtherIncomeExpensesNet": -1942000000,
    "incomeBeforeTax": 2924000000,
    "incomeBeforeTaxRatio": 0.109887632,
    "incomeTaxExpense": 700000000,
    "netIncome": 2147000000,
    "netIncomeRatio": 0.0806869856,
    "eps": 0.47,
    "epsdiluted": 0.46,
    "weightedAverageShsOut": 4562000000,
    "weightedAverageShsOutDil": 4617000000,
    "link": "https://www.sec.gov/Archives/edgar/data/1166691/000116669120000017/0001166691-20-000017-index.htm",
    "finalLink": "https://www.sec.gov/Archives/edgar/data/1166691/000116669120000017/cmcsa-3312020x10q.htm"
  },
  {
    "date": "2019-12-31",
    "symbol": "CMCSA",
    "reportedCurrency": "USD",
    "cik": "0001166691",
    "fillingDate": "2020-01-30",
    "acceptedDate": "2020-01-30 16:41:57",
    "calendarYear": "2019",
    "period": "Q4",
    "revenue": 28398000000,
    "costOfRevenue": 12477000000,
    "grossProfit": 15921000000,
    "grossProfitRatio": 0.5606380731,
    "researchAndDevelopmentExpenses": 0,
    "generalAndAdministrativeExpenses": 0,
    "sellingAndMarketingExpenses": 0,
    "sellingGeneralAndAdministrativeExpenses": 10662000000,
    "otherExpenses": 0,
    "operatingExpenses": 10662000000,
    "costAndExpenses": 23139000000,
    "interestIncome": 0,
    "interestExpense": 1113000000,
    "depreciationAndAmortization": 3177000000,
    "ebitda": 8351000000,
    "ebitdaratio": 0.2940700049,
    "operatingIncome": 5259000000,
    "operatingIncomeRatio": 0.1851890978,
    "totalOtherIncomeExpensesNet": -1198000000,
    "incomeBeforeTax": 4061000000,
    "incomeBeforeTaxRatio": 0.1430030284,
    "incomeTaxExpense": 861000000,
    "netIncome": 3162000000,
    "netIncomeRatio": 0.1113458694,
    "eps": 0.69,
    "epsdiluted": 0.68,
    "weightedAverageShsOut": 4553034645,
    "weightedAverageShsOutDil": 4623000000,
    "link": "https://www.sec.gov/Archives/edgar/data/1166691/000116669120000008/0001166691-20-000008-index.htm",
    "finalLink": "https://www.sec.gov/Archives/edgar/data/902739/000116669120000008/cmcsa-12312019x10k.htm"
  },
  {
    "date": "2019-09-30",
    "symbol": "CMCSA",
    "reportedCurrency": "USD",
    "cik": "0001166691",
    "fillingDate": "2019-10-24",
    "acceptedDate": "2019-10-24 15:28:40",
    "calendarYear": "2019",
    "period": "Q3",
    "revenue": 26827000000,
    "costOfRevenue": 11496000000,
    "grossProfit": 15331000000,
    "grossProfitRatio": 0.5714764976,
    "researchAndDevelopmentExpenses": 0,
    "generalAndAdministrativeExpenses": 0,
    "sellingAndMarketingExpenses": 0,
    "sellingGeneralAndAdministrativeExpenses": 9958000000,
    "otherExpenses": 0,
    "operatingExpenses": 9958000000,
    "costAndExpenses": 21454000000,
    "interestIncome": 0,
    "interestExpense": 1167000000,
    "depreciationAndAmortization": 3180000000,
    "ebitda": 8354000000,
    "ebitdaratio": 0.3114026913,
    "operatingIncome": 5373000000,
    "operatingIncomeRatio": 0.2002832967,
    "totalOtherIncomeExpensesNet": -1310000000,
    "incomeBeforeTax": 4063000000,
    "incomeBeforeTaxRatio": 0.1514518955,
    "incomeTaxExpense": 775000000,
    "netIncome": 3217000000,
    "netIncomeRatio": 0.119916502,
    "eps": 0.71,
    "epsdiluted": 0.7,
    "weightedAverageShsOut": 4551000000,
    "weightedAverageShsOutDil": 4619000000,
    "link": "https://www.sec.gov/Archives/edgar/data/1166691/000116669119000020/0001166691-19-000020-index.htm",
    "finalLink": "https://www.sec.gov/Archives/edgar/data/902739/000116669119000020/cmcsa-9302019x10q.htm"
  },
  {
    "date": "2019-06-30",
    "symbol": "CMCSA",
    "reportedCurrency": "USD",
    "cik": "0001166691",
    "fillingDate": "2019-07-25",
    "acceptedDate": "2019-07-25 15:37:50",
    "calendarYear": "2019",
    "period": "Q2",
    "revenue": 26858000000,
    "costOfRevenue": 11531000000,
    "grossProfit": 15327000000,
    "grossProfitRatio": 0.5706679574,
    "researchAndDevelopmentExpenses": 0,
    "generalAndAdministrativeExpenses": 0,
    "sellingAndMarketingExpenses": 0,
    "sellingGeneralAndAdministrativeExpenses": 9887000000,
    "otherExpenses": 0,
    "operatingExpenses": 9887000000,
    "costAndExpenses": 21418000000,
    "interestIncome": 0,
    "interestExpense": 1137000000,
    "depreciationAndAmortization": 3276000000,
    "ebitda": 8577000000,
    "ebitdaratio": 0.3193461911,
    "operatingIncome": 5440000000,
    "operatingIncomeRatio": 0.2025467272,
    "totalOtherIncomeExpensesNet": -1276000000,
    "incomeBeforeTax": 4164000000,
    "incomeBeforeTaxRatio": 0.1550376052,
    "incomeTaxExpense": 961000000,
    "netIncome": 3125000000,
    "netIncomeRatio": 0.1163526696,
    "eps": 0.69,
    "epsdiluted": 0.68,
    "weightedAverageShsOut": 4544985368,
    "weightedAverageShsOutDil": 4607000000,
    "link": "https://www.sec.gov/Archives/edgar/data/1166691/000116669119000015/0001166691-19-000015-index.htm",
    "finalLink": "https://www.sec.gov/Archives/edgar/data/902739/000116669119000015/cmcsa-6302019x10q.htm"
  },
  {
    "date": "2019-03-31",
    "symbol": "CMCSA",
    "reportedCurrency": "USD",
    "cik": "0001166691",
    "fillingDate": "2019-04-25",
    "acceptedDate": "2019-04-25 15:33:21",
    "calendarYear": "2019",
    "period": "Q1",
    "revenue": 26859000000,
    "costOfRevenue": 11889000000,
    "grossProfit": 14970000000,
    "grossProfitRatio": 0.5573550765,
    "researchAndDevelopmentExpenses": 0,
    "generalAndAdministrativeExpenses": 0,
    "sellingAndMarketingExpenses": 0,
    "sellingGeneralAndAdministrativeExpenses": 9737000000,
    "otherExpenses": 0,
    "operatingExpenses": 9737000000,
    "costAndExpenses": 21626000000,
    "interestIncome": 0,
    "interestExpense": 1150000000,
    "depreciationAndAmortization": 3320000000,
    "ebitda": 9178000000,
    "ebitdaratio": 0.3417104136,
    "operatingIncome": 5233000000,
    "operatingIncomeRatio": 0.1948322722,
    "totalOtherIncomeExpensesNet": -525000000,
    "incomeBeforeTax": 4708000000,
    "incomeBeforeTaxRatio": 0.1752857515,
    "incomeTaxExpense": 1076000000,
    "netIncome": 3553000000,
    "netIncomeRatio": 0.1322834059,
    "eps": 0.78,
    "epsdiluted": 0.77,
    "weightedAverageShsOut": 4538515208,
    "weightedAverageShsOutDil": 4594000000,
    "link": "https://www.sec.gov/Archives/edgar/data/1166691/000116669119000010/0001166691-19-000010-index.htm",
    "finalLink": "https://www.sec.gov/Archives/edgar/data/902739/000116669119000010/cmcsa-3312019x10q.htm"
  },
  {
    "date": "2018-12-31",
    "symbol": "CMCSA",
    "reportedCurrency": "USD",
    "cik": "0001166691",
    "fillingDate": "2019-01-31",
    "acceptedDate": "2019-01-31 17:00:03",
    "calendarYear": "2018",
    "period": "Q4",
    "revenue": 27846000000,
    "costOfRevenue": 12449000000,
    "grossProfit": 15397000000,
    "grossProfitRatio": 0.5529339941,
    "researchAndDevelopmentExpenses": 0,
    "generalAndAdministrativeExpenses": 0,
    "sellingAndMarketingExpenses": 0,
    "sellingGeneralAndAdministrativeExpenses": 10573000000,
    "otherExpenses": 0,
    "operatingExpenses": 10573000000,
    "costAndExpenses": 23022000000,
    "interestIncome": 0,
    "interestExpense": 1129000000,
    "depreciationAndAmortization": 3197000000,
    "ebitda": 7394000000,
    "ebitdaratio": 0.2655318538,
    "operatingIncome": 4824000000,
    "operatingIncomeRatio": 0.1732385262,
    "totalOtherIncomeExpensesNet": -1756000000,
    "incomeBeforeTax": 3068000000,
    "incomeBeforeTaxRatio": 0.1101774043,
    "incomeTaxExpense": 486000000,
    "netIncome": 2511000000,
    "netIncomeRatio": 0.0901745314,
    "eps": 0.55,
    "epsdiluted": 0.55,
    "weightedAverageShsOut": 4525962522,
    "weightedAverageShsOutDil": 4596000000,
    "link": "https://www.sec.gov/Archives/edgar/data/1166691/000116669119000005/0001166691-19-000005-index.htm",
    "finalLink": "https://www.sec.gov/Archives/edgar/data/902739/000116669119000005/cmcsa-12312018x10k.htm"
  },
  {
    "date": "2018-09-30",
    "symbol": "CMCSA",
    "reportedCurrency": "USD",
    "cik": "0001166691",
    "fillingDate": "2018-10-25",
    "acceptedDate": "2018-10-25 15:29:12",
    "calendarYear": "2018",
    "period": "Q3",
    "revenue": 22135000000,
    "costOfRevenue": 9329000000,
    "grossProfit": 12806000000,
    "grossProfitRatio": 0.5785407725,
    "researchAndDevelopmentExpenses": 0,
    "generalAndAdministrativeExpenses": 0,
    "sellingAndMarketingExpenses": 0,
    "sellingGeneralAndAdministrativeExpenses": 8103000000,
    "otherExpenses": 0,
    "operatingExpenses": 8103000000,
    "costAndExpenses": 17432000000,
    "interestIncome": 0,
    "interestExpense": 830000000,
    "depreciationAndAmortization": 2477000000,
    "ebitda": 7343000000,
    "ebitdaratio": 0.331737068,
    "operatingIncome": 4703000000,
    "operatingIncomeRatio": 0.2124689406,
    "totalOtherIncomeExpensesNet": -808000000,
    "incomeBeforeTax": 3895000000,
    "incomeBeforeTaxRatio": 0.1759656652,
    "incomeTaxExpense": 999000000,
    "netIncome": 2886000000,
    "netIncomeRatio": 0.1303817484,
    "eps": 0.63,
    "epsdiluted": 0.62,
    "weightedAverageShsOut": 4564000000,
    "weightedAverageShsOutDil": 4619000000,
    "link": "https://www.sec.gov/Archives/edgar/data/1166691/000116669118000024/0001166691-18-000024-index.htm",
    "finalLink": "https://www.sec.gov/Archives/edgar/data/902739/000116669118000024/cmcsa-9302018x10q.htm"
  },
  {
    "date": "2018-06-30",
    "symbol": "CMCSA",
    "reportedCurrency": "USD",
    "cik": "0001166691",
    "fillingDate": "2018-07-26",
    "acceptedDate": "2018-07-26 15:29:21",
    "calendarYear": "2018",
    "period": "Q2",
    "revenue": 21735000000,
    "costOfRevenue": 8903000000,
    "grossProfit": 12832000000,
    "grossProfitRatio": 0.590384173,
    "researchAndDevelopmentExpenses": 0,
    "generalAndAdministrativeExpenses": 0,
    "sellingAndMarketingExpenses": 0,
    "sellingGeneralAndAdministrativeExpenses": 8018000000,
    "otherExpenses": 0,
    "operatingExpenses": 8018000000,
    "costAndExpenses": 16921000000,
    "interestIncome": 0,
    "interestExpense": 806000000,
    "depreciationAndAmortization": 2403000000,
    "ebitda": 7694000000,
    "ebitdaratio": 0.3539912583,
    "operatingIncome": 4814000000,
    "operatingIncomeRatio": 0.2214860824,
    "totalOtherIncomeExpensesNet": -529000000,
    "incomeBeforeTax": 4285000000,
    "incomeBeforeTaxRatio": 0.197147458,
    "incomeTaxExpense": 1077000000,
    "netIncome": 3216000000,
    "netIncomeRatio": 0.1479641132,
    "eps": 0.7,
    "epsdiluted": 0.69,
    "weightedAverageShsOut": 4598000000,
    "weightedAverageShsOutDil": 4643000000,
    "link": "https://www.sec.gov/Archives/edgar/data/1166691/000116669118000019/0001166691-18-000019-index.htm",
    "finalLink": "https://www.sec.gov/Archives/edgar/data/902739/000116669118000019/cmcsa-6302018x10q.htm"
  },
  {
    "date": "2018-03-31",
    "symbol": "CMCSA",
    "reportedCurrency": "USD",
    "cik": "0001166691",
    "fillingDate": "2018-04-25",
    "acceptedDate": "2018-04-25 15:53:55",
    "calendarYear": "2018",
    "period": "Q1",
    "revenue": 22791000000,
    "costOfRevenue": 10028000000,
    "grossProfit": 12763000000,
    "grossProfitRatio": 0.5600017551,
    "researchAndDevelopmentExpenses": 0,
    "generalAndAdministrativeExpenses": 0,
    "sellingAndMarketingExpenses": 0,
    "sellingGeneralAndAdministrativeExpenses": 8118000000,
    "otherExpenses": 0,
    "operatingExpenses": 8118000000,
    "costAndExpenses": 18146000000,
    "interestIncome": 0,
    "interestExpense": 777000000,
    "depreciationAndAmortization": 2599000000,
    "ebitda": 7370000000,
    "ebitdaratio": 0.3233732614,
    "operatingIncome": 4645000000,
    "operatingIncomeRatio": 0.2038085209,
    "totalOtherIncomeExpensesNet": -651000000,
    "incomeBeforeTax": 3994000000,
    "incomeBeforeTaxRatio": 0.1752446141,
    "incomeTaxExpense": 818000000,
    "netIncome": 3118000000,
    "netIncomeRatio": 0.1368083893,
    "eps": 0.68,
    "epsdiluted": 0.66,
    "weightedAverageShsOut": 4617116267,
    "weightedAverageShsOutDil": 4705000000,
    "link": "https://www.sec.gov/Archives/edgar/data/1166691/000116669118000010/0001166691-18-000010-index.htm",
    "finalLink": "https://www.sec.gov/Archives/edgar/data/902739/000116669118000010/cmcsa-3312018x10q.htm"
  },
  {
    "date": "2017-12-31",
    "symbol": "CMCSA",
    "reportedCurrency": "USD",
    "cik": "0001166691",
    "fillingDate": "2018-01-31",
    "acceptedDate": "2018-01-31 16:35:39",
    "calendarYear": "2017",
    "period": "Q4",
    "revenue": 21915000000,
    "costOfRevenue": 9514000000,
    "grossProfit": 12561000000,
    "grossProfitRatio": 0.5731690623,
    "researchAndDevelopmentExpenses": 0,
    "generalAndAdministrativeExpenses": 0,
    "sellingAndMarketingExpenses": 0,
    "sellingGeneralAndAdministrativeExpenses": 8432000000,
    "otherExpenses": 0,
    "operatingExpenses": 8432000000,
    "costAndExpenses": 17946000000,
    "interestIncome": 0,
    "interestExpense": 807000000,
    "depreciationAndAmortization": 2644000000,
    "ebitda": 6840000000,
    "ebitdaratio": 0.3121149897,
    "operatingIncome": 4129000000,
    "operatingIncomeRatio": 0.188409765,
    "totalOtherIncomeExpensesNet": -685000000,
    "incomeBeforeTax": 3422000000,
    "incomeBeforeTaxRatio": 0.1561487566,
    "incomeTaxExpense": -11613000000,
    "netIncome": 14985000000,
    "netIncomeRatio": 0.6837782341,
    "eps": 3.23,
    "epsdiluted": 3.17,
    "weightedAverageShsOut": 4644508017,
    "weightedAverageShsOutDil": 4729000000,
    "link": "https://www.sec.gov/Archives/edgar/data/1166691/000116669118000004/0001166691-18-000004-index.htm",
    "finalLink": "https://www.sec.gov/Archives/edgar/data/902739/000116669118000004/cmcsa-12312017x10k.htm"
  },
  {
    "date": "2017-09-30",
    "symbol": "CMCSA",
    "reportedCurrency": "USD",
    "cik": "0001166691",
    "fillingDate": "2017-10-26",
    "acceptedDate": "2017-10-26 15:54:55",
    "calendarYear": "2017",
    "period": "Q3",
    "revenue": 20983000000,
    "costOfRevenue": 8605000000,
    "grossProfit": 12476000000,
    "grossProfitRatio": 0.594576562,
    "researchAndDevelopmentExpenses": 0,
    "generalAndAdministrativeExpenses": 0,
    "sellingAndMarketingExpenses": 0,
    "sellingGeneralAndAdministrativeExpenses": 7889000000,
    "otherExpenses": 0,
    "operatingExpenses": 7889000000,
    "costAndExpenses": 16494000000,
    "interestIncome": 0,
    "interestExpense": 766000000,
    "depreciationAndAmortization": 2104000000,
    "ebitda": 7395000000,
    "ebitdaratio": 0.3524281561,
    "operatingIncome": 4587000000,
    "operatingIncomeRatio": 0.2186055378,
    "totalOtherIncomeExpensesNet": -504000000,
    "incomeBeforeTax": 4096000000,
    "incomeBeforeTaxRatio": 0.1952056427,
    "incomeTaxExpense": 1413000000,
    "netIncome": 2650000000,
    "netIncomeRatio": 0.1262927131,
    "eps": 0.56,
    "epsdiluted": 0.55,
    "weightedAverageShsOut": 4698000000,
    "weightedAverageShsOutDil": 4777000000,
    "link": "https://www.sec.gov/Archives/edgar/data/1166691/000116669117000031/0001166691-17-000031-index.htm",
    "finalLink": "https://www.sec.gov/Archives/edgar/data/902739/000116669117000031/cmcsa-9302017x10q.htm"
  },
  {
    "date": "2017-06-30",
    "symbol": "CMCSA",
    "reportedCurrency": "USD",
    "cik": "0001166691",
    "fillingDate": "2017-07-27",
    "acceptedDate": "2017-07-27 15:56:05",
    "calendarYear": "2017",
    "period": "Q2",
    "revenue": 21165000000,
    "costOfRevenue": 8837000000,
    "grossProfit": 12449000000,
    "grossProfitRatio": 0.5881880463,
    "researchAndDevelopmentExpenses": 0,
    "generalAndAdministrativeExpenses": 0,
    "sellingAndMarketingExpenses": 0,
    "sellingGeneralAndAdministrativeExpenses": 7881000000,
    "otherExpenses": 0,
    "operatingExpenses": 7881000000,
    "costAndExpenses": 16718000000,
    "interestIncome": 0,
    "interestExpense": 758000000,
    "depreciationAndAmortization": 2507000000,
    "ebitda": 7172000000,
    "ebitdaratio": 0.3388613277,
    "operatingIncome": 4568000000,
    "operatingIncomeRatio": 0.215828018,
    "totalOtherIncomeExpensesNet": -659000000,
    "incomeBeforeTax": 3899000000,
    "incomeBeforeTaxRatio": 0.1842192299,
    "incomeTaxExpense": 1364000000,
    "netIncome": 2513000000,
    "netIncomeRatio": 0.1187337586,
    "eps": 0.53,
    "epsdiluted": 0.52,
    "weightedAverageShsOut": 4728000000,
    "weightedAverageShsOutDil": 4809000000,
    "link": "https://www.sec.gov/Archives/edgar/data/1166691/000116669117000022/0001166691-17-000022-index.htm",
    "finalLink": "https://www.sec.gov/Archives/edgar/data/1166691/000116669117000022/cmcsa-6302017x10q.htm"
  },
  {
    "date": "2017-03-31",
    "symbol": "CMCSA",
    "reportedCurrency": "USD",
    "cik": "0001166691",
    "fillingDate": "2017-04-27",
    "acceptedDate": "2017-04-27 16:38:20",
    "calendarYear": "2017",
    "period": "Q1",
    "revenue": 20463000000,
    "costOfRevenue": 8576000000,
    "grossProfit": 11887000000,
    "grossProfitRatio": 0.580902116,
    "researchAndDevelopmentExpenses": 0,
    "generalAndAdministrativeExpenses": 0,
    "sellingAndMarketingExpenses": 0,
    "sellingGeneralAndAdministrativeExpenses": 7357000000,
    "otherExpenses": 0,
    "operatingExpenses": 7357000000,
    "costAndExpenses": 15933000000,
    "interestIncome": 0,
    "interestExpense": 755000000,
    "depreciationAndAmortization": 2468000000,
    "ebitda": 7162000000,
    "ebitdaratio": 0.3499975566,
    "operatingIncome": 4530000000,
    "operatingIncomeRatio": 0.2213751649,
    "totalOtherIncomeExpensesNet": -625000000,
    "incomeBeforeTax": 3905000000,
    "incomeBeforeTaxRatio": 0.1908322338,
    "incomeTaxExpense": 1258000000,
    "netIncome": 2566000000,
    "netIncomeRatio": 0.1253970581,
    "eps": 0.54,
    "epsdiluted": 0.53,
    "weightedAverageShsOut": 4747000000,
    "weightedAverageShsOutDil": 4832000000,
    "link": "https://www.sec.gov/Archives/edgar/data/1166691/000116669117000009/0001166691-17-000009-index.htm",
    "finalLink": "https://www.sec.gov/Archives/edgar/data/902739/000116669117000009/cmcsa-3312017x10q.htm"
  },
  {
    "date": "2016-12-31",
    "symbol": "CMCSA",
    "reportedCurrency": "USD",
    "cik": "0001166691",
    "fillingDate": "2017-02-03",
    "acceptedDate": "2017-02-03 14:34:03",
    "calendarYear": "2016",
    "period": "Q4",
    "revenue": 21025000000,
    "costOfRevenue": 9033000000,
    "grossProfit": 11992000000,
    "grossProfitRatio": 0.5703686088,
    "researchAndDevelopmentExpenses": 0,
    "generalAndAdministrativeExpenses": 0,
    "sellingAndMarketingExpenses": 0,
    "sellingGeneralAndAdministrativeExpenses": 7717000000,
    "otherExpenses": 0,
    "operatingExpenses": 7717000000,
    "costAndExpenses": 16750000000,
    "interestIncome": 0,
    "interestExpense": 756000000,
    "depreciationAndAmortization": 2496000000,
    "ebitda": 6988000000,
    "ebitdaratio": 0.3323662307,
    "operatingIncome": 4275000000,
    "operatingIncomeRatio": 0.2033293698,
    "totalOtherIncomeExpensesNet": -539000000,
    "incomeBeforeTax": 3736000000,
    "incomeBeforeTaxRatio": 0.1776932224,
    "incomeTaxExpense": 1319000000,
    "netIncome": 2296000000,
    "netIncomeRatio": 0.1092033294,
    "eps": 0.45,
    "epsdiluted": 0.45,
    "weightedAverageShsOut": 4880226156,
    "weightedAverageShsOutDil": 5088771063,
    "link": "https://www.sec.gov/Archives/edgar/data/1166691/000119312517030512/0001193125-17-030512-index.htm",
    "finalLink": "https://www.sec.gov/Archives/edgar/data/902739/000119312517030512/d290430d10k.htm"
  },
  {
    "date": "2016-09-30",
    "symbol": "CMCSA",
    "reportedCurrency": "USD",
    "cik": "0001166691",
    "fillingDate": "2016-10-26",
    "acceptedDate": "2016-10-26 16:23:25",
    "calendarYear": "2016",
    "period": "Q3",
    "revenue": 21319000000,
    "costOfRevenue": 9398000000,
    "grossProfit": 11921000000,
    "grossProfitRatio": 0.5591725691,
    "researchAndDevelopmentExpenses": 0,
    "generalAndAdministrativeExpenses": 0,
    "sellingAndMarketingExpenses": 0,
    "sellingGeneralAndAdministrativeExpenses": 7431000000,
    "otherExpenses": 0,
    "operatingExpenses": 7431000000,
    "costAndExpenses": 16829000000,
    "interestIncome": 0,
    "interestExpense": 751000000,
    "depreciationAndAmortization": 2395000000,
    "ebitda": 6870000000,
    "ebitdaratio": 0.3222477602,
    "operatingIncome": 4490000000,
    "operatingIncomeRatio": 0.2106102538,
    "totalOtherIncomeExpensesNet": -766000000,
    "incomeBeforeTax": 3724000000,
    "incomeBeforeTaxRatio": 0.174679863,
    "incomeTaxExpense": 1400000000,
    "netIncome": 2237000000,
    "netIncomeRatio": 0.1049298748,
    "eps": 0.47,
    "epsdiluted": 0.46,
    "weightedAverageShsOut": 4776220413,
    "weightedAverageShsOutDil": 4862000000,
    "link": "https://www.sec.gov/Archives/edgar/data/1166691/000119312516747958/0001193125-16-747958-index.htm",
    "finalLink": "https://www.sec.gov/Archives/edgar/data/902739/000119312516747958/d254415d10q.htm"
  },
  {
    "date": "2016-06-30",
    "symbol": "CMCSA",
    "reportedCurrency": "USD",
    "cik": "0001166691",
    "fillingDate": "2016-07-27",
    "acceptedDate": "2016-07-27 15:31:48",
    "calendarYear": "2016",
    "period": "Q2",
    "revenue": 19269000000,
    "costOfRevenue": 5492000000,
    "grossProfit": 13777000000,
    "grossProfitRatio": 0.7149826146,
    "researchAndDevelopmentExpenses": 0,
    "generalAndAdministrativeExpenses": 0,
    "sellingAndMarketingExpenses": 1561000000,
    "sellingGeneralAndAdministrativeExpenses": 1561000000,
    "otherExpenses": -1000000,
    "operatingExpenses": 9711000000,
    "costAndExpenses": 15203000000,
    "interestIncome": 0,
    "interestExpense": 732000000,
    "depreciationAndAmortization": 2389000000,
    "ebitda": 6479000000,
    "ebitdaratio": 0.3362395558,
    "operatingIncome": 4066000000,
    "operatingIncomeRatio": 0.2110125071,
    "totalOtherIncomeExpensesNet": -708000000,
    "incomeBeforeTax": 3358000000,
    "incomeBeforeTaxRatio": 0.1742695521,
    "incomeTaxExpense": 1278000000,
    "netIncome": 2028000000,
    "netIncomeRatio": 0.1052467694,
    "eps": 0.42,
    "epsdiluted": 0.41,
    "weightedAverageShsOut": 4839000000,
    "weightedAverageShsOutDil": 4891000000,
    "link": "https://www.sec.gov/Archives/edgar/data/1166691/000119312516659869/0001193125-16-659869-index.htm",
    "finalLink": "https://www.sec.gov/Archives/edgar/data/902739/000119312516659869/d193217d10q.htm"
  },
  {
    "date": "2016-03-31",
    "symbol": "CMCSA",
    "reportedCurrency": "USD",
    "cik": "0001166691",
    "fillingDate": "2016-04-27",
    "acceptedDate": "2016-04-27 14:41:26",
    "calendarYear": "2016",
    "period": "Q1",
    "revenue": 18790000000,
    "costOfRevenue": 5431000000,
    "grossProfit": 13359000000,
    "grossProfitRatio": 0.7109632783,
    "researchAndDevelopmentExpenses": 0,
    "generalAndAdministrativeExpenses": 0,
    "sellingAndMarketingExpenses": 1467000000,
    "sellingGeneralAndAdministrativeExpenses": 1467000000,
    "otherExpenses": 149000000,
    "operatingExpenses": 9270000000,
    "costAndExpenses": 14701000000,
    "interestIncome": 0,
    "interestExpense": 703000000,
    "depreciationAndAmortization": 2278000000,
    "ebitda": 6516000000,
    "ebitdaratio": 0.3467802022,
    "operatingIncome": 4089000000,
    "operatingIncomeRatio": 0.2176157531,
    "totalOtherIncomeExpensesNet": -554000000,
    "incomeBeforeTax": 3535000000,
    "incomeBeforeTaxRatio": 0.1881319851,
    "incomeTaxExpense": 1311000000,
    "netIncome": 2134000000,
    "netIncomeRatio": 0.1135710484,
    "eps": 0.44,
    "epsdiluted": 0.43,
    "weightedAverageShsOut": 4868000000,
    "weightedAverageShsOutDil": 4925000000,
    "link": "https://www.sec.gov/Archives/edgar/data/1166691/000119312516558907/0001193125-16-558907-index.htm",
    "finalLink": "https://www.sec.gov/Archives/edgar/data/902739/000119312516558907/d156977d10q.htm"
  },
  {
    "date": "2015-12-31",
    "symbol": "CMCSA",
    "reportedCurrency": "USD",
    "cik": "0001166691",
    "fillingDate": "2016-02-05",
    "acceptedDate": "2016-02-05 17:00:05",
    "calendarYear": "2015",
    "period": "Q4",
    "revenue": 19245000000,
    "costOfRevenue": 5836000000,
    "grossProfit": 13409000000,
    "grossProfitRatio": 0.6967524032,
    "researchAndDevelopmentExpenses": 0,
    "generalAndAdministrativeExpenses": 0,
    "sellingAndMarketingExpenses": 1551000000,
    "sellingGeneralAndAdministrativeExpenses": 1551000000,
    "otherExpenses": -44000000,
    "operatingExpenses": 9407000000,
    "costAndExpenses": 15243000000,
    "interestIncome": 0,
    "interestExpense": 674000000,
    "depreciationAndAmortization": 2270000000,
    "ebitda": 6162000000,
    "ebitdaratio": 0.3201870616,
    "operatingIncome": 4002000000,
    "operatingIncomeRatio": 0.2079501169,
    "totalOtherIncomeExpensesNet": -784000000,
    "incomeBeforeTax": 3218000000,
    "incomeBeforeTaxRatio": 0.1672122629,
    "incomeTaxExpense": 1162000000,
    "netIncome": 1971000000,
    "netIncomeRatio": 0.102416212,
    "eps": 0.4,
    "epsdiluted": 0.4,
    "weightedAverageShsOut": 4875352351,
    "weightedAverageShsOutDil": 4962000000,
    "link": "https://www.sec.gov/Archives/edgar/data/1166691/000119312516452423/0001193125-16-452423-index.htm",
    "finalLink": "https://www.sec.gov/Archives/edgar/data/902739/000119312516452423/d49239d10k.htm"
  },
  {
    "date": "2015-09-30",
    "symbol": "CMCSA",
    "reportedCurrency": "USD",
    "cik": "0001166691",
    "fillingDate": "2015-10-27",
    "acceptedDate": "2015-10-27 15:42:38",
    "calendarYear": "2015",
    "period": "Q3",
    "revenue": 18669000000,
    "costOfRevenue": 5582000000,
    "grossProfit": 13087000000,
    "grossProfitRatio": 0.7010016605,
    "researchAndDevelopmentExpenses": 0,
    "generalAndAdministrativeExpenses": 0,
    "sellingAndMarketingExpenses": 1509000000,
    "sellingGeneralAndAdministrativeExpenses": 1509000000,
    "otherExpenses": -89000000,
    "operatingExpenses": 9086000000,
    "costAndExpenses": 14668000000,
    "interestIncome": 0,
    "interestExpense": 659000000,
    "depreciationAndAmortization": 2183000000,
    "ebitda": 6106000000,
    "ebitdaratio": 0.3270662596,
    "operatingIncome": 4001000000,
    "operatingIncomeRatio": 0.2143124967,
    "totalOtherIncomeExpensesNet": -737000000,
    "incomeBeforeTax": 3264000000,
    "incomeBeforeTaxRatio": 0.1748352884,
    "incomeTaxExpense": 1223000000,
    "netIncome": 1996000000,
    "netIncomeRatio": 0.106915207,
    "eps": 0.41,
    "epsdiluted": 0.4,
    "weightedAverageShsOut": 4944000000,
    "weightedAverageShsOutDil": 5004000000,
    "link": "https://www.sec.gov/Archives/edgar/data/1166691/000119312515354626/0001193125-15-354626-index.htm",
    "finalLink": "https://www.sec.gov/Archives/edgar/data/902739/000119312515354626/d98958d10q.htm"
  },
  {
    "date": "2015-06-30",
    "symbol": "CMCSA",
    "reportedCurrency": "USD",
    "cik": "0001166691",
    "fillingDate": "2015-07-23",
    "acceptedDate": "2015-07-23 13:10:08",
    "calendarYear": "2015",
    "period": "Q2",
    "revenue": 18743000000,
    "costOfRevenue": 5669000000,
    "grossProfit": 13074000000,
    "grossProfitRatio": 0.6975404151,
    "researchAndDevelopmentExpenses": 0,
    "generalAndAdministrativeExpenses": 0,
    "sellingAndMarketingExpenses": 1528000000,
    "sellingGeneralAndAdministrativeExpenses": 1528000000,
    "otherExpenses": 315000000,
    "operatingExpenses": 8969000000,
    "costAndExpenses": 14638000000,
    "interestIncome": 0,
    "interestExpense": 713000000,
    "depreciationAndAmortization": 2161000000,
    "ebitda": 6362000000,
    "ebitdaratio": 0.3394333885,
    "operatingIncome": 4105000000,
    "operatingIncomeRatio": 0.219015099,
    "totalOtherIncomeExpensesNet": -617000000,
    "incomeBeforeTax": 3488000000,
    "incomeBeforeTaxRatio": 0.1860961426,
    "incomeTaxExpense": 1313000000,
    "netIncome": 2137000000,
    "netIncomeRatio": 0.1140158993,
    "eps": 0.43,
    "epsdiluted": 0.42,
    "weightedAverageShsOut": 5000000000,
    "weightedAverageShsOutDil": 5062000000,
    "link": "https://www.sec.gov/Archives/edgar/data/1166691/000119312515260886/0001193125-15-260886-index.htm",
    "finalLink": "https://www.sec.gov/Archives/edgar/data/902739/000119312515260886/d948790d10q.htm"
  },
  {
    "date": "2015-03-31",
    "symbol": "CMCSA",
    "reportedCurrency": "USD",
    "cik": "0001166691",
    "fillingDate": "2015-05-04",
    "acceptedDate": "2015-05-04 16:13:35",
    "calendarYear": "2015",
    "period": "Q1",
    "revenue": 17853000000,
    "costOfRevenue": 5463000000,
    "grossProfit": 12390000000,
    "grossProfitRatio": 0.6940010082,
    "researchAndDevelopmentExpenses": 0,
    "generalAndAdministrativeExpenses": 0,
    "sellingAndMarketingExpenses": 1355000000,
    "sellingGeneralAndAdministrativeExpenses": 1355000000,
    "otherExpenses": 102000000,
    "operatingExpenses": 8500000000,
    "costAndExpenses": 13963000000,
    "interestIncome": 0,
    "interestExpense": 656000000,
    "depreciationAndAmortization": 2066000000,
    "ebitda": 6124000000,
    "ebitdaratio": 0.3430235815,
    "operatingIncome": 3890000000,
    "operatingIncomeRatio": 0.2178905506,
    "totalOtherIncomeExpensesNet": -488000000,
    "incomeBeforeTax": 3402000000,
    "incomeBeforeTaxRatio": 0.190556209,
    "incomeTaxExpense": 1261000000,
    "netIncome": 2059000000,
    "netIncomeRatio": 0.1153307567,
    "eps": 0.44,
    "epsdiluted": 0.41,
    "weightedAverageShsOut": 4636459471,
    "weightedAverageShsOutDil": 5112000000,
    "link": "https://www.sec.gov/Archives/edgar/data/1166691/000119312515169012/0001193125-15-169012-index.htm",
    "finalLink": "https://www.sec.gov/Archives/edgar/data/902739/000119312515169012/d915216d10q.htm"
  },
  {
    "date": "2014-12-31",
    "symbol": "CMCSA",
    "reportedCurrency": "USD",
    "cik": "0001166691",
    "fillingDate": "2015-02-27",
    "acceptedDate": "2015-02-27 13:16:44",
    "calendarYear": "2014",
    "period": "Q4",
    "revenue": 17732000000,
    "costOfRevenue": 5358000000,
    "grossProfit": 12374000000,
    "grossProfitRatio": 0.6978344236,
    "researchAndDevelopmentExpenses": 0,
    "generalAndAdministrativeExpenses": 0,
    "sellingAndMarketingExpenses": 1330000000,
    "sellingGeneralAndAdministrativeExpenses": 1330000000,
    "otherExpenses": -65000000,
    "operatingExpenses": 8587000000,
    "costAndExpenses": 13945000000,
    "interestIncome": 0,
    "interestExpense": 664000000,
    "depreciationAndAmortization": 2090000000,
    "ebitda": 5864000000,
    "ebitdaratio": 0.3307015565,
    "operatingIncome": 3787000000,
    "operatingIncomeRatio": 0.2135686894,
    "totalOtherIncomeExpensesNet": -677000000,
    "incomeBeforeTax": 3110000000,
    "incomeBeforeTaxRatio": 0.175389127,
    "incomeTaxExpense": 1114000000,
    "netIncome": 1925000000,
    "netIncomeRatio": 0.108560794,
    "eps": 0.41,
    "epsdiluted": 0.37,
    "weightedAverageShsOut": 4672204936,
    "weightedAverageShsOutDil": 5180000000,
    "link": "https://www.sec.gov/Archives/edgar/data/1166691/000119312515068526/0001193125-15-068526-index.htm",
    "finalLink": "https://www.sec.gov/Archives/edgar/data/902739/000119312515068526/d817352d10k.htm"
  },
  {
    "date": "2014-09-30",
    "symbol": "CMCSA",
    "reportedCurrency": "USD",
    "cik": "0001166691",
    "fillingDate": "2014-10-23",
    "acceptedDate": "2014-10-23 13:21:38",
    "calendarYear": "2014",
    "period": "Q3",
    "revenue": 16791000000,
    "costOfRevenue": 4772000000,
    "grossProfit": 12019000000,
    "grossProfitRatio": 0.715800131,
    "researchAndDevelopmentExpenses": 0,
    "generalAndAdministrativeExpenses": 0,
    "sellingAndMarketingExpenses": 1296000000,
    "sellingGeneralAndAdministrativeExpenses": 1296000000,
    "otherExpenses": -103000000,
    "operatingExpenses": 8274000000,
    "costAndExpenses": 13046000000,
    "interestIncome": 0,
    "interestExpense": 663000000,
    "depreciationAndAmortization": 1959000000,
    "ebitda": 5662000000,
    "ebitdaratio": 0.3372044548,
    "operatingIncome": 3745000000,
    "operatingIncomeRatio": 0.2230361503,
    "totalOtherIncomeExpensesNet": -705000000,
    "incomeBeforeTax": 3040000000,
    "incomeBeforeTaxRatio": 0.1810493717,
    "incomeTaxExpense": 407000000,
    "netIncome": 2592000000,
    "netIncomeRatio": 0.1543684116,
    "eps": 0.5,
    "epsdiluted": 0.5,
    "weightedAverageShsOut": 5160000000,
    "weightedAverageShsOutDil": 5232000000,
    "link": "https://www.sec.gov/Archives/edgar/data/1166691/000119312514379913/0001193125-14-379913-index.htm",
    "finalLink": "https://www.sec.gov/Archives/edgar/data/902739/000119312514379913/d792357d10q.htm"
  },
  {
    "date": "2014-06-30",
    "symbol": "CMCSA",
    "reportedCurrency": "USD",
    "cik": "0001166691",
    "fillingDate": "2014-07-24",
    "acceptedDate": "2014-07-24 16:09:57",
    "calendarYear": "2014",
    "period": "Q2",
    "revenue": 16844000000,
    "costOfRevenue": 4874000000,
    "grossProfit": 11970000000,
    "grossProfitRatio": 0.7106388031,
    "researchAndDevelopmentExpenses": 0,
    "generalAndAdministrativeExpenses": 0,
    "sellingAndMarketingExpenses": 1242000000,
    "sellingGeneralAndAdministrativeExpenses": 1242000000,
    "otherExpenses": -39000000,
    "operatingExpenses": 8166000000,
    "costAndExpenses": 13040000000,
    "interestIncome": 0,
    "interestExpense": 648000000,
    "depreciationAndAmortization": 2000000000,
    "ebitda": 5907000000,
    "ebitdaratio": 0.3506886725,
    "operatingIncome": 3804000000,
    "operatingIncomeRatio": 0.2258370933,
    "totalOtherIncomeExpensesNet": -545000000,
    "incomeBeforeTax": 3259000000,
    "incomeBeforeTaxRatio": 0.1934813583,
    "incomeTaxExpense": 1234000000,
    "netIncome": 1992000000,
    "netIncomeRatio": 0.1182616956,
    "eps": 0.42,
    "epsdiluted": 0.38,
    "weightedAverageShsOut": 4737679477,
    "weightedAverageShsOutDil": 5256000000,
    "link": "https://www.sec.gov/Archives/edgar/data/1166691/000119312514278903/0001193125-14-278903-index.htm",
    "finalLink": "https://www.sec.gov/Archives/edgar/data/902739/000119312514278903/d740350d10q.htm"
  },
  {
    "date": "2014-03-31",
    "symbol": "CMCSA",
    "reportedCurrency": "USD",
    "cik": "0001166691",
    "fillingDate": "2014-04-22",
    "acceptedDate": "2014-04-22 14:05:05",
    "calendarYear": "2014",
    "period": "Q1",
    "revenue": 17408000000,
    "costOfRevenue": 5908000000,
    "grossProfit": 11500000000,
    "grossProfitRatio": 0.6606158088,
    "researchAndDevelopmentExpenses": 0,
    "generalAndAdministrativeExpenses": 0,
    "sellingAndMarketingExpenses": 1210000000,
    "sellingGeneralAndAdministrativeExpenses": 1210000000,
    "otherExpenses": -12000000,
    "operatingExpenses": 7932000000,
    "costAndExpenses": 13840000000,
    "interestIncome": 0,
    "interestExpense": 642000000,
    "depreciationAndAmortization": 1970000000,
    "ebitda": 5668000000,
    "ebitdaratio": 0.3255974265,
    "operatingIncome": 3568000000,
    "operatingIncomeRatio": 0.2049632353,
    "totalOtherIncomeExpensesNet": -512000000,
    "incomeBeforeTax": 3056000000,
    "incomeBeforeTaxRatio": 0.1755514706,
    "incomeTaxExpense": 1118000000,
    "netIncome": 1871000000,
    "netIncomeRatio": 0.1074793199,
    "eps": 0.36,
    "epsdiluted": 0.36,
    "weightedAverageShsOut": 5206000000,
    "weightedAverageShsOutDil": 5290000000,
    "link": "https://www.sec.gov/Archives/edgar/data/1166691/000119312514152328/0001193125-14-152328-index.htm",
    "finalLink": "https://www.sec.gov/Archives/edgar/data/902739/000119312514152328/d706957d10q.htm"
  },
  {
    "date": "2013-12-31",
    "symbol": "CMCSA",
    "reportedCurrency": "USD",
    "cik": "0001166691",
    "fillingDate": "2014-02-12",
    "acceptedDate": "2014-02-12 12:49:52",
    "calendarYear": "2013",
    "period": "Q4",
    "revenue": 16926000000,
    "costOfRevenue": 5252000000,
    "grossProfit": 11674000000,
    "grossProfitRatio": 0.6897081413,
    "researchAndDevelopmentExpenses": 0,
    "generalAndAdministrativeExpenses": 0,
    "sellingAndMarketingExpenses": 1232000000,
    "sellingGeneralAndAdministrativeExpenses": 1232000000,
    "otherExpenses": -84000000,
    "operatingExpenses": 8027000000,
    "costAndExpenses": 13279000000,
    "interestIncome": 0,
    "interestExpense": 646000000,
    "depreciationAndAmortization": 4249000000,
    "ebitda": 7849000000,
    "ebitdaratio": 0.4637244476,
    "operatingIncome": 3647000000,
    "operatingIncomeRatio": 0.2154673284,
    "totalOtherIncomeExpensesNet": -693000000,
    "incomeBeforeTax": 2954000000,
    "incomeBeforeTaxRatio": 0.1745244003,
    "incomeTaxExpense": 986000000,
    "netIncome": 1913000000,
    "netIncomeRatio": 0.1130213872,
    "eps": 0.4,
    "epsdiluted": 0.36,
    "weightedAverageShsOut": 4744624821,
    "weightedAverageShsOutDil": 5304000000,
    "link": "https://www.sec.gov/Archives/edgar/data/1166691/000119312514047522/0001193125-14-047522-index.htm",
    "finalLink": "https://www.sec.gov/Archives/edgar/data/902739/000119312514047522/d666576d10k.htm"
  },
  {
    "date": "2013-09-30",
    "symbol": "CMCSA",
    "reportedCurrency": "USD",
    "cik": "0001166691",
    "fillingDate": "2013-10-30",
    "acceptedDate": "2013-10-30 12:35:30",
    "calendarYear": "2013",
    "period": "Q3",
    "revenue": 16151000000,
    "costOfRevenue": 4787000000,
    "grossProfit": 11364000000,
    "grossProfitRatio": 0.7036096836,
    "researchAndDevelopmentExpenses": 0,
    "generalAndAdministrativeExpenses": 0,
    "sellingAndMarketingExpenses": 1283000000,
    "sellingGeneralAndAdministrativeExpenses": 1283000000,
    "otherExpenses": -304000000,
    "operatingExpenses": 7950000000,
    "costAndExpenses": 12737000000,
    "interestIncome": 0,
    "interestExpense": 639000000,
    "depreciationAndAmortization": 1916000000,
    "ebitda": 5354000000,
    "ebitdaratio": 0.3314965018,
    "operatingIncome": 3414000000,
    "operatingIncomeRatio": 0.2113801003,
    "totalOtherIncomeExpensesNet": -615000000,
    "incomeBeforeTax": 2799000000,
    "incomeBeforeTaxRatio": 0.1733019627,
    "incomeTaxExpense": 1021000000,
    "netIncome": 1732000000,
    "netIncomeRatio": 0.1072379419,
    "eps": 0.33,
    "epsdiluted": 0.33,
    "weightedAverageShsOut": 5244000000,
    "weightedAverageShsOutDil": 5316000000,
    "link": "https://www.sec.gov/Archives/edgar/data/1166691/000119312513417832/0001193125-13-417832-index.htm",
    "finalLink": "https://www.sec.gov/Archives/edgar/data/1166691/000119312513417832/d614600d10q.htm"
  },
  {
    "date": "2013-06-30",
    "symbol": "CMCSA",
    "reportedCurrency": "USD",
    "cik": "0001166691",
    "fillingDate": "2013-07-31",
    "acceptedDate": "2013-07-31 15:22:26",
    "calendarYear": "2013",
    "period": "Q2",
    "revenue": 16270000000,
    "costOfRevenue": 4968000000,
    "grossProfit": 11302000000,
    "grossProfitRatio": 0.6946527351,
    "researchAndDevelopmentExpenses": 0,
    "generalAndAdministrativeExpenses": 0,
    "sellingAndMarketingExpenses": 1307000000,
    "sellingGeneralAndAdministrativeExpenses": 1307000000,
    "otherExpenses": -63000000,
    "operatingExpenses": 7867000000,
    "costAndExpenses": 12835000000,
    "interestIncome": 0,
    "interestExpense": 636000000,
    "depreciationAndAmortization": 18000000,
    "ebitda": 5418000000,
    "ebitdaratio": 0.3330055317,
    "operatingIncome": 3435000000,
    "operatingIncomeRatio": 0.2111247695,
    "totalOtherIncomeExpensesNet": -643000000,
    "incomeBeforeTax": 2792000000,
    "incomeBeforeTaxRatio": 0.1716041795,
    "incomeTaxExpense": 1048000000,
    "netIncome": 1734000000,
    "netIncomeRatio": 0.1065765212,
    "eps": 0.33,
    "epsdiluted": 0.33,
    "weightedAverageShsOut": 5262000000,
    "weightedAverageShsOutDil": 5332000000,
    "link": "https://www.sec.gov/Archives/edgar/data/1166691/000119312513312420/0001193125-13-312420-index.htm",
    "finalLink": "https://www.sec.gov/Archives/edgar/data/1166691/000119312513312420/d566565d10q.htm"
  },
  {
    "date": "2013-03-31",
    "symbol": "CMCSA",
    "reportedCurrency": "USD",
    "cik": "0001166691",
    "fillingDate": "2013-05-01",
    "acceptedDate": "2013-05-01 14:46:29",
    "calendarYear": "2013",
    "period": "Q1",
    "revenue": 15310000000,
    "costOfRevenue": 4663000000,
    "grossProfit": 10647000000,
    "grossProfitRatio": 0.695427825,
    "researchAndDevelopmentExpenses": 0,
    "generalAndAdministrativeExpenses": 0,
    "sellingAndMarketingExpenses": 1147000000,
    "sellingGeneralAndAdministrativeExpenses": 1147000000,
    "otherExpenses": 86000000,
    "operatingExpenses": 7580000000,
    "costAndExpenses": 12243000000,
    "interestIncome": 0,
    "interestExpense": 653000000,
    "depreciationAndAmortization": 3939000000,
    "ebitda": 7162000000,
    "ebitdaratio": 0.4677988243,
    "operatingIncome": 3067000000,
    "operatingIncomeRatio": 0.2003265839,
    "totalOtherIncomeExpensesNet": -497000000,
    "incomeBeforeTax": 2570000000,
    "incomeBeforeTaxRatio": 0.1678641411,
    "incomeTaxExpense": 925000000,
    "netIncome": 1437000000,
    "netIncomeRatio": 0.0938602221,
    "eps": 0.28,
    "epsdiluted": 0.27,
    "weightedAverageShsOut": 5268000000,
    "weightedAverageShsOutDil": 5350000000,
    "link": "https://www.sec.gov/Archives/edgar/data/1166691/000119312513191930/0001193125-13-191930-index.htm",
    "finalLink": "https://www.sec.gov/Archives/edgar/data/1166691/000119312513191930/d525898d10q.htm"
  },
  {
    "date": "2012-12-31",
    "symbol": "CMCSA",
    "reportedCurrency": "USD",
    "cik": "0001166691",
    "fillingDate": "2013-02-21",
    "acceptedDate": "2013-02-20 18:48:53",
    "calendarYear": "2012",
    "period": "Q4",
    "revenue": 15937000000,
    "costOfRevenue": 4916000000,
    "grossProfit": 11021000000,
    "grossProfitRatio": 0.6915354207,
    "researchAndDevelopmentExpenses": 0,
    "generalAndAdministrativeExpenses": 0,
    "sellingAndMarketingExpenses": 1094000000,
    "sellingGeneralAndAdministrativeExpenses": 1094000000,
    "otherExpenses": -151000000,
    "operatingExpenses": 7727000000,
    "costAndExpenses": 12643000000,
    "interestIncome": 0,
    "interestExpense": 623000000,
    "depreciationAndAmortization": 4142000000,
    "ebitda": 7350000000,
    "ebitdaratio": 0.4611909393,
    "operatingIncome": 3294000000,
    "operatingIncomeRatio": 0.2066888373,
    "totalOtherIncomeExpensesNet": -709000000,
    "incomeBeforeTax": 2585000000,
    "incomeBeforeTaxRatio": 0.1622011671,
    "incomeTaxExpense": 778000000,
    "netIncome": 1518000000,
    "netIncomeRatio": 0.0952500471,
    "eps": 0.32,
    "epsdiluted": 0.28,
    "weightedAverageShsOut": 4761771108,
    "weightedAverageShsOutDil": 5374000000,
    "link": "https://www.sec.gov/Archives/edgar/data/1166691/000119312513067658/0001193125-13-067658-index.htm",
    "finalLink": "https://www.sec.gov/Archives/edgar/data/1166691/000119312513067658/d458593d10k.htm"
  },
  {
    "date": "2012-09-30",
    "symbol": "CMCSA",
    "reportedCurrency": "USD",
    "cik": "0001166691",
    "fillingDate": "2012-10-26",
    "acceptedDate": "2012-10-26 13:29:22",
    "calendarYear": "2012",
    "period": "Q3",
    "revenue": 16544000000,
    "costOfRevenue": 6801000000,
    "grossProfit": 9743000000,
    "grossProfitRatio": 0.5889144101,
    "researchAndDevelopmentExpenses": 0,
    "generalAndAdministrativeExpenses": 0,
    "sellingAndMarketingExpenses": 1223000000,
    "sellingGeneralAndAdministrativeExpenses": 1223000000,
    "otherExpenses": 995000000,
    "operatingExpenses": 6695000000,
    "costAndExpenses": 13496000000,
    "interestIncome": 0,
    "interestExpense": 633000000,
    "depreciationAndAmortization": 5099000000,
    "ebitda": 10115000000,
    "ebitdaratio": 0.6113999033,
    "operatingIncome": 3048000000,
    "operatingIncomeRatio": 0.1842359768,
    "totalOtherIncomeExpensesNet": 1335000000,
    "incomeBeforeTax": 4383000000,
    "incomeBeforeTaxRatio": 0.2649298839,
    "incomeTaxExpense": 1405000000,
    "netIncome": 2113000000,
    "netIncomeRatio": 0.1277200193,
    "eps": 0.4,
    "epsdiluted": 0.39,
    "weightedAverageShsOut": 5336000000,
    "weightedAverageShsOutDil": 5406000000,
    "link": "https://www.sec.gov/Archives/edgar/data/1166691/000119312512437120/0001193125-12-437120-index.htm",
    "finalLink": "https://www.sec.gov/Archives/edgar/data/1166691/000119312512437120/d422555d10q.htm"
  },
  {
    "date": "2012-06-30",
    "symbol": "CMCSA",
    "reportedCurrency": "USD",
    "cik": "0001166691",
    "fillingDate": "2012-08-01",
    "acceptedDate": "2012-08-01 16:21:28",
    "calendarYear": "2012",
    "period": "Q2",
    "revenue": 15211000000,
    "costOfRevenue": 10207000000,
    "grossProfit": 5004000000,
    "grossProfitRatio": 0.3289724541,
    "researchAndDevelopmentExpenses": 0,
    "generalAndAdministrativeExpenses": 3306000000,
    "sellingAndMarketingExpenses": 1287000000,
    "sellingGeneralAndAdministrativeExpenses": 4593000000,
    "otherExpenses": -47000000,
    "operatingExpenses": 1925000000,
    "costAndExpenses": 12132000000,
    "interestIncome": 8000000,
    "interestExpense": 625000000,
    "depreciationAndAmortization": 3928000000,
    "ebitda": 6997000000,
    "ebitdaratio": 0.4599960555,
    "operatingIncome": 3079000000,
    "operatingIncomeRatio": 0.2024193018,
    "totalOtherIncomeExpensesNet": -635000000,
    "incomeBeforeTax": 2444000000,
    "incomeBeforeTaxRatio": 0.160673197,
    "incomeTaxExpense": 811000000,
    "netIncome": 1348000000,
    "netIncomeRatio": 0.0886200776,
    "eps": 0.28,
    "epsdiluted": 0.25,
    "weightedAverageShsOut": 4790685236,
    "weightedAverageShsOutDil": 5434000000,
    "link": "https://www.sec.gov/Archives/edgar/data/1166691/000119312512328850/0001193125-12-328850-index.htm",
    "finalLink": "https://www.sec.gov/Archives/edgar/data/1166691/000119312512328850/d366945d10q.htm"
  },
  {
    "date": "2012-03-31",
    "symbol": "CMCSA",
    "reportedCurrency": "USD",
    "cik": "0001166691",
    "fillingDate": "2012-05-02",
    "acceptedDate": "2012-05-02 13:55:44",
    "calendarYear": "2012",
    "period": "Q1",
    "revenue": 14878000000,
    "costOfRevenue": 5819000000,
    "grossProfit": 9059000000,
    "grossProfitRatio": 0.6088856029,
    "researchAndDevelopmentExpenses": 0,
    "generalAndAdministrativeExpenses": 3168000000,
    "sellingAndMarketingExpenses": 1203000000,
    "sellingGeneralAndAdministrativeExpenses": 4371000000,
    "otherExpenses": -16000000,
    "operatingExpenses": 6301000000,
    "costAndExpenses": 12120000000,
    "interestIncome": 92000000,
    "interestExpense": 640000000,
    "depreciationAndAmortization": 4083000000,
    "ebitda": 6920000000,
    "ebitdaratio": 0.4651162791,
    "operatingIncome": 2758000000,
    "operatingIncomeRatio": 0.1853743783,
    "totalOtherIncomeExpensesNet": -561000000,
    "incomeBeforeTax": 2197000000,
    "incomeBeforeTaxRatio": 0.1476676973,
    "incomeTaxExpense": 750000000,
    "netIncome": 1224000000,
    "netIncomeRatio": 0.0822691222,
    "eps": 0.23,
    "epsdiluted": 0.23,
    "weightedAverageShsOut": 5416000000,
    "weightedAverageShsOutDil": 5488000000,
    "link": "https://www.sec.gov/Archives/edgar/data/1166691/000119312512203863/0001193125-12-203863-index.htm",
    "finalLink": "https://www.sec.gov/Archives/edgar/data/1166691/000119312512203863/d316803d10q.htm"
  },
  {
    "date": "2011-12-31",
    "symbol": "CMCSA",
    "reportedCurrency": "USD",
    "cik": "0001166691",
    "fillingDate": "2012-02-23",
    "acceptedDate": "2012-02-23 07:06:40",
    "calendarYear": "2011",
    "period": "Q4",
    "revenue": 15042000000,
    "costOfRevenue": 5698000000,
    "grossProfit": 9344000000,
    "grossProfitRatio": 0.6211939902,
    "researchAndDevelopmentExpenses": 0,
    "generalAndAdministrativeExpenses": 3382000000,
    "sellingAndMarketingExpenses": 1046000000,
    "sellingGeneralAndAdministrativeExpenses": 4428000000,
    "otherExpenses": 1998000000,
    "operatingExpenses": 6426000000,
    "costAndExpenses": 12124000000,
    "interestIncome": 0,
    "interestExpense": 642000000,
    "depreciationAndAmortization": 1998000000,
    "ebitda": 5026000000,
    "ebitdaratio": 0.3341310996,
    "operatingIncome": 2918000000,
    "operatingIncomeRatio": 0.1939901609,
    "totalOtherIncomeExpensesNet": -532000000,
    "incomeBeforeTax": 2386000000,
    "incomeBeforeTaxRatio": 0.1586225236,
    "incomeTaxExpense": 801000000,
    "netIncome": 1287000000,
    "netIncomeRatio": 0.0855604308,
    "eps": 0.22,
    "epsdiluted": 0.22,
    "weightedAverageShsOut": 5728000000,
    "weightedAverageShsOutDil": 5728000000,
    "link": "https://www.sec.gov/Archives/edgar/data/1166691/000119312512073905/0001193125-12-073905-index.htm",
    "finalLink": "https://www.sec.gov/Archives/edgar/data/1166691/000119312512073905/d262998d10k.htm"
  },
  {
    "date": "2011-09-30",
    "symbol": "CMCSA",
    "reportedCurrency": "USD",
    "cik": "0001166691",
    "fillingDate": "2011-11-02",
    "acceptedDate": "2011-11-02 16:31:53",
    "calendarYear": "2011",
    "period": "Q3",
    "revenue": 14339000000,
    "costOfRevenue": 5397000000,
    "grossProfit": 8942000000,
    "grossProfitRatio": 0.6236139201,
    "researchAndDevelopmentExpenses": 0,
    "generalAndAdministrativeExpenses": 3266000000,
    "sellingAndMarketingExpenses": 1102000000,
    "sellingGeneralAndAdministrativeExpenses": 4368000000,
    "otherExpenses": 1933000000,
    "operatingExpenses": 6301000000,
    "costAndExpenses": 11698000000,
    "interestIncome": 0,
    "interestExpense": 637000000,
    "depreciationAndAmortization": 6702000000,
    "ebitda": 9144000000,
    "ebitdaratio": 0.6377013739,
    "operatingIncome": 2641000000,
    "operatingIncomeRatio": 0.1841829974,
    "totalOtherIncomeExpensesNet": -836000000,
    "incomeBeforeTax": 1805000000,
    "incomeBeforeTaxRatio": 0.1258804659,
    "incomeTaxExpense": 639000000,
    "netIncome": 908000000,
    "netIncomeRatio": 0.0633238022,
    "eps": 0.17,
    "epsdiluted": 0.17,
    "weightedAverageShsOut": 5478000000,
    "weightedAverageShsOutDil": 5522000000,
    "link": "https://www.sec.gov/Archives/edgar/data/1166691/000119312511292853/0001193125-11-292853-index.htm",
    "finalLink": "https://www.sec.gov/Archives/edgar/data/1166691/000119312511292853/d233978d10q.htm"
  },
  {
    "date": "2011-06-30",
    "symbol": "CMCSA",
    "reportedCurrency": "USD",
    "cik": "0001166691",
    "fillingDate": "2011-08-03",
    "acceptedDate": "2011-08-03 15:25:19",
    "calendarYear": "2011",
    "period": "Q2",
    "revenue": 14333000000,
    "costOfRevenue": 5340000000,
    "grossProfit": 8993000000,
    "grossProfitRatio": 0.6274331961,
    "researchAndDevelopmentExpenses": 0,
    "generalAndAdministrativeExpenses": 3085000000,
    "sellingAndMarketingExpenses": 1107000000,
    "sellingGeneralAndAdministrativeExpenses": 4192000000,
    "otherExpenses": -34000000,
    "operatingExpenses": 6055000000,
    "costAndExpenses": 11395000000,
    "interestIncome": 61000000,
    "interestExpense": 621000000,
    "depreciationAndAmortization": 1863000000,
    "ebitda": 4865000000,
    "ebitdaratio": 0.3394264983,
    "operatingIncome": 2938000000,
    "operatingIncomeRatio": 0.2049815112,
    "totalOtherIncomeExpensesNet": -557000000,
    "incomeBeforeTax": 2381000000,
    "incomeBeforeTaxRatio": 0.1661201423,
    "incomeTaxExpense": 1014000000,
    "netIncome": 1022000000,
    "netIncomeRatio": 0.0713039838,
    "eps": 0.19,
    "epsdiluted": 0.19,
    "weightedAverageShsOut": 5518000000,
    "weightedAverageShsOutDil": 5578000000,
    "link": "https://www.sec.gov/Archives/edgar/data/1166691/000119312511208040/0001193125-11-208040-index.htm",
    "finalLink": "https://www.sec.gov/Archives/edgar/data/1166691/000119312511208040/d10q.htm"
  },
  {
    "date": "2011-03-31",
    "symbol": "CMCSA",
    "reportedCurrency": "USD",
    "cik": "0001166691",
    "fillingDate": "2011-05-05",
    "acceptedDate": "2011-05-04 19:37:11",
    "calendarYear": "2011",
    "period": "Q1",
    "revenue": 12128000000,
    "costOfRevenue": 8062000000,
    "grossProfit": 4066000000,
    "grossProfitRatio": 0.3352572559,
    "researchAndDevelopmentExpenses": 0,
    "generalAndAdministrativeExpenses": 2755000000,
    "sellingAndMarketingExpenses": 984000000,
    "sellingGeneralAndAdministrativeExpenses": 3739000000,
    "otherExpenses": -36000000,
    "operatingExpenses": 1842000000,
    "costAndExpenses": 9904000000,
    "interestIncome": 89000000,
    "interestExpense": 605000000,
    "depreciationAndAmortization": 1842000000,
    "ebitda": 4082000000,
    "ebitdaratio": 0.3365765172,
    "operatingIncome": 2224000000,
    "operatingIncomeRatio": 0.1833773087,
    "totalOtherIncomeExpensesNet": -589000000,
    "incomeBeforeTax": 1635000000,
    "incomeBeforeTaxRatio": 0.1348120053,
    "incomeTaxExpense": 596000000,
    "netIncome": 943000000,
    "netIncomeRatio": 0.0777539578,
    "eps": 0.19,
    "epsdiluted": 0.17,
    "weightedAverageShsOut": 4850562679,
    "weightedAverageShsOutDil": 5610000000,
    "link": "https://www.sec.gov/Archives/edgar/data/1166691/000119312511126626/0001193125-11-126626-index.htm",
    "finalLink": "https://www.sec.gov/Archives/edgar/data/1166691/000119312511126626/d10q.htm"
  },
  {
    "date": "2010-12-31",
    "symbol": "CMCSA",
    "reportedCurrency": "USD",
    "cik": "0001166691",
    "fillingDate": "2011-02-25",
    "acceptedDate": "2011-02-25 15:02:27",
    "calendarYear": "2010",
    "period": "Q4",
    "revenue": 9721000000,
    "costOfRevenue": 3899000000,
    "grossProfit": 5822000000,
    "grossProfitRatio": 0.5989095772,
    "researchAndDevelopmentExpenses": 0,
    "generalAndAdministrativeExpenses": 0,
    "sellingAndMarketingExpenses": 0,
    "sellingGeneralAndAdministrativeExpenses": 2106000000,
    "otherExpenses": 1703000000,
    "operatingExpenses": 3809000000,
    "costAndExpenses": 7708000000,
    "interestIncome": 0,
    "interestExpense": 544000000,
    "depreciationAndAmortization": 1703000000,
    "ebitda": 3953000000,
    "ebitdaratio": 0.4066454069,
    "operatingIncome": 2013000000,
    "operatingIncomeRatio": 0.2070774612,
    "totalOtherIncomeExpensesNet": -307000000,
    "incomeBeforeTax": 1706000000,
    "incomeBeforeTaxRatio": 0.1754963481,
    "incomeTaxExpense": 673000000,
    "netIncome": 1018000000,
    "netIncomeRatio": 0.1047217364,
    "eps": 0.18,
    "epsdiluted": 0.18,
    "weightedAverageShsOut": 5568000000,
    "weightedAverageShsOutDil": 5600000000,
    "link": "https://www.sec.gov/Archives/edgar/data/1166691/000119312511047243/0001193125-11-047243-index.htm",
    "finalLink": "https://www.sec.gov/Archives/edgar/data/1166691/000119312511047243/d10k.htm"
  },
  {
    "date": "2010-09-30",
    "symbol": "CMCSA",
    "reportedCurrency": "USD",
    "cik": "0001166691",
    "fillingDate": "2010-10-27",
    "acceptedDate": "2010-10-27 15:25:46",
    "calendarYear": "2010",
    "period": "Q3",
    "revenue": 9489000000,
    "costOfRevenue": 3792000000,
    "grossProfit": 5697000000,
    "grossProfitRatio": 0.6003793867,
    "researchAndDevelopmentExpenses": 0,
    "generalAndAdministrativeExpenses": 0,
    "sellingAndMarketingExpenses": 0,
    "sellingGeneralAndAdministrativeExpenses": 2119000000,
    "otherExpenses": -24000000,
    "operatingExpenses": 3743000000,
    "costAndExpenses": 7535000000,
    "interestIncome": 109000000,
    "interestExpense": 545000000,
    "depreciationAndAmortization": 1624000000,
    "ebitda": 3623000000,
    "ebitdaratio": 0.3818105174,
    "operatingIncome": 1954000000,
    "operatingIncomeRatio": 0.2059226473,
    "totalOtherIncomeExpensesNet": -500000000,
    "incomeBeforeTax": 1454000000,
    "incomeBeforeTaxRatio": 0.1532300559,
    "incomeTaxExpense": 584000000,
    "netIncome": 867000000,
    "netIncomeRatio": 0.0913689535,
    "eps": 0.18,
    "epsdiluted": 0.16,
    "weightedAverageShsOut": 4859703732,
    "weightedAverageShsOutDil": 5620000000,
    "link": "https://www.sec.gov/Archives/edgar/data/1166691/000119312510237886/0001193125-10-237886-index.htm",
    "finalLink": "https://www.sec.gov/Archives/edgar/data/1166691/000119312510237886/d10q.htm"
  },
  {
    "date": "2010-06-30",
    "symbol": "CMCSA",
    "reportedCurrency": "USD",
    "cik": "0001166691",
    "fillingDate": "2010-07-28",
    "acceptedDate": "2010-07-28 13:10:57",
    "calendarYear": "2010",
    "period": "Q2",
    "revenue": 9525000000,
    "costOfRevenue": 3827000000,
    "grossProfit": 5698000000,
    "grossProfitRatio": 0.5982152231,
    "researchAndDevelopmentExpenses": 0,
    "generalAndAdministrativeExpenses": 0,
    "sellingAndMarketingExpenses": 0,
    "sellingGeneralAndAdministrativeExpenses": 1961000000,
    "otherExpenses": 1659000000,
    "operatingExpenses": 3620000000,
    "costAndExpenses": 7447000000,
    "interestIncome": 0,
    "interestExpense": 543000000,
    "depreciationAndAmortization": 1659000000,
    "ebitda": 3676000000,
    "ebitdaratio": 0.3859317585,
    "operatingIncome": 2078000000,
    "operatingIncomeRatio": 0.2181627297,
    "totalOtherIncomeExpensesNet": -604000000,
    "incomeBeforeTax": 1474000000,
    "incomeBeforeTaxRatio": 0.1547506562,
    "incomeTaxExpense": 588000000,
    "netIncome": 884000000,
    "netIncomeRatio": 0.092808399,
    "eps": 0.18,
    "epsdiluted": 0.16,
    "weightedAverageShsOut": 5674000000,
    "weightedAverageShsOutDil": 5674000000,
    "link": "https://www.sec.gov/Archives/edgar/data/1166691/000119312510168718/0001193125-10-168718-index.htm",
    "finalLink": "https://www.sec.gov/Archives/edgar/data/1166691/000119312510168718/d10q.htm"
  },
  {
    "date": "2010-03-31",
    "symbol": "CMCSA",
    "reportedCurrency": "USD",
    "cik": "0001166691",
    "fillingDate": "2010-04-28",
    "acceptedDate": "2010-04-28 15:07:49",
    "calendarYear": "2010",
    "period": "Q1",
    "revenue": 9202000000,
    "costOfRevenue": 3732000000,
    "grossProfit": 5470000000,
    "grossProfitRatio": 0.5944359922,
    "researchAndDevelopmentExpenses": 0,
    "generalAndAdministrativeExpenses": 0,
    "sellingAndMarketingExpenses": 0,
    "sellingGeneralAndAdministrativeExpenses": 1905000000,
    "otherExpenses": 1630000000,
    "operatingExpenses": 3535000000,
    "costAndExpenses": 7267000000,
    "interestIncome": 101000000,
    "interestExpense": 524000000,
    "depreciationAndAmortization": 1630000000,
    "ebitda": 3624000000,
    "ebitdaratio": 0.3938274288,
    "operatingIncome": 1935000000,
    "operatingIncomeRatio": 0.2102803738,
    "totalOtherIncomeExpensesNet": -465000000,
    "incomeBeforeTax": 1470000000,
    "incomeBeforeTaxRatio": 0.1597478809,
    "incomeTaxExpense": 591000000,
    "netIncome": 866000000,
    "netIncomeRatio": 0.0941099761,
    "eps": 0.16,
    "epsdiluted": 0.16,
    "weightedAverageShsOut": 5674000000,
    "weightedAverageShsOutDil": 5674000000,
    "link": "https://www.sec.gov/Archives/edgar/data/1166691/000119312510096460/0001193125-10-096460-index.htm",
    "finalLink": "https://www.sec.gov/Archives/edgar/data/1166691/000119312510096460/d10q.htm"
  },
  {
    "date": "2009-12-31",
    "symbol": "CMCSA",
    "reportedCurrency": "USD",
    "cik": "0001166691",
    "fillingDate": "2010-02-23",
    "acceptedDate": "2010-02-23 15:47:53",
    "calendarYear": "2009",
    "period": "Q4",
    "revenue": 9181000000,
    "costOfRevenue": 3796000000,
    "grossProfit": 5385000000,
    "grossProfitRatio": 0.5865374142,
    "researchAndDevelopmentExpenses": 0,
    "generalAndAdministrativeExpenses": 0,
    "sellingAndMarketingExpenses": 0,
    "sellingGeneralAndAdministrativeExpenses": 1976000000,
    "otherExpenses": 1592000000,
    "operatingExpenses": 3568000000,
    "costAndExpenses": 7364000000,
    "interestIncome": 0,
    "interestExpense": 520000000,
    "depreciationAndAmortization": 1592000000,
    "ebitda": 3462000000,
    "ebitdaratio": 0.3770831064,
    "operatingIncome": 1817000000,
    "operatingIncomeRatio": 0.1979087245,
    "totalOtherIncomeExpensesNet": -467000000,
    "incomeBeforeTax": 1350000000,
    "incomeBeforeTaxRatio": 0.1470428058,
    "incomeTaxExpense": 390000000,
    "netIncome": 955000000,
    "netIncomeRatio": 0.10401917,
    "eps": 0.17,
    "epsdiluted": 0.17,
    "weightedAverageShsOut": 5708000000,
    "weightedAverageShsOutDil": 5724000000,
    "link": "https://www.sec.gov/Archives/edgar/data/1166691/000119312510037551/0001193125-10-037551-index.htm",
    "finalLink": "https://www.sec.gov/Archives/edgar/data/1166691/000119312510037551/d10k.htm"
  },
  {
    "date": "2009-09-30",
    "symbol": "CMCSA",
    "reportedCurrency": "USD",
    "cik": "0001166691",
    "fillingDate": "2009-11-04",
    "acceptedDate": "2009-11-04 11:37:13",
    "calendarYear": "2009",
    "period": "Q3",
    "revenue": 8802000000,
    "costOfRevenue": 3490000000,
    "grossProfit": 5312000000,
    "grossProfitRatio": 0.6034992047,
    "researchAndDevelopmentExpenses": 0,
    "generalAndAdministrativeExpenses": 0,
    "sellingAndMarketingExpenses": 0,
    "sellingGeneralAndAdministrativeExpenses": 1986000000,
    "otherExpenses": 1615000000,
    "operatingExpenses": 3601000000,
    "costAndExpenses": 7091000000,
    "interestIncome": 148000000,
    "interestExpense": 707000000,
    "depreciationAndAmortization": 1615000000,
    "ebitda": 3459000000,
    "ebitdaratio": 0.3929788684,
    "operatingIncome": 1711000000,
    "operatingIncomeRatio": 0.1943876392,
    "totalOtherIncomeExpensesNet": -574000000,
    "incomeBeforeTax": 1137000000,
    "incomeBeforeTaxRatio": 0.1291751875,
    "incomeTaxExpense": 203000000,
    "netIncome": 944000000,
    "netIncomeRatio": 0.1072483526,
    "eps": 0.17,
    "epsdiluted": 0.17,
    "weightedAverageShsOut": 5744000000,
    "weightedAverageShsOutDil": 5754000000,
    "link": "https://www.sec.gov/Archives/edgar/data/1166691/000119312509223314/0001193125-09-223314-index.htm",
    "finalLink": "https://www.sec.gov/Archives/edgar/data/1166691/000119312509223314/d10q.htm"
  },
  {
    "date": "2009-06-30",
    "symbol": "CMCSA",
    "reportedCurrency": "USD",
    "cik": "0001166691",
    "fillingDate": "2009-08-06",
    "acceptedDate": "2009-08-06 12:17:45",
    "calendarYear": "2009",
    "period": "Q2",
    "revenue": 8938000000,
    "costOfRevenue": 5403000000,
    "grossProfit": 3535000000,
    "grossProfitRatio": 0.3955023495,
    "researchAndDevelopmentExpenses": 0,
    "generalAndAdministrativeExpenses": 0,
    "sellingAndMarketingExpenses": 0,
    "sellingGeneralAndAdministrativeExpenses": 1858000000,
    "otherExpenses": 1660000000,
    "operatingExpenses": 1660000000,
    "costAndExpenses": 7063000000,
    "interestIncome": 27000000,
    "interestExpense": 551000000,
    "depreciationAndAmortization": 1660000000,
    "ebitda": 3591000000,
    "ebitdaratio": 0.4017677333,
    "operatingIncome": 1875000000,
    "operatingIncomeRatio": 0.2097784739,
    "totalOtherIncomeExpensesNet": -495000000,
    "incomeBeforeTax": 1380000000,
    "incomeBeforeTaxRatio": 0.1543969568,
    "incomeTaxExpense": 424000000,
    "netIncome": 956000000,
    "netIncomeRatio": 0.1069590512,
    "eps": 0.17,
    "epsdiluted": 0.17,
    "weightedAverageShsOut": 5770000000,
    "weightedAverageShsOutDil": 5782000000,
    "link": "https://www.sec.gov/Archives/edgar/data/1166691/000119312509166759/0001193125-09-166759-index.htm",
    "finalLink": "https://www.sec.gov/Archives/edgar/data/1166691/000119312509166759/d10q.htm"
  },
  {
    "date": "2009-03-31",
    "symbol": "CMCSA",
    "reportedCurrency": "USD",
    "cik": "0001166691",
    "fillingDate": "2009-04-30",
    "acceptedDate": "2009-04-30 11:54:17",
    "calendarYear": "2009",
    "period": "Q1",
    "revenue": 8835000000,
    "costOfRevenue": 3565000000,
    "grossProfit": 5270000000,
    "grossProfitRatio": 0.5964912281,
    "researchAndDevelopmentExpenses": 0,
    "generalAndAdministrativeExpenses": 0,
    "sellingAndMarketingExpenses": 0,
    "sellingGeneralAndAdministrativeExpenses": 1826000000,
    "otherExpenses": 1633000000,
    "operatingExpenses": 3459000000,
    "costAndExpenses": 7024000000,
    "interestIncome": 27000000,
    "interestExpense": 570000000,
    "depreciationAndAmortization": 1633000000,
    "ebitda": 3442000000,
    "ebitdaratio": 0.3895868704,
    "operatingIncome": 1811000000,
    "operatingIncomeRatio": 0.2049801924,
    "totalOtherIncomeExpensesNet": -572000000,
    "incomeBeforeTax": 1239000000,
    "incomeBeforeTaxRatio": 0.140237691,
    "incomeTaxExpense": 461000000,
    "netIncome": 772000000,
    "netIncomeRatio": 0.0873797397,
    "eps": 0.14,
    "epsdiluted": 0.14,
    "weightedAverageShsOut": 5780000000,
    "weightedAverageShsOutDil": 5780000000,
    "link": "https://www.sec.gov/Archives/edgar/data/1166691/000119312509093618/0001193125-09-093618-index.htm",
    "finalLink": "https://www.sec.gov/Archives/edgar/data/1166691/000119312509093618/d10q.htm"
  },
  {
    "date": "2008-12-31",
    "symbol": "CMCSA",
    "reportedCurrency": "USD",
    "cik": "0001166691",
    "fillingDate": "2009-02-20",
    "acceptedDate": "2009-02-20 13:52:07",
    "calendarYear": "2008",
    "period": "Q4",
    "revenue": 8765000000,
    "costOfRevenue": 4179000000,
    "grossProfit": 4586000000,
    "grossProfitRatio": 0.5232173417,
    "researchAndDevelopmentExpenses": 0,
    "generalAndAdministrativeExpenses": 0,
    "sellingAndMarketingExpenses": 0,
    "sellingGeneralAndAdministrativeExpenses": 1216000000,
    "otherExpenses": 1613000000,
    "operatingExpenses": 2829000000,
    "costAndExpenses": 7008000000,
    "interestIncome": 0,
    "interestExpense": 0,
    "depreciationAndAmortization": 1613000000,
    "ebitda": 3135000000,
    "ebitdaratio": 0.3576725613,
    "operatingIncome": 1757000000,
    "operatingIncomeRatio": 0.2004563605,
    "totalOtherIncomeExpensesNet": -1176000000,
    "incomeBeforeTax": 581000000,
    "incomeBeforeTaxRatio": 0.0662863662,
    "incomeTaxExpense": 169000000,
    "netIncome": 412000000,
    "netIncomeRatio": 0.0470051341,
    "eps": 0.0713,
    "epsdiluted": 0.0713,
    "weightedAverageShsOut": 5764000000,
    "weightedAverageShsOutDil": 5776000000,
    "link": "https://www.sec.gov/Archives/edgar/data/1166691/000119312509033975/0001193125-09-033975-index.htm",
    "finalLink": "https://www.sec.gov/Archives/edgar/data/1166691/000119312509033975/d10k.htm"
  },
  {
    "date": "2008-09-30",
    "symbol": "CMCSA",
    "reportedCurrency": "USD",
    "cik": "0001166691",
    "fillingDate": "2008-10-29",
    "acceptedDate": "2008-10-29 16:36:26",
    "calendarYear": "2008",
    "period": "Q3",
    "revenue": 8549000000,
    "costOfRevenue": 3095000000,
    "grossProfit": 5454000000,
    "grossProfitRatio": 0.6379693531,
    "researchAndDevelopmentExpenses": 0,
    "generalAndAdministrativeExpenses": 0,
    "sellingAndMarketingExpenses": 0,
    "sellingGeneralAndAdministrativeExpenses": 2217000000,
    "otherExpenses": 1567000000,
    "operatingExpenses": 3784000000,
    "costAndExpenses": 6879000000,
    "interestIncome": 0,
    "interestExpense": 0,
    "depreciationAndAmortization": 1567000000,
    "ebitda": 3237000000,
    "ebitdaratio": 0.3786407767,
    "operatingIncome": 1670000000,
    "operatingIncomeRatio": 0.1953444847,
    "totalOtherIncomeExpensesNet": -513000000,
    "incomeBeforeTax": 1157000000,
    "incomeBeforeTaxRatio": 0.1353374664,
    "incomeTaxExpense": 401000000,
    "netIncome": 771000000,
    "netIncomeRatio": 0.0901859867,
    "eps": 0.13,
    "epsdiluted": 0.13,
    "weightedAverageShsOut": 5818000000,
    "weightedAverageShsOutDil": 5840000000,
    "link": "https://www.sec.gov/Archives/edgar/data/1166691/000119312508219067/0001193125-08-219067-index.htm",
    "finalLink": "https://www.sec.gov/Archives/edgar/data/1166691/000119312508219067/d10q.htm"
  },
  {
    "date": "2008-06-30",
    "symbol": "CMCSA",
    "reportedCurrency": "USD",
    "cik": "0001166691",
    "fillingDate": "2008-07-30",
    "acceptedDate": "2008-07-30 16:19:24",
    "calendarYear": "2008",
    "period": "Q2",
    "revenue": 8553000000,
    "costOfRevenue": 3091000000,
    "grossProfit": 5462000000,
    "grossProfitRatio": 0.638606337,
    "researchAndDevelopmentExpenses": 0,
    "generalAndAdministrativeExpenses": 0,
    "sellingAndMarketingExpenses": 0,
    "sellingGeneralAndAdministrativeExpenses": 2111000000,
    "otherExpenses": 1601000000,
    "operatingExpenses": 3712000000,
    "costAndExpenses": 6803000000,
    "interestIncome": 0,
    "interestExpense": 618000000,
    "depreciationAndAmortization": 1601000000,
    "ebitda": 3293000000,
    "ebitdaratio": 0.3850111072,
    "operatingIncome": 1750000000,
    "operatingIncomeRatio": 0.2046065708,
    "totalOtherIncomeExpensesNet": -676000000,
    "incomeBeforeTax": 1074000000,
    "incomeBeforeTaxRatio": 0.1255699754,
    "incomeTaxExpense": 455000000,
    "netIncome": 632000000,
    "netIncomeRatio": 0.0738922016,
    "eps": 0.11,
    "epsdiluted": 0.11,
    "weightedAverageShsOut": 5914000000,
    "weightedAverageShsOutDil": 5940000000,
    "link": "https://www.sec.gov/Archives/edgar/data/1166691/000119312508161385/0001193125-08-161385-index.htm",
    "finalLink": "https://www.sec.gov/Archives/edgar/data/1166691/000119312508161385/d10q.htm"
  },
  {
    "date": "2008-03-31",
    "symbol": "CMCSA",
    "reportedCurrency": "USD",
    "cik": "0001166691",
    "fillingDate": "2008-05-01",
    "acceptedDate": "2008-05-01 14:08:35",
    "calendarYear": "2008",
    "period": "Q1",
    "revenue": 8389000000,
    "costOfRevenue": 3107000000,
    "grossProfit": 5282000000,
    "grossProfitRatio": 0.6296340446,
    "researchAndDevelopmentExpenses": 0,
    "generalAndAdministrativeExpenses": 0,
    "sellingAndMarketingExpenses": 0,
    "sellingGeneralAndAdministrativeExpenses": 2108000000,
    "otherExpenses": 1619000000,
    "operatingExpenses": 3727000000,
    "costAndExpenses": 6834000000,
    "interestIncome": 0,
    "interestExpense": 621000000,
    "depreciationAndAmortization": 1619000000,
    "ebitda": 3486000000,
    "ebitdaratio": 0.415544165,
    "operatingIncome": 1555000000,
    "operatingIncomeRatio": 0.1853617833,
    "totalOtherIncomeExpensesNet": -309000000,
    "incomeBeforeTax": 1246000000,
    "incomeBeforeTaxRatio": 0.1485278341,
    "incomeTaxExpense": 508000000,
    "netIncome": 732000000,
    "netIncomeRatio": 0.0872571224,
    "eps": 0.12,
    "epsdiluted": 0.12,
    "weightedAverageShsOut": 6018000000,
    "weightedAverageShsOutDil": 6034000000,
    "link": "https://www.sec.gov/Archives/edgar/data/1166691/000119312508098880/0001193125-08-098880-index.htm",
    "finalLink": "https://www.sec.gov/Archives/edgar/data/1166691/000119312508098880/d10q.htm"
  },
  {
    "date": "2007-12-31",
    "symbol": "CMCSA",
    "reportedCurrency": "USD",
    "cik": "0001166691",
    "fillingDate": "2008-02-20",
    "acceptedDate": "2008-02-20 11:54:03",
    "calendarYear": "2007",
    "period": "Q4",
    "revenue": 8014000000,
    "costOfRevenue": 2903000000,
    "grossProfit": 5111000000,
    "grossProfitRatio": 0.6377589219,
    "researchAndDevelopmentExpenses": 0,
    "generalAndAdministrativeExpenses": 0,
    "sellingAndMarketingExpenses": 0,
    "sellingGeneralAndAdministrativeExpenses": 2029000000,
    "otherExpenses": 1624000000,
    "operatingExpenses": 3653000000,
    "costAndExpenses": 6556000000,
    "interestIncome": 0,
    "interestExpense": 0,
    "depreciationAndAmortization": 1624000000,
    "ebitda": 3082000000,
    "ebitdaratio": 0.3845769903,
    "operatingIncome": 1458000000,
    "operatingIncomeRatio": 0.1819316197,
    "totalOtherIncomeExpensesNet": -462000000,
    "incomeBeforeTax": 996000000,
    "incomeBeforeTaxRatio": 0.1242825056,
    "incomeTaxExpense": 400000000,
    "netIncome": 602000000,
    "netIncomeRatio": 0.0751185426,
    "eps": 0.0978,
    "epsdiluted": 0.0978,
    "weightedAverageShsOut": 6136000000,
    "weightedAverageShsOutDil": 6156000000,
    "link": "https://www.sec.gov/Archives/edgar/data/1166691/000119312508034239/0001193125-08-034239-index.htm",
    "finalLink": "https://www.sec.gov/Archives/edgar/data/1166691/000119312508034239/d10k.htm"
  },
  {
    "date": "2007-09-30",
    "symbol": "CMCSA",
    "reportedCurrency": "USD",
    "cik": "0001166691",
    "fillingDate": "2007-10-26",
    "acceptedDate": "2007-10-26 13:42:42",
    "calendarYear": "2007",
    "period": "Q3",
    "revenue": 7781000000,
    "costOfRevenue": 2759000000,
    "grossProfit": 5022000000,
    "grossProfitRatio": 0.6454183267,
    "researchAndDevelopmentExpenses": 0,
    "generalAndAdministrativeExpenses": 0,
    "sellingAndMarketingExpenses": 0,
    "sellingGeneralAndAdministrativeExpenses": 2093000000,
    "otherExpenses": 1538000000,
    "operatingExpenses": 3631000000,
    "costAndExpenses": 6390000000,
    "interestIncome": 0,
    "interestExpense": 0,
    "depreciationAndAmortization": 1538000000,
    "ebitda": 2929000000,
    "ebitdaratio": 0.3764297648,
    "operatingIncome": 1391000000,
    "operatingIncomeRatio": 0.1787687958,
    "totalOtherIncomeExpensesNet": -426000000,
    "incomeBeforeTax": 965000000,
    "incomeBeforeTaxRatio": 0.1240200488,
    "incomeTaxExpense": 421000000,
    "netIncome": 560000000,
    "netIncomeRatio": 0.0719701838,
    "eps": 0.09,
    "epsdiluted": 0.09,
    "weightedAverageShsOut": 6174000000,
    "weightedAverageShsOutDil": 6236000000,
    "link": "https://www.sec.gov/Archives/edgar/data/1166691/000119312507226766/0001193125-07-226766-index.htm",
    "finalLink": "https://www.sec.gov/Archives/edgar/data/1166691/000119312507226766/d10q.htm"
  },
  {
    "date": "2007-06-30",
    "symbol": "CMCSA",
    "reportedCurrency": "USD",
    "cik": "0001166691",
    "fillingDate": "2007-07-27",
    "acceptedDate": "2007-07-27 14:47:03",
    "calendarYear": "2007",
    "period": "Q2",
    "revenue": 7712000000,
    "costOfRevenue": 2754000000,
    "grossProfit": 4958000000,
    "grossProfitRatio": 0.6428941909,
    "researchAndDevelopmentExpenses": 0,
    "generalAndAdministrativeExpenses": 0,
    "sellingAndMarketingExpenses": 0,
    "sellingGeneralAndAdministrativeExpenses": 1946000000,
    "otherExpenses": 1544000000,
    "operatingExpenses": 3490000000,
    "costAndExpenses": 6244000000,
    "interestIncome": 0,
    "interestExpense": 0,
    "depreciationAndAmortization": 1544000000,
    "ebitda": 3012000000,
    "ebitdaratio": 0.390560166,
    "operatingIncome": 1468000000,
    "operatingIncomeRatio": 0.1903526971,
    "totalOtherIncomeExpensesNet": -439000000,
    "incomeBeforeTax": 1029000000,
    "incomeBeforeTaxRatio": 0.1334284232,
    "incomeTaxExpense": 453000000,
    "netIncome": 588000000,
    "netIncomeRatio": 0.0762448133,
    "eps": 0.095,
    "epsdiluted": 0.095,
    "weightedAverageShsOut": 6226000000,
    "weightedAverageShsOutDil": 6294000000,
    "link": "https://www.sec.gov/Archives/edgar/data/1166691/000119312507164027/0001193125-07-164027-index.htm",
    "finalLink": "https://www.sec.gov/Archives/edgar/data/1166691/000119312507164027/d10q.htm"
  },
  {
    "date": "2007-03-31",
    "symbol": "CMCSA",
    "reportedCurrency": "USD",
    "cik": "0001166691",
    "fillingDate": "2007-04-27",
    "acceptedDate": "2007-04-27 12:01:27",
    "calendarYear": "2007",
    "period": "Q1",
    "revenue": 7388000000,
    "costOfRevenue": 2759000000,
    "grossProfit": 4629000000,
    "grossProfitRatio": 0.6265565782,
    "researchAndDevelopmentExpenses": 0,
    "generalAndAdministrativeExpenses": 0,
    "sellingAndMarketingExpenses": 0,
    "sellingGeneralAndAdministrativeExpenses": 1866000000,
    "otherExpenses": 1502000000,
    "operatingExpenses": 3368000000,
    "costAndExpenses": 6127000000,
    "interestIncome": 0,
    "interestExpense": 0,
    "depreciationAndAmortization": 1502000000,
    "ebitda": 2763000000,
    "ebitdaratio": 0.3739848403,
    "operatingIncome": 1261000000,
    "operatingIncomeRatio": 0.1706821873,
    "totalOtherIncomeExpensesNet": 98000000,
    "incomeBeforeTax": 1359000000,
    "incomeBeforeTaxRatio": 0.183946941,
    "incomeTaxExpense": 526000000,
    "netIncome": 837000000,
    "netIncomeRatio": 0.1132918246,
    "eps": 0.14,
    "epsdiluted": 0.13,
    "weightedAverageShsOut": 6250000000,
    "weightedAverageShsOutDil": 6322000000,
    "link": "https://www.sec.gov/Archives/edgar/data/1166691/000119312507093032/0001193125-07-093032-index.htm",
    "finalLink": "https://www.sec.gov/Archives/edgar/data/1166691/000119312507093032/d10q.htm"
  },
  {
    "date": "2006-12-31",
    "symbol": "CMCSA",
    "reportedCurrency": "USD",
    "cik": "0001166691",
    "fillingDate": "2007-02-26",
    "acceptedDate": "2007-02-26 12:08:01",
    "calendarYear": "2006",
    "period": "Q4",
    "revenue": 7031000000,
    "costOfRevenue": 2451000000,
    "grossProfit": 4580000000,
    "grossProfitRatio": 0.6514009387,
    "researchAndDevelopmentExpenses": 0,
    "generalAndAdministrativeExpenses": 0,
    "sellingAndMarketingExpenses": 0,
    "sellingGeneralAndAdministrativeExpenses": 1986000000,
    "otherExpenses": 1376000000,
    "operatingExpenses": 3362000000,
    "costAndExpenses": 5813000000,
    "interestIncome": 0,
    "interestExpense": 0,
    "depreciationAndAmortization": 1515000000,
    "ebitda": 2733000000,
    "ebitdaratio": 0.388707154,
    "operatingIncome": 1218000000,
    "operatingIncomeRatio": 0.1732328261,
    "totalOtherIncomeExpensesNet": -566000000,
    "incomeBeforeTax": 652000000,
    "incomeBeforeTaxRatio": 0.092732186,
    "incomeTaxExpense": 221000000,
    "netIncome": 390000000,
    "netIncomeRatio": 0.0554686389,
    "eps": 0.0616,
    "epsdiluted": 0.0616,
    "weightedAverageShsOut": 6254000000,
    "weightedAverageShsOutDil": 6328000000,
    "link": "https://www.sec.gov/Archives/edgar/data/1166691/000119312507039301/0001193125-07-039301-index.htm",
    "finalLink": "https://www.sec.gov/Archives/edgar/data/1166691/000119312507039301/d10k.htm"
  },
  {
    "date": "2006-09-30",
    "symbol": "CMCSA",
    "reportedCurrency": "USD",
    "cik": "0001166691",
    "fillingDate": "2006-10-31",
    "acceptedDate": "2006-10-30 21:10:38",
    "calendarYear": "2006",
    "period": "Q3",
    "revenue": 6432000000,
    "costOfRevenue": 2300000000,
    "grossProfit": 4132000000,
    "grossProfitRatio": 0.6424129353,
    "researchAndDevelopmentExpenses": 0,
    "generalAndAdministrativeExpenses": 0,
    "sellingAndMarketingExpenses": 0,
    "sellingGeneralAndAdministrativeExpenses": 1695000000,
    "otherExpenses": 1213000000,
    "operatingExpenses": 2908000000,
    "costAndExpenses": 5208000000,
    "interestIncome": 0,
    "interestExpense": 0,
    "depreciationAndAmortization": 1093000000,
    "ebitda": 2437000000,
    "ebitdaratio": 0.3788868159,
    "operatingIncome": 1224000000,
    "operatingIncomeRatio": 0.1902985075,
    "totalOtherIncomeExpensesNet": 358000000,
    "incomeBeforeTax": 1582000000,
    "incomeBeforeTaxRatio": 0.2459577114,
    "incomeTaxExpense": 610000000,
    "netIncome": 1217000000,
    "netIncomeRatio": 0.189210199,
    "eps": 0.19,
    "epsdiluted": 0.19,
    "weightedAverageShsOut": 6288000000,
    "weightedAverageShsOutDil": 6326000000,
    "link": "https://www.sec.gov/Archives/edgar/data/1166691/000119312506218354/0001193125-06-218354-index.htm",
    "finalLink": "https://www.sec.gov/Archives/edgar/data/1166691/000119312506218354/d10q.htm"
  },
  {
    "date": "2006-06-30",
    "symbol": "CMCSA",
    "reportedCurrency": "USD",
    "cik": "0001166691",
    "fillingDate": "2006-07-28",
    "acceptedDate": "2006-07-28 10:59:54",
    "calendarYear": "2006",
    "period": "Q2",
    "revenue": 6228000000,
    "costOfRevenue": 2310000000,
    "grossProfit": 3918000000,
    "grossProfitRatio": 0.6290944123,
    "researchAndDevelopmentExpenses": 0,
    "generalAndAdministrativeExpenses": 0,
    "sellingAndMarketingExpenses": 0,
    "sellingGeneralAndAdministrativeExpenses": 1486000000,
    "otherExpenses": 1203000000,
    "operatingExpenses": 2689000000,
    "costAndExpenses": 4999000000,
    "interestIncome": 0,
    "interestExpense": 0,
    "depreciationAndAmortization": 1203000000,
    "ebitda": 2376000000,
    "ebitdaratio": 0.3815028902,
    "operatingIncome": 1229000000,
    "operatingIncomeRatio": 0.1973346179,
    "totalOtherIncomeExpensesNet": -409000000,
    "incomeBeforeTax": 818000000,
    "incomeBeforeTaxRatio": 0.131342325,
    "incomeTaxExpense": 362000000,
    "netIncome": 460000000,
    "netIncomeRatio": 0.0738599872,
    "eps": 0.075,
    "epsdiluted": 0.075,
    "weightedAverageShsOut": 6336000000,
    "weightedAverageShsOutDil": 6368000000,
    "link": "https://www.sec.gov/Archives/edgar/data/1166691/000119312506155589/0001193125-06-155589-index.htm",
    "finalLink": "https://www.sec.gov/Archives/edgar/data/1166691/000119312506155589/d10q.htm"
  },
  {
    "date": "2006-03-31",
    "symbol": "CMCSA",
    "reportedCurrency": "USD",
    "cik": "0001166691",
    "fillingDate": "2006-04-28",
    "acceptedDate": "2006-04-28 11:43:23",
    "calendarYear": "2006",
    "period": "Q1",
    "revenue": 5901000000,
    "costOfRevenue": 2196000000,
    "grossProfit": 3705000000,
    "grossProfitRatio": 0.6278596848,
    "researchAndDevelopmentExpenses": 0,
    "generalAndAdministrativeExpenses": 0,
    "sellingAndMarketingExpenses": 0,
    "sellingGeneralAndAdministrativeExpenses": 1504000000,
    "otherExpenses": 1151000000,
    "operatingExpenses": 2655000000,
    "costAndExpenses": 4851000000,
    "interestIncome": 0,
    "interestExpense": 0,
    "depreciationAndAmortization": 1151000000,
    "ebitda": 2155000000,
    "ebitdaratio": 0.3651923403,
    "operatingIncome": 1050000000,
    "operatingIncomeRatio": 0.1779359431,
    "totalOtherIncomeExpensesNet": -408000000,
    "incomeBeforeTax": 476000000,
    "incomeBeforeTaxRatio": 0.0806642942,
    "incomeTaxExpense": 164000000,
    "netIncome": 466000000,
    "netIncomeRatio": 0.0789696662,
    "eps": 0.075,
    "epsdiluted": 0.075,
    "weightedAverageShsOut": 6404000000,
    "weightedAverageShsOutDil": 6426000000,
    "link": "https://www.sec.gov/Archives/edgar/data/1166691/000119312506092286/0001193125-06-092286-index.htm",
    "finalLink": "https://www.sec.gov/Archives/edgar/data/1166691/000119312506092286/d10q.htm"
  },
  {
    "date": "2005-12-31",
    "symbol": "CMCSA",
    "reportedCurrency": "USD",
    "cik": "0001166691",
    "fillingDate": "2006-02-22",
    "acceptedDate": "2006-02-22 16:05:46",
    "calendarYear": "2005",
    "period": "Q4",
    "revenue": 5716000000,
    "costOfRevenue": 2061000000,
    "grossProfit": 3655000000,
    "grossProfitRatio": 0.63943317,
    "researchAndDevelopmentExpenses": 0,
    "generalAndAdministrativeExpenses": 0,
    "sellingAndMarketingExpenses": 0,
    "sellingGeneralAndAdministrativeExpenses": 1500000000,
    "otherExpenses": 1262000000,
    "operatingExpenses": 2762000000,
    "costAndExpenses": 4823000000,
    "interestIncome": 0,
    "interestExpense": 0,
    "depreciationAndAmortization": 1262000000,
    "ebitda": 2155000000,
    "ebitdaratio": 0.3770118964,
    "operatingIncome": 893000000,
    "operatingIncomeRatio": 0.1562281316,
    "totalOtherIncomeExpensesNet": -429000000,
    "incomeBeforeTax": 464000000,
    "incomeBeforeTaxRatio": 0.0811756473,
    "incomeTaxExpense": 319000000,
    "netIncome": 133000000,
    "netIncomeRatio": 0.0232680196,
    "eps": 0.0146,
    "epsdiluted": 0.0204,
    "weightedAverageShsOut": 9079107197,
    "weightedAverageShsOutDil": 9110107197,
    "link": "https://www.sec.gov/Archives/edgar/data/1166691/000119312506036698/0001193125-06-036698-index.htm",
    "finalLink": "https://www.sec.gov/Archives/edgar/data/1166691/000119312506036698/d10k.htm"
  },
  {
    "date": "2005-09-30",
    "symbol": "CMCSA",
    "reportedCurrency": "USD",
    "cik": "0001166691",
    "fillingDate": "2005-11-03",
    "acceptedDate": "2005-11-03 13:59:57",
    "calendarYear": "2005",
    "period": "Q3",
    "revenue": 5578000000,
    "costOfRevenue": 2007000000,
    "grossProfit": 3571000000,
    "grossProfitRatio": 0.6401936178,
    "researchAndDevelopmentExpenses": 0,
    "generalAndAdministrativeExpenses": 0,
    "sellingAndMarketingExpenses": 0,
    "sellingGeneralAndAdministrativeExpenses": 1472000000,
    "otherExpenses": 1216000000,
    "operatingExpenses": 2688000000,
    "costAndExpenses": 4695000000,
    "interestIncome": 0,
    "interestExpense": 0,
    "depreciationAndAmortization": 1216000000,
    "ebitda": 2057000000,
    "ebitdaratio": 0.3687701685,
    "operatingIncome": 883000000,
    "operatingIncomeRatio": 0.1583004661,
    "totalOtherIncomeExpensesNet": -525000000,
    "incomeBeforeTax": 355000000,
    "incomeBeforeTaxRatio": 0.0636428828,
    "incomeTaxExpense": 143000000,
    "netIncome": 222000000,
    "netIncomeRatio": 0.0397992112,
    "eps": 0.0333,
    "epsdiluted": 0.0333,
    "weightedAverageShsOut": 9079107197,
    "weightedAverageShsOutDil": 9110107197,
    "link": "https://www.sec.gov/Archives/edgar/data/1166691/000119312505215451/0001193125-05-215451-index.htm",
    "finalLink": "https://www.sec.gov/Archives/edgar/data/1166691/000119312505215451/d10q.htm"
  },
  {
    "date": "2005-06-30",
    "symbol": "CMCSA",
    "reportedCurrency": "USD",
    "cik": "0001166691",
    "fillingDate": "2005-08-02",
    "acceptedDate": "2005-08-02 17:19:28",
    "calendarYear": "2005",
    "period": "Q2",
    "revenue": 5598000000,
    "costOfRevenue": 1944000000,
    "grossProfit": 3654000000,
    "grossProfitRatio": 0.652733119,
    "researchAndDevelopmentExpenses": 0,
    "generalAndAdministrativeExpenses": 0,
    "sellingAndMarketingExpenses": 0,
    "sellingGeneralAndAdministrativeExpenses": 1445000000,
    "otherExpenses": 1161000000,
    "operatingExpenses": 2606000000,
    "costAndExpenses": 4550000000,
    "interestIncome": 0,
    "interestExpense": 0,
    "depreciationAndAmortization": 1161000000,
    "ebitda": 2209000000,
    "ebitdaratio": 0.3946052161,
    "operatingIncome": 1048000000,
    "operatingIncomeRatio": 0.1872097178,
    "totalOtherIncomeExpensesNet": -277000000,
    "incomeBeforeTax": 771000000,
    "incomeBeforeTaxRatio": 0.1377277599,
    "incomeTaxExpense": 331000000,
    "netIncome": 430000000,
    "netIncomeRatio": 0.0768131476,
    "eps": 0.0633,
    "epsdiluted": 0.0633,
    "weightedAverageShsOut": 9079107197,
    "weightedAverageShsOutDil": 9110107197,
    "link": "https://www.sec.gov/Archives/edgar/data/1166691/000104746905020515/0001047469-05-020515-index.htm",
    "finalLink": "https://www.sec.gov/Archives/edgar/data/1166691/000104746905020515/a2161512z10-q.htm"
  },
  {
    "date": "2005-03-31",
    "symbol": "CMCSA",
    "reportedCurrency": "USD",
    "cik": "0001166691",
    "fillingDate": "2005-05-05",
    "acceptedDate": "2005-05-05 15:15:05",
    "calendarYear": "2005",
    "period": "Q1",
    "revenue": 5363000000,
    "costOfRevenue": 1957000000,
    "grossProfit": 3406000000,
    "grossProfitRatio": 0.6350922991,
    "researchAndDevelopmentExpenses": 0,
    "generalAndAdministrativeExpenses": 0,
    "sellingAndMarketingExpenses": 0,
    "sellingGeneralAndAdministrativeExpenses": 1376000000,
    "otherExpenses": 1164000000,
    "operatingExpenses": 2540000000,
    "costAndExpenses": 4497000000,
    "interestIncome": 0,
    "interestExpense": 0,
    "depreciationAndAmortization": 1164000000,
    "ebitda": 2030000000,
    "ebitdaratio": 0.3785194854,
    "operatingIncome": 866000000,
    "operatingIncomeRatio": 0.1614767854,
    "totalOtherIncomeExpensesNet": -576000000,
    "incomeBeforeTax": 290000000,
    "incomeBeforeTaxRatio": 0.0540742122,
    "incomeTaxExpense": 140000000,
    "netIncome": 143000000,
    "netIncomeRatio": 0.0266641805,
    "eps": 0.02,
    "epsdiluted": 0.02,
    "weightedAverageShsOut": 9079107197,
    "weightedAverageShsOutDil": 9110107197,
    "link": "https://www.sec.gov/Archives/edgar/data/1166691/000104746905013486/0001047469-05-013486-index.htm",
    "finalLink": "https://www.sec.gov/Archives/edgar/data/1166691/000104746905013486/a2157164z10-q.htm"
  },
  {
    "date": "2004-12-31",
    "symbol": "CMCSA",
    "reportedCurrency": "USD",
    "cik": "0001166691",
    "fillingDate": "2005-02-23",
    "acceptedDate": "2005-02-23 09:28:10",
    "calendarYear": "2004",
    "period": "Q4",
    "revenue": 5235000000,
    "costOfRevenue": 1962000000,
    "grossProfit": 3273000000,
    "grossProfitRatio": 0.6252148997,
    "researchAndDevelopmentExpenses": 0,
    "generalAndAdministrativeExpenses": 0,
    "sellingAndMarketingExpenses": 0,
    "sellingGeneralAndAdministrativeExpenses": 1287000000,
    "otherExpenses": 1275000000,
    "operatingExpenses": 2562000000,
    "costAndExpenses": 4524000000,
    "interestIncome": 0,
    "interestExpense": 0,
    "depreciationAndAmortization": 1275000000,
    "ebitda": 1986000000,
    "ebitdaratio": 0.3793696275,
    "operatingIncome": 711000000,
    "operatingIncomeRatio": 0.1358166189,
    "totalOtherIncomeExpensesNet": 74000000,
    "incomeBeforeTax": 785000000,
    "incomeBeforeTaxRatio": 0.1499522445,
    "incomeTaxExpense": 360000000,
    "netIncome": 423000000,
    "netIncomeRatio": 0.0808022923,
    "eps": 0.0466,
    "epsdiluted": 0.0633,
    "weightedAverageShsOut": 9079107197,
    "weightedAverageShsOutDil": 9110107197,
    "link": "https://www.sec.gov/Archives/edgar/data/1166691/000104746905004437/0001047469-05-004437-index.htm",
    "finalLink": "https://www.sec.gov/Archives/edgar/data/1166691/000104746905004437/a2141960z10-k.htm"
  },
  {
    "date": "2004-09-30",
    "symbol": "CMCSA",
    "reportedCurrency": "USD",
    "cik": "0001166691",
    "fillingDate": "2004-10-29",
    "acceptedDate": "2004-10-29 17:16:44",
    "calendarYear": "2004",
    "period": "Q3",
    "revenue": 5098000000,
    "costOfRevenue": 1837000000,
    "grossProfit": 3261000000,
    "grossProfitRatio": 0.6396626128,
    "researchAndDevelopmentExpenses": 0,
    "generalAndAdministrativeExpenses": 0,
    "sellingAndMarketingExpenses": 0,
    "sellingGeneralAndAdministrativeExpenses": 1401000000,
    "otherExpenses": 1174000000,
    "operatingExpenses": 2575000000,
    "costAndExpenses": 4412000000,
    "interestIncome": 0,
    "interestExpense": 0,
    "depreciationAndAmortization": 1174000000,
    "ebitda": 1860000000,
    "ebitdaratio": 0.3648489604,
    "operatingIncome": 686000000,
    "operatingIncomeRatio": 0.1345625736,
    "totalOtherIncomeExpensesNet": -312000000,
    "incomeBeforeTax": 374000000,
    "incomeBeforeTaxRatio": 0.0733621028,
    "incomeTaxExpense": 156000000,
    "netIncome": 220000000,
    "netIncomeRatio": 0.0431541781,
    "eps": 0.0266,
    "epsdiluted": 0.0333,
    "weightedAverageShsOut": 9079107197,
    "weightedAverageShsOutDil": 9110107197,
    "link": "https://www.sec.gov/Archives/edgar/data/1166691/000095015904000944/0000950159-04-000944-index.htm",
    "finalLink": "https://www.sec.gov/Archives/edgar/data/1166691/000095015904000944/comcast10qsep2004.htm"
  },
  {
    "date": "2004-06-30",
    "symbol": "CMCSA",
    "reportedCurrency": "USD",
    "cik": "0001166691",
    "fillingDate": "2004-07-30",
    "acceptedDate": "2004-07-30 14:59:18",
    "calendarYear": "2004",
    "period": "Q2",
    "revenue": 5066000000,
    "costOfRevenue": 1794000000,
    "grossProfit": 3272000000,
    "grossProfitRatio": 0.6458744572,
    "researchAndDevelopmentExpenses": 0,
    "generalAndAdministrativeExpenses": 0,
    "sellingAndMarketingExpenses": 0,
    "sellingGeneralAndAdministrativeExpenses": 1320000000,
    "otherExpenses": 1100000000,
    "operatingExpenses": 2420000000,
    "costAndExpenses": 4214000000,
    "interestIncome": 0,
    "interestExpense": 0,
    "depreciationAndAmortization": 1100000000,
    "ebitda": 1952000000,
    "ebitdaratio": 0.3853138571,
    "operatingIncome": 852000000,
    "operatingIncomeRatio": 0.1681800237,
    "totalOtherIncomeExpensesNet": -341000000,
    "incomeBeforeTax": 511000000,
    "incomeBeforeTaxRatio": 0.1008685353,
    "incomeTaxExpense": 234000000,
    "netIncome": 262000000,
    "netIncomeRatio": 0.0517173312,
    "eps": 0.0317,
    "epsdiluted": 0.04,
    "weightedAverageShsOut": 9079107197,
    "weightedAverageShsOutDil": 9110107197,
    "link": "https://www.sec.gov/Archives/edgar/data/1166691/000095015904000712/0000950159-04-000712-index.htm",
    "finalLink": "https://www.sec.gov/Archives/edgar/data/1166691/000095015904000712/comcast10qjun2004.htm"
  },
  {
    "date": "2004-03-31",
    "symbol": "CMCSA",
    "reportedCurrency": "USD",
    "cik": "0001166691",
    "fillingDate": "2004-05-05",
    "acceptedDate": "2004-05-05 15:40:12",
    "calendarYear": "2004",
    "period": "Q1",
    "revenue": 4908000000,
    "costOfRevenue": 1869000000,
    "grossProfit": 3039000000,
    "grossProfitRatio": 0.619193154,
    "researchAndDevelopmentExpenses": 0,
    "generalAndAdministrativeExpenses": 0,
    "sellingAndMarketingExpenses": 0,
    "sellingGeneralAndAdministrativeExpenses": 1306000000,
    "otherExpenses": 1074000000,
    "operatingExpenses": 2380000000,
    "costAndExpenses": 4249000000,
    "interestIncome": 0,
    "interestExpense": 0,
    "depreciationAndAmortization": 1074000000,
    "ebitda": 1733000000,
    "ebitdaratio": 0.3530969845,
    "operatingIncome": 659000000,
    "operatingIncomeRatio": 0.1342705786,
    "totalOtherIncomeExpensesNet": -519000000,
    "incomeBeforeTax": 140000000,
    "incomeBeforeTaxRatio": 0.0285248574,
    "incomeTaxExpense": 76000000,
    "netIncome": 65000000,
    "netIncomeRatio": 0.0132436838,
    "eps": 0.0079,
    "epsdiluted": 0.01,
    "weightedAverageShsOut": 9079107197,
    "weightedAverageShsOutDil": 9110107197,
    "link": "https://www.sec.gov/Archives/edgar/data/1166691/000095015904000476/0000950159-04-000476-index.htm",
    "finalLink": "https://www.sec.gov/Archives/edgar/data/1166691/000095015904000476/comcast10qmar2004.htm"
  },
  {
    "date": "2003-12-31",
    "symbol": "CMCSA",
    "reportedCurrency": "USD",
    "cik": "0001166691",
    "fillingDate": "2004-03-12",
    "acceptedDate": "2004-03-12 17:06:15",
    "calendarYear": "2003",
    "period": "Q4",
    "revenue": 4742000000,
    "costOfRevenue": 1774000000,
    "grossProfit": 2968000000,
    "grossProfitRatio": 0.6258962463,
    "researchAndDevelopmentExpenses": 0,
    "generalAndAdministrativeExpenses": 0,
    "sellingAndMarketingExpenses": 0,
    "sellingGeneralAndAdministrativeExpenses": 1248000000,
    "otherExpenses": 978000000,
    "operatingExpenses": 2226000000,
    "costAndExpenses": 4000000000,
    "interestIncome": 0,
    "interestExpense": 0,
    "depreciationAndAmortization": 978000000,
    "ebitda": 1720000000,
    "ebitdaratio": 0.3627161535,
    "operatingIncome": 742000000,
    "operatingIncomeRatio": 0.1564740616,
    "totalOtherIncomeExpensesNet": -47000000,
    "incomeBeforeTax": 695000000,
    "incomeBeforeTaxRatio": 0.1465626318,
    "incomeTaxExpense": 215000000,
    "netIncome": 383000000,
    "netIncomeRatio": 0.0807676086,
    "eps": 0.0422,
    "epsdiluted": 0.0563,
    "weightedAverageShsOut": 9079107197,
    "weightedAverageShsOutDil": 9110107197,
    "link": "https://www.sec.gov/Archives/edgar/data/1166691/000095015904000281/0000950159-04-000281-index.htm",
    "finalLink": "https://www.sec.gov/Archives/edgar/data/1166691/000095015904000281/comcast10k2003.htm"
  },
  {
    "date": "2003-09-30",
    "symbol": "CMCSA",
    "reportedCurrency": "USD",
    "cik": "0001166691",
    "fillingDate": "2003-10-31",
    "acceptedDate": "2003-10-31 15:34:10",
    "calendarYear": "2003",
    "period": "Q3",
    "revenue": 4546000000,
    "costOfRevenue": 1703000000,
    "grossProfit": 2843000000,
    "grossProfitRatio": 0.6253849538,
    "researchAndDevelopmentExpenses": 0,
    "generalAndAdministrativeExpenses": 0,
    "sellingAndMarketingExpenses": 0,
    "sellingGeneralAndAdministrativeExpenses": 1211000000,
    "otherExpenses": 1139000000,
    "operatingExpenses": 2350000000,
    "costAndExpenses": 4053000000,
    "interestIncome": 0,
    "interestExpense": 0,
    "depreciationAndAmortization": 1075000000,
    "ebitda": 1632000000,
    "ebitdaratio": 0.3589969204,
    "operatingIncome": 493000000,
    "operatingIncomeRatio": 0.1084469864,
    "totalOtherIncomeExpensesNet": -749000000,
    "incomeBeforeTax": -256000000,
    "incomeBeforeTaxRatio": -0.0563132424,
    "incomeTaxExpense": -103000000,
    "netIncome": 3176000000,
    "netIncomeRatio": 0.6986361637,
    "eps": 0.38,
    "epsdiluted": 0.47,
    "weightedAverageShsOut": 8273214393,
    "weightedAverageShsOutDil": 8284214393,
    "link": "https://www.sec.gov/Archives/edgar/data/1166691/000095015903000869/0000950159-03-000869-index.htm",
    "finalLink": "https://www.sec.gov/Archives/edgar/data/1166691/000095015903000869/comcast10q.txt"
  },
  {
    "date": "2003-06-30",
    "symbol": "CMCSA",
    "reportedCurrency": "USD",
    "cik": "0001166691",
    "fillingDate": "2003-08-01",
    "acceptedDate": "2003-08-01 16:09:48",
    "calendarYear": "2003",
    "period": "Q2",
    "revenue": 5685000000,
    "costOfRevenue": 2575000000,
    "grossProfit": 3110000000,
    "grossProfitRatio": 0.54705365,
    "researchAndDevelopmentExpenses": 0,
    "generalAndAdministrativeExpenses": 0,
    "sellingAndMarketingExpenses": 0,
    "sellingGeneralAndAdministrativeExpenses": 1279000000,
    "otherExpenses": 1220000000,
    "operatingExpenses": 2499000000,
    "costAndExpenses": 5074000000,
    "interestIncome": 0,
    "interestExpense": 0,
    "depreciationAndAmortization": 1251000000,
    "ebitda": 1862000000,
    "ebitdaratio": 0.327528584,
    "operatingIncome": 611000000,
    "operatingIncomeRatio": 0.1074758135,
    "totalOtherIncomeExpensesNet": -556000000,
    "incomeBeforeTax": 55000000,
    "incomeBeforeTaxRatio": 0.0096745822,
    "incomeTaxExpense": 77000000,
    "netIncome": -22000000,
    "netIncomeRatio": -0.0038698329,
    "eps": -0.0022,
    "epsdiluted": -0.0022,
    "weightedAverageShsOut": 10142428785,
    "weightedAverageShsOutDil": 10142428785,
    "link": "https://www.sec.gov/Archives/edgar/data/1166691/000095015903000639/0000950159-03-000639-index.htm",
    "finalLink": "https://www.sec.gov/Archives/edgar/data/1166691/000095015903000639/comcast10q.txt"
  },
  {
    "date": "2003-03-31",
    "symbol": "CMCSA",
    "reportedCurrency": "USD",
    "cik": "0001166691",
    "fillingDate": "2003-05-09",
    "acceptedDate": "2003-05-09 17:16:29",
    "calendarYear": "2003",
    "period": "Q1",
    "revenue": 5518000000,
    "costOfRevenue": 2603000000,
    "grossProfit": 2915000000,
    "grossProfitRatio": 0.5282711127,
    "researchAndDevelopmentExpenses": 0,
    "generalAndAdministrativeExpenses": 0,
    "sellingAndMarketingExpenses": 0,
    "sellingGeneralAndAdministrativeExpenses": 1277000000,
    "otherExpenses": 1165000000,
    "operatingExpenses": 2442000000,
    "costAndExpenses": 5045000000,
    "interestIncome": 0,
    "interestExpense": 0,
    "depreciationAndAmortization": 1134000000,
    "ebitda": 1428000000,
    "ebitdaratio": 0.2587894165,
    "operatingIncome": 473000000,
    "operatingIncomeRatio": 0.0857194636,
    "totalOtherIncomeExpensesNet": -751000000,
    "incomeBeforeTax": -284000000,
    "incomeBeforeTaxRatio": -0.0514679232,
    "incomeTaxExpense": -68000000,
    "netIncome": -297000000,
    "netIncomeRatio": -0.0538238492,
    "eps": -0.0293,
    "epsdiluted": -0.0293,
    "weightedAverageShsOut": 10142428785,
    "weightedAverageShsOutDil": 10142428785,
    "link": "https://www.sec.gov/Archives/edgar/data/1166691/000095015903000388/0000950159-03-000388-index.htm",
    "finalLink": "https://www.sec.gov/Archives/edgar/data/1166691/000095015903000388/corp3-31q.txt"
  },
  {
    "date": "2002-12-31",
    "symbol": "CMCSA",
    "reportedCurrency": "USD",
    "cik": "0001166691",
    "fillingDate": "2003-03-20",
    "acceptedDate": "2003-03-20 17:24:06",
    "calendarYear": "2002",
    "period": "Q4",
    "revenue": 4373900000,
    "costOfRevenue": 2209500000,
    "grossProfit": 2164400000,
    "grossProfitRatio": 0.494844418,
    "researchAndDevelopmentExpenses": 0,
    "generalAndAdministrativeExpenses": 0,
    "sellingAndMarketingExpenses": 0,
    "sellingGeneralAndAdministrativeExpenses": 974000000,
    "otherExpenses": 861400000,
    "operatingExpenses": 1835400000,
    "costAndExpenses": 4044900000,
    "interestIncome": 0,
    "interestExpense": 0,
    "depreciationAndAmortization": 861400000,
    "ebitda": 1190400000,
    "ebitdaratio": 0.2721598573,
    "operatingIncome": 329000000,
    "operatingIncomeRatio": 0.0752189122,
    "totalOtherIncomeExpensesNet": -214400000,
    "incomeBeforeTax": 114600000,
    "incomeBeforeTaxRatio": 0.0262008734,
    "incomeTaxExpense": 81700000,
    "netIncome": -51100000,
    "netIncomeRatio": -0.0116829374,
    "eps": -0.0179,
    "epsdiluted": -0.0179,
    "weightedAverageShsOut": 2857271364,
    "weightedAverageShsOutDil": 2857271364,
    "link": "https://www.sec.gov/Archives/edgar/data/1166691/000095015903000238/0000950159-03-000238-index.htm",
    "finalLink": "https://www.sec.gov/Archives/edgar/data/1166691/000095015903000238/comcast200210k.txt"
  },
  {
    "date": "2002-09-30",
    "symbol": "CMCSA",
    "reportedCurrency": "USD",
    "cik": "0001166691",
    "fillingDate": "2002-09-30",
    "acceptedDate": "2002-09-29 20:00:00",
    "calendarYear": "2002",
    "period": "Q3",
    "revenue": 2704700000,
    "costOfRevenue": 1365100000,
    "grossProfit": 1339600000,
    "grossProfitRatio": 0.4952859837,
    "researchAndDevelopmentExpenses": 0,
    "generalAndAdministrativeExpenses": 0,
    "sellingAndMarketingExpenses": 0,
    "sellingGeneralAndAdministrativeExpenses": 513800000,
    "otherExpenses": 395300000,
    "operatingExpenses": 909100000,
    "costAndExpenses": 2274200000,
    "interestIncome": 0,
    "interestExpense": 0,
    "depreciationAndAmortization": 315700000,
    "ebitda": 642000000,
    "ebitdaratio": 0.2373645876,
    "operatingIncome": 430500000,
    "operatingIncomeRatio": 0.1591673753,
    "totalOtherIncomeExpensesNet": -220000000,
    "incomeBeforeTax": 194700000,
    "incomeBeforeTaxRatio": 0.0719858025,
    "incomeTaxExpense": 82500000,
    "netIncome": 75600000,
    "netIncomeRatio": 0.027951344,
    "eps": 0.0176,
    "epsdiluted": 0.0175,
    "weightedAverageShsOut": 4285907046,
    "weightedAverageShsOutDil": 4314242880,
    "link": "",
    "finalLink": ""
  },
  {
    "date": "2002-06-30",
    "symbol": "CMCSA",
    "reportedCurrency": "USD",
    "cik": "0001166691",
    "fillingDate": "2002-06-30",
    "acceptedDate": "2002-06-29 20:00:00",
    "calendarYear": "2002",
    "period": "Q2",
    "revenue": 2708900000,
    "costOfRevenue": 1352200000,
    "grossProfit": 1356700000,
    "grossProfitRatio": 0.5008305954,
    "researchAndDevelopmentExpenses": 0,
    "generalAndAdministrativeExpenses": 0,
    "sellingAndMarketingExpenses": 0,
    "sellingGeneralAndAdministrativeExpenses": 490100000,
    "otherExpenses": 388200000,
    "operatingExpenses": 878300000,
    "costAndExpenses": 2230500000,
    "interestIncome": 0,
    "interestExpense": 0,
    "depreciationAndAmortization": 388300000,
    "ebitda": 866700000,
    "ebitdaratio": 0.3199453653,
    "operatingIncome": 478400000,
    "operatingIncomeRatio": 0.1766030492,
    "totalOtherIncomeExpensesNet": -720900000,
    "incomeBeforeTax": -242500000,
    "incomeBeforeTaxRatio": -0.0895197313,
    "incomeTaxExpense": -32900000,
    "netIncome": -209600000,
    "netIncomeRatio": -0.0773745801,
    "eps": -0.0734,
    "epsdiluted": -0.0734,
    "weightedAverageShsOut": 2855472264,
    "weightedAverageShsOutDil": 2855472264,
    "link": "",
    "finalLink": ""
  },
  {
    "date": "2002-03-31",
    "symbol": "CMCSA",
    "reportedCurrency": "USD",
    "cik": "0001166691",
    "fillingDate": "2002-03-31",
    "acceptedDate": "2002-03-30 19:00:00",
    "calendarYear": "2002",
    "period": "Q1",
    "revenue": 2672500000,
    "costOfRevenue": 1377200000,
    "grossProfit": 1295300000,
    "grossProfitRatio": 0.4846772685,
    "researchAndDevelopmentExpenses": 0,
    "generalAndAdministrativeExpenses": 0,
    "sellingAndMarketingExpenses": 0,
    "sellingGeneralAndAdministrativeExpenses": 487100000,
    "otherExpenses": 387100000,
    "operatingExpenses": 874200000,
    "costAndExpenses": 2251400000,
    "interestIncome": 0,
    "interestExpense": 0,
    "depreciationAndAmortization": 387000000,
    "ebitda": 808000000,
    "ebitdaratio": 0.3023386342,
    "operatingIncome": 421100000,
    "operatingIncomeRatio": 0.1575678204,
    "totalOtherIncomeExpensesNet": -464000000,
    "incomeBeforeTax": -42600000,
    "incomeBeforeTaxRatio": -0.015940131,
    "incomeTaxExpense": 2700000,
    "netIncome": -88900000,
    "netIncomeRatio": -0.0332647334,
    "eps": -0.03,
    "epsdiluted": -0.03,
    "weightedAverageShsOut": 2966666667,
    "weightedAverageShsOutDil": 2966666667,
    "link": "",
    "finalLink": ""
  },
  {
    "date": "2001-12-31",
    "symbol": "CMCSA",
    "reportedCurrency": "USD",
    "cik": "0001166691",
    "fillingDate": "2001-12-31",
    "acceptedDate": "2001-12-30 19:00:00",
    "calendarYear": "2001",
    "period": "Q4",
    "revenue": 2824100000,
    "costOfRevenue": 1742600000,
    "grossProfit": 1081500000,
    "grossProfitRatio": 0.3829538614,
    "researchAndDevelopmentExpenses": 0,
    "generalAndAdministrativeExpenses": 0,
    "sellingAndMarketingExpenses": 0,
    "sellingGeneralAndAdministrativeExpenses": 426800000,
    "otherExpenses": 988900000,
    "operatingExpenses": 1415700000,
    "costAndExpenses": 3158300000,
    "interestIncome": 0,
    "interestExpense": 0,
    "depreciationAndAmortization": 988900000,
    "ebitda": 654700000,
    "ebitdaratio": 0.2318260685,
    "operatingIncome": -334200000,
    "operatingIncomeRatio": -0.1183385857,
    "totalOtherIncomeExpensesNet": -119500000,
    "incomeBeforeTax": -453700000,
    "incomeBeforeTaxRatio": -0.1606529514,
    "incomeTaxExpense": -132700000,
    "netIncome": -321000000,
    "netIncomeRatio": -0.1136645303,
    "eps": -0.11,
    "epsdiluted": -0.11,
    "weightedAverageShsOut": 2816727303,
    "weightedAverageShsOutDil": 2853073464,
    "link": "",
    "finalLink": ""
  },
  {
    "date": "2001-09-30",
    "symbol": "CMCSA",
    "reportedCurrency": "USD",
    "cik": "0001166691",
    "fillingDate": "2001-09-30",
    "acceptedDate": "2001-09-29 20:00:00",
    "calendarYear": "2001",
    "period": "Q3",
    "revenue": 2355500000,
    "costOfRevenue": 1252900000,
    "grossProfit": 1102600000,
    "grossProfitRatio": 0.4680959457,
    "researchAndDevelopmentExpenses": 0,
    "generalAndAdministrativeExpenses": 0,
    "sellingAndMarketingExpenses": 0,
    "sellingGeneralAndAdministrativeExpenses": 396800000,
    "otherExpenses": 884000000,
    "operatingExpenses": 1280800000,
    "costAndExpenses": 2533700000,
    "interestIncome": 0,
    "interestExpense": 0,
    "depreciationAndAmortization": 898200000,
    "ebitda": 720000000,
    "ebitdaratio": 0.3056675865,
    "operatingIncome": -178200000,
    "operatingIncomeRatio": -0.0756527277,
    "totalOtherIncomeExpensesNet": 84900000,
    "incomeBeforeTax": -93300000,
    "incomeBeforeTaxRatio": -0.0396094248,
    "incomeTaxExpense": 13500000,
    "netIncome": -106800000,
    "netIncomeRatio": -0.045340692,
    "eps": -0.0374,
    "epsdiluted": -0.0374,
    "weightedAverageShsOut": 2853073464,
    "weightedAverageShsOutDil": 2853073464,
    "link": "",
    "finalLink": ""
  },
  {
    "date": "2001-06-30",
    "symbol": "CMCSA",
    "reportedCurrency": "USD",
    "cik": "0001166691",
    "fillingDate": "2001-06-30",
    "acceptedDate": "2001-06-29 20:00:00",
    "calendarYear": "2001",
    "period": "Q2",
    "revenue": 2298500000,
    "costOfRevenue": 1227400000,
    "grossProfit": 1071100000,
    "grossProfitRatio": 0.4659995649,
    "researchAndDevelopmentExpenses": 0,
    "generalAndAdministrativeExpenses": 0,
    "sellingAndMarketingExpenses": 0,
    "sellingGeneralAndAdministrativeExpenses": 370700000,
    "otherExpenses": 833700000,
    "operatingExpenses": 1204400000,
    "costAndExpenses": 2431800000,
    "interestIncome": 0,
    "interestExpense": 0,
    "depreciationAndAmortization": 819500000,
    "ebitda": 692900000,
    "ebitdaratio": 0.3014574723,
    "operatingIncome": -133300000,
    "operatingIncomeRatio": -0.0579943441,
    "totalOtherIncomeExpensesNet": 271500000,
    "incomeBeforeTax": 140500000,
    "incomeBeforeTaxRatio": 0.0611268218,
    "incomeTaxExpense": 103800000,
    "netIncome": 35200000,
    "netIncomeRatio": 0.0153143354,
    "eps": 0.0133,
    "epsdiluted": 0.0133,
    "weightedAverageShsOut": 2851874062,
    "weightedAverageShsOutDil": 2895352324,
    "link": "",
    "finalLink": ""
  },
  {
    "date": "2001-03-31",
    "symbol": "CMCSA",
    "reportedCurrency": "USD",
    "cik": "0001166691",
    "fillingDate": "2001-03-31",
    "acceptedDate": "2001-03-30 19:00:00",
    "calendarYear": "2001",
    "period": "Q1",
    "revenue": 2196100000,
    "costOfRevenue": 1196900000,
    "grossProfit": 999200000,
    "grossProfitRatio": 0.4549883885,
    "researchAndDevelopmentExpenses": 0,
    "generalAndAdministrativeExpenses": 0,
    "sellingAndMarketingExpenses": 0,
    "sellingGeneralAndAdministrativeExpenses": 358300000,
    "otherExpenses": 741400000,
    "operatingExpenses": 1099700000,
    "costAndExpenses": 2296600000,
    "interestIncome": 0,
    "interestExpense": 0,
    "depreciationAndAmortization": 741400000,
    "ebitda": 640900000,
    "ebitdaratio": 0.2918355266,
    "operatingIncome": -100500000,
    "operatingIncomeRatio": -0.0457629434,
    "totalOtherIncomeExpensesNet": 1202800000,
    "incomeBeforeTax": 1102300000,
    "incomeBeforeTaxRatio": 0.5019352489,
    "incomeTaxExpense": 485600000,
    "netIncome": 1001200000,
    "netIncomeRatio": 0.4558990938,
    "eps": 0.35,
    "epsdiluted": 0.35,
    "weightedAverageShsOut": 2834482758,
    "weightedAverageShsOutDil": 2893553224,
    "link": "",
    "finalLink": ""
  },
  {
    "date": "2000-12-31",
    "symbol": "CMCSA",
    "reportedCurrency": "USD",
    "cik": "0001166691",
    "fillingDate": "2000-12-31",
    "acceptedDate": "2000-12-30 19:00:00",
    "calendarYear": "2000",
    "period": "Q4",
    "revenue": 2407600000,
    "costOfRevenue": 1358600000,
    "grossProfit": 1049000000,
    "grossProfitRatio": 0.4357036053,
    "researchAndDevelopmentExpenses": 0,
    "generalAndAdministrativeExpenses": 0,
    "sellingAndMarketingExpenses": 0,
    "sellingGeneralAndAdministrativeExpenses": 374100000,
    "otherExpenses": 789100000,
    "operatingExpenses": 1163200000,
    "costAndExpenses": 2521800000,
    "interestIncome": 0,
    "interestExpense": 0,
    "depreciationAndAmortization": 789100000,
    "ebitda": 674900000,
    "ebitdaratio": 0.2803206513,
    "operatingIncome": -114200000,
    "operatingIncomeRatio": -0.0474331284,
    "totalOtherIncomeExpensesNet": 1433500000,
    "incomeBeforeTax": 1319300000,
    "incomeBeforeTaxRatio": 0.5479730852,
    "incomeTaxExpense": 535700000,
    "netIncome": 778500000,
    "netIncomeRatio": 0.323351055,
    "eps": 0.29,
    "epsdiluted": 0.29,
    "weightedAverageShsOut": 2725037482,
    "weightedAverageShsOutDil": 2725037482,
    "link": "",
    "finalLink": ""
  },
  {
    "date": "2000-09-30",
    "symbol": "CMCSA",
    "reportedCurrency": "USD",
    "cik": "0001166691",
    "fillingDate": "2000-09-30",
    "acceptedDate": "2000-09-29 20:00:00",
    "calendarYear": "2000",
    "period": "Q3",
    "revenue": 1960000000,
    "costOfRevenue": 1045700000,
    "grossProfit": 914300000,
    "grossProfitRatio": 0.4664795918,
    "researchAndDevelopmentExpenses": 0,
    "generalAndAdministrativeExpenses": 0,
    "sellingAndMarketingExpenses": 0,
    "sellingGeneralAndAdministrativeExpenses": 308600000,
    "otherExpenses": 662100000,
    "operatingExpenses": 970700000,
    "costAndExpenses": 2016400000,
    "interestIncome": 0,
    "interestExpense": 0,
    "depreciationAndAmortization": 662100000,
    "ebitda": 605700000,
    "ebitdaratio": 0.3090306122,
    "operatingIncome": -56400000,
    "operatingIncomeRatio": -0.0287755102,
    "totalOtherIncomeExpensesNet": 2057800000,
    "incomeBeforeTax": 2001400000,
    "incomeBeforeTaxRatio": 1.021122449,
    "incomeTaxExpense": 752300000,
    "netIncome": 1246800000,
    "netIncomeRatio": 0.636122449,
    "eps": 0.46,
    "epsdiluted": 0.43,
    "weightedAverageShsOut": 2725037482,
    "weightedAverageShsOutDil": 2895352324,
    "link": "",
    "finalLink": ""
  },
  {
    "date": "2000-06-30",
    "symbol": "CMCSA",
    "reportedCurrency": "USD",
    "cik": "0001166691",
    "fillingDate": "2000-06-30",
    "acceptedDate": "2000-06-29 20:00:00",
    "calendarYear": "2000",
    "period": "Q2",
    "revenue": 1912100000,
    "costOfRevenue": 1017200000,
    "grossProfit": 894900000,
    "grossProfitRatio": 0.468019455,
    "researchAndDevelopmentExpenses": 0,
    "generalAndAdministrativeExpenses": 0,
    "sellingAndMarketingExpenses": 0,
    "sellingGeneralAndAdministrativeExpenses": 292100000,
    "otherExpenses": 634400000,
    "operatingExpenses": 926500000,
    "costAndExpenses": 1943700000,
    "interestIncome": 0,
    "interestExpense": 0,
    "depreciationAndAmortization": 634400000,
    "ebitda": 602800000,
    "ebitdaratio": 0.3152554783,
    "operatingIncome": -31600000,
    "operatingIncomeRatio": -0.0165263323,
    "totalOtherIncomeExpensesNet": 415500000,
    "incomeBeforeTax": 383900000,
    "incomeBeforeTaxRatio": 0.2007740181,
    "incomeTaxExpense": 185100000,
    "netIncome": 187700000,
    "netIncomeRatio": 0.0981643219,
    "eps": 0.0667,
    "epsdiluted": 0.0634,
    "weightedAverageShsOut": 2728035982,
    "weightedAverageShsOutDil": 2922638680,
    "link": "",
    "finalLink": ""
  },
  {
    "date": "2000-03-31",
    "symbol": "CMCSA",
    "reportedCurrency": "USD",
    "cik": "0001166691",
    "fillingDate": "2000-03-31",
    "acceptedDate": "2000-03-30 19:00:00",
    "calendarYear": "2000",
    "period": "Q1",
    "revenue": 1859200000,
    "costOfRevenue": 996300000,
    "grossProfit": 862900000,
    "grossProfitRatio": 0.4641243546,
    "researchAndDevelopmentExpenses": 0,
    "generalAndAdministrativeExpenses": 0,
    "sellingAndMarketingExpenses": 0,
    "sellingGeneralAndAdministrativeExpenses": 276000000,
    "otherExpenses": 545700000,
    "operatingExpenses": 821700000,
    "costAndExpenses": 1818000000,
    "interestIncome": 0,
    "interestExpense": 0,
    "depreciationAndAmortization": 545700000,
    "ebitda": 586900000,
    "ebitdaratio": 0.3156734079,
    "operatingIncome": 41200000,
    "operatingIncomeRatio": 0.0221600688,
    "totalOtherIncomeExpensesNet": -259400000,
    "incomeBeforeTax": -218200000,
    "incomeBeforeTaxRatio": -0.1173623064,
    "incomeTaxExpense": -31800000,
    "netIncome": -191500000,
    "netIncomeRatio": -0.1030012909,
    "eps": -0.0763,
    "epsdiluted": -0.0763,
    "weightedAverageShsOut": 2508545728,
    "weightedAverageShsOutDil": 2508545728,
    "link": "",
    "finalLink": ""
  },
  {
    "date": "1999-12-31",
    "symbol": "CMCSA",
    "reportedCurrency": "USD",
    "cik": "0001166691",
    "fillingDate": "1999-12-31",
    "acceptedDate": "1999-12-30 19:00:00",
    "calendarYear": "1999",
    "period": "Q4",
    "revenue": 1831600000,
    "costOfRevenue": 0,
    "grossProfit": 1831600000,
    "grossProfitRatio": 1,
    "researchAndDevelopmentExpenses": 0,
    "generalAndAdministrativeExpenses": 0,
    "sellingAndMarketingExpenses": 0,
    "sellingGeneralAndAdministrativeExpenses": 0,
    "otherExpenses": -5545200000,
    "operatingExpenses": -5545200000,
    "costAndExpenses": -5545200000,
    "interestIncome": 0,
    "interestExpense": 0,
    "depreciationAndAmortization": 357100000,
    "ebitda": -3356500000,
    "ebitdaratio": -1.8325507753,
    "operatingIncome": -3713600000,
    "operatingIncomeRatio": -2.0275169251,
    "totalOtherIncomeExpensesNet": 3713600000,
    "incomeBeforeTax": 0,
    "incomeBeforeTaxRatio": 0,
    "incomeTaxExpense": -3499400000,
    "netIncome": -214200000,
    "netIncomeRatio": -0.1169469316,
    "eps": -0.0938,
    "epsdiluted": -0.0933,
    "weightedAverageShsOut": 2284553375,
    "weightedAverageShsOutDil": 2295382921,
    "link": "",
    "finalLink": ""
  },
  {
    "date": "1999-09-30",
    "symbol": "CMCSA",
    "reportedCurrency": "USD",
    "cik": "0001166691",
    "fillingDate": "1999-09-30",
    "acceptedDate": "1999-09-29 20:00:00",
    "calendarYear": "1999",
    "period": "Q3",
    "revenue": 1525100000,
    "costOfRevenue": 0,
    "grossProfit": 1525100000,
    "grossProfitRatio": 1,
    "researchAndDevelopmentExpenses": 0,
    "generalAndAdministrativeExpenses": 0,
    "sellingAndMarketingExpenses": 0,
    "sellingGeneralAndAdministrativeExpenses": 0,
    "otherExpenses": 0,
    "operatingExpenses": 0,
    "costAndExpenses": 0,
    "interestIncome": 0,
    "interestExpense": 0,
    "depreciationAndAmortization": 312800000,
    "ebitda": 464000000,
    "ebitdaratio": 0.3042423448,
    "operatingIncome": 1525100000,
    "operatingIncomeRatio": 1,
    "totalOtherIncomeExpensesNet": -26400000,
    "incomeBeforeTax": 0,
    "incomeBeforeTaxRatio": 0,
    "incomeTaxExpense": 1150000000,
    "netIncome": 375100000,
    "netIncomeRatio": 0.2459510852,
    "eps": 0.15,
    "epsdiluted": 0.14,
    "weightedAverageShsOut": 2264467766,
    "weightedAverageShsOutDil": 2470464768,
    "link": "",
    "finalLink": ""
  },
  {
    "date": "1999-06-30",
    "symbol": "CMCSA",
    "reportedCurrency": "USD",
    "cik": "0001166691",
    "fillingDate": "1999-06-30",
    "acceptedDate": "1999-06-29 20:00:00",
    "calendarYear": "1999",
    "period": "Q2",
    "revenue": 1478600000,
    "costOfRevenue": 0,
    "grossProfit": 1478600000,
    "grossProfitRatio": 1,
    "researchAndDevelopmentExpenses": 0,
    "generalAndAdministrativeExpenses": 0,
    "sellingAndMarketingExpenses": 0,
    "sellingGeneralAndAdministrativeExpenses": 0,
    "otherExpenses": 0,
    "operatingExpenses": 0,
    "costAndExpenses": 0,
    "interestIncome": 0,
    "interestExpense": 0,
    "depreciationAndAmortization": 307600000,
    "ebitda": 457400000,
    "ebitdaratio": 0.3093466793,
    "operatingIncome": 1478600000,
    "operatingIncomeRatio": 1,
    "totalOtherIncomeExpensesNet": -16000000,
    "incomeBeforeTax": 0,
    "incomeBeforeTaxRatio": 0,
    "incomeTaxExpense": 654600000,
    "netIncome": 824000000,
    "netIncomeRatio": 0.5572839172,
    "eps": 0.37,
    "epsdiluted": 0.34,
    "weightedAverageShsOut": 2225432738,
    "weightedAverageShsOutDil": 2423738626,
    "link": "",
    "finalLink": ""
  },
  {
    "date": "1999-03-31",
    "symbol": "CMCSA",
    "reportedCurrency": "USD",
    "cik": "0001166691",
    "fillingDate": "1999-03-31",
    "acceptedDate": "1999-03-30 19:00:00",
    "calendarYear": "1999",
    "period": "Q1",
    "revenue": 1374000000,
    "costOfRevenue": 0,
    "grossProfit": 1374000000,
    "grossProfitRatio": 1,
    "researchAndDevelopmentExpenses": 0,
    "generalAndAdministrativeExpenses": 0,
    "sellingAndMarketingExpenses": 0,
    "sellingGeneralAndAdministrativeExpenses": 0,
    "otherExpenses": 0,
    "operatingExpenses": 0,
    "costAndExpenses": 0,
    "interestIncome": 0,
    "interestExpense": 0,
    "depreciationAndAmortization": 238500000,
    "ebitda": 425100000,
    "ebitdaratio": 0.3093886463,
    "operatingIncome": 1374000000,
    "operatingIncomeRatio": 1,
    "totalOtherIncomeExpensesNet": -1184800000,
    "incomeBeforeTax": 0,
    "incomeBeforeTaxRatio": 0,
    "incomeTaxExpense": 1293000000,
    "netIncome": 81000000,
    "netIncomeRatio": 0.0589519651,
    "eps": 0.0334,
    "epsdiluted": 0.0334,
    "weightedAverageShsOut": 2428785608,
    "weightedAverageShsOutDil": 2428785608,
    "link": "",
    "finalLink": ""
  },
  {
    "date": "1998-12-31",
    "symbol": "CMCSA",
    "reportedCurrency": "USD",
    "cik": "0001166691",
    "fillingDate": "1998-12-31",
    "acceptedDate": "1998-12-30 19:00:00",
    "calendarYear": "1998",
    "period": "Q4",
    "revenue": 1108900000,
    "costOfRevenue": 0,
    "grossProfit": 1108900000,
    "grossProfitRatio": 1,
    "researchAndDevelopmentExpenses": 0,
    "generalAndAdministrativeExpenses": 0,
    "sellingAndMarketingExpenses": 0,
    "sellingGeneralAndAdministrativeExpenses": 0,
    "otherExpenses": 0,
    "operatingExpenses": 0,
    "costAndExpenses": 0,
    "interestIncome": 0,
    "interestExpense": 0,
    "depreciationAndAmortization": 142200000,
    "ebitda": 1251100000,
    "ebitdaratio": 1.128235188,
    "operatingIncome": 1108900000,
    "operatingIncomeRatio": 1,
    "totalOtherIncomeExpensesNet": 0,
    "incomeBeforeTax": 0,
    "incomeBeforeTaxRatio": 0,
    "incomeTaxExpense": 687100000,
    "netIncome": 421800000,
    "netIncomeRatio": 0.3803769501,
    "eps": 0.19,
    "epsdiluted": 0.19,
    "weightedAverageShsOut": 2232008996,
    "weightedAverageShsOutDil": 2253610037,
    "link": "",
    "finalLink": ""
  },
  {
    "date": "1998-09-30",
    "symbol": "CMCSA",
    "reportedCurrency": "USD",
    "cik": "0001166691",
    "fillingDate": "1998-09-30",
    "acceptedDate": "1998-09-29 20:00:00",
    "calendarYear": "1998",
    "period": "Q3",
    "revenue": 1354900000,
    "costOfRevenue": 0,
    "grossProfit": 1354900000,
    "grossProfitRatio": 1,
    "researchAndDevelopmentExpenses": 0,
    "generalAndAdministrativeExpenses": 0,
    "sellingAndMarketingExpenses": 0,
    "sellingGeneralAndAdministrativeExpenses": 0,
    "otherExpenses": 0,
    "operatingExpenses": 0,
    "costAndExpenses": 0,
    "interestIncome": 0,
    "interestExpense": 0,
    "depreciationAndAmortization": 240400000,
    "ebitda": 373400000,
    "ebitdaratio": 0.2755922946,
    "operatingIncome": 1354900000,
    "operatingIncomeRatio": 1,
    "totalOtherIncomeExpensesNet": -318100000,
    "incomeBeforeTax": 0,
    "incomeBeforeTaxRatio": 0,
    "incomeTaxExpense": 640900000,
    "netIncome": 714000000,
    "netIncomeRatio": 0.5269761606,
    "eps": 0.32,
    "epsdiluted": 0.29,
    "weightedAverageShsOut": 2193278361,
    "weightedAverageShsOutDil": 2392667303,
    "link": "",
    "finalLink": ""
  },
  {
    "date": "1998-06-30",
    "symbol": "CMCSA",
    "reportedCurrency": "USD",
    "cik": "0001166691",
    "fillingDate": "1998-06-30",
    "acceptedDate": "1998-06-29 20:00:00",
    "calendarYear": "1998",
    "period": "Q2",
    "revenue": 1321700000,
    "costOfRevenue": 0,
    "grossProfit": 1321700000,
    "grossProfitRatio": 1,
    "researchAndDevelopmentExpenses": 0,
    "generalAndAdministrativeExpenses": 0,
    "sellingAndMarketingExpenses": 0,
    "sellingGeneralAndAdministrativeExpenses": 0,
    "otherExpenses": 0,
    "operatingExpenses": 0,
    "costAndExpenses": 0,
    "interestIncome": 0,
    "interestExpense": 0,
    "depreciationAndAmortization": 229200000,
    "ebitda": 353300000,
    "ebitdaratio": 0.2673072558,
    "operatingIncome": 1321700000,
    "operatingIncomeRatio": 1,
    "totalOtherIncomeExpensesNet": -201000000,
    "incomeBeforeTax": 0,
    "incomeBeforeTaxRatio": 0,
    "incomeTaxExpense": 1406500000,
    "netIncome": -84800000,
    "netIncomeRatio": -0.0641597942,
    "eps": -0.04,
    "epsdiluted": -0.04,
    "weightedAverageShsOut": 2122015915,
    "weightedAverageShsOutDil": 2122015915,
    "link": "",
    "finalLink": ""
  },
  {
    "date": "1998-03-31",
    "symbol": "CMCSA",
    "reportedCurrency": "USD",
    "cik": "0001166691",
    "fillingDate": "1998-03-31",
    "acceptedDate": "1998-03-30 19:00:00",
    "calendarYear": "1998",
    "period": "Q1",
    "revenue": 1359800000,
    "costOfRevenue": 0,
    "grossProfit": 1359800000,
    "grossProfitRatio": 1,
    "researchAndDevelopmentExpenses": 0,
    "generalAndAdministrativeExpenses": 0,
    "sellingAndMarketingExpenses": 0,
    "sellingGeneralAndAdministrativeExpenses": 0,
    "otherExpenses": 0,
    "operatingExpenses": 0,
    "costAndExpenses": 0,
    "interestIncome": 0,
    "interestExpense": 0,
    "depreciationAndAmortization": 239300000,
    "ebitda": 348700000,
    "ebitdaratio": 0.2564347698,
    "operatingIncome": 1359800000,
    "operatingIncomeRatio": 1,
    "totalOtherIncomeExpensesNet": -172000000,
    "incomeBeforeTax": 0,
    "incomeBeforeTaxRatio": 0,
    "incomeTaxExpense": 1438700000,
    "netIncome": -78900000,
    "netIncomeRatio": -0.0580232387,
    "eps": -0.0367,
    "epsdiluted": -0.0367,
    "weightedAverageShsOut": 2148925537,
    "weightedAverageShsOutDil": 2148925537,
    "link": "",
    "finalLink": ""
  },
  {
    "date": "1997-12-31",
    "symbol": "CMCSA",
    "reportedCurrency": "USD",
    "cik": "0001166691",
    "fillingDate": "1997-12-31",
    "acceptedDate": "1997-12-30 19:00:00",
    "calendarYear": "1997",
    "period": "Q4",
    "revenue": 1393100000,
    "costOfRevenue": 0,
    "grossProfit": 1393100000,
    "grossProfitRatio": 1,
    "researchAndDevelopmentExpenses": 0,
    "generalAndAdministrativeExpenses": 0,
    "sellingAndMarketingExpenses": 0,
    "sellingGeneralAndAdministrativeExpenses": 0,
    "otherExpenses": 0,
    "operatingExpenses": 0,
    "costAndExpenses": 0,
    "interestIncome": 0,
    "interestExpense": 0,
    "depreciationAndAmortization": 232700000,
    "ebitda": 1625800000,
    "ebitdaratio": 1.1670375422,
    "operatingIncome": 1393100000,
    "operatingIncomeRatio": 1,
    "totalOtherIncomeExpensesNet": -1393100000,
    "incomeBeforeTax": 0,
    "incomeBeforeTaxRatio": 0,
    "incomeTaxExpense": 1474500000,
    "netIncome": -81400000,
    "netIncomeRatio": -0.0584308377,
    "eps": -0.0492,
    "epsdiluted": -0.0492,
    "weightedAverageShsOut": 1655172414,
    "weightedAverageShsOutDil": 1655172414,
    "link": "",
    "finalLink": ""
  },
  {
    "date": "1997-09-30",
    "symbol": "CMCSA",
    "reportedCurrency": "USD",
    "cik": "0001166691",
    "fillingDate": "1997-09-30",
    "acceptedDate": "1997-09-29 20:00:00",
    "calendarYear": "1997",
    "period": "Q3",
    "revenue": 1204200000,
    "costOfRevenue": 0,
    "grossProfit": 1204200000,
    "grossProfitRatio": 1,
    "researchAndDevelopmentExpenses": 0,
    "generalAndAdministrativeExpenses": 0,
    "sellingAndMarketingExpenses": 0,
    "sellingGeneralAndAdministrativeExpenses": 0,
    "otherExpenses": 0,
    "operatingExpenses": 0,
    "costAndExpenses": 0,
    "interestIncome": 0,
    "interestExpense": 0,
    "depreciationAndAmortization": 241300000,
    "ebitda": 1445500000,
    "ebitdaratio": 1.2003819963,
    "operatingIncome": 1204200000,
    "operatingIncomeRatio": 1,
    "totalOtherIncomeExpensesNet": -1204200000,
    "incomeBeforeTax": 0,
    "incomeBeforeTaxRatio": 0,
    "incomeTaxExpense": 1259400000,
    "netIncome": -55200000,
    "netIncomeRatio": -0.0458395615,
    "eps": -0.0333,
    "epsdiluted": -0.0333,
    "weightedAverageShsOut": 1655172414,
    "weightedAverageShsOutDil": 1655172414,
    "link": "",
    "finalLink": ""
  },
  {
    "date": "1997-06-30",
    "symbol": "CMCSA",
    "reportedCurrency": "USD",
    "cik": "0001166691",
    "fillingDate": "1997-06-30",
    "acceptedDate": "1997-06-29 20:00:00",
    "calendarYear": "1997",
    "period": "Q2",
    "revenue": 1184500000,
    "costOfRevenue": 0,
    "grossProfit": 1184500000,
    "grossProfitRatio": 1,
    "researchAndDevelopmentExpenses": 0,
    "generalAndAdministrativeExpenses": 0,
    "sellingAndMarketingExpenses": 0,
    "sellingGeneralAndAdministrativeExpenses": 0,
    "otherExpenses": 0,
    "operatingExpenses": 0,
    "costAndExpenses": 0,
    "interestIncome": 0,
    "interestExpense": 0,
    "depreciationAndAmortization": 250000000,
    "ebitda": 1434500000,
    "ebitdaratio": 1.2110595188,
    "operatingIncome": 1184500000,
    "operatingIncomeRatio": 1,
    "totalOtherIncomeExpensesNet": -1184500000,
    "incomeBeforeTax": 0,
    "incomeBeforeTaxRatio": 0,
    "incomeTaxExpense": 1221900000,
    "netIncome": -37400000,
    "netIncomeRatio": -0.031574504,
    "eps": -0.0233,
    "epsdiluted": -0.0233,
    "weightedAverageShsOut": 1602056115,
    "weightedAverageShsOutDil": 1602056115,
    "link": "",
    "finalLink": ""
  },
  {
    "date": "1997-03-31",
    "symbol": "CMCSA",
    "reportedCurrency": "USD",
    "cik": "0001166691",
    "fillingDate": "1997-03-31",
    "acceptedDate": "1997-03-30 19:00:00",
    "calendarYear": "1997",
    "period": "Q1",
    "revenue": 1130800000,
    "costOfRevenue": 0,
    "grossProfit": 1130800000,
    "grossProfitRatio": 1,
    "researchAndDevelopmentExpenses": 0,
    "generalAndAdministrativeExpenses": 0,
    "sellingAndMarketingExpenses": 0,
    "sellingGeneralAndAdministrativeExpenses": 0,
    "otherExpenses": 0,
    "operatingExpenses": 0,
    "costAndExpenses": 0,
    "interestIncome": 0,
    "interestExpense": 0,
    "depreciationAndAmortization": 212400000,
    "ebitda": 1343200000,
    "ebitdaratio": 1.1878316236,
    "operatingIncome": 1130800000,
    "operatingIncomeRatio": 1,
    "totalOtherIncomeExpensesNet": -1130800000,
    "incomeBeforeTax": 0,
    "incomeBeforeTaxRatio": 0,
    "incomeTaxExpense": 1195500000,
    "netIncome": -64700000,
    "netIncomeRatio": -0.0572161302,
    "eps": -0.0334,
    "epsdiluted": -0.0334,
    "weightedAverageShsOut": 1940029985,
    "weightedAverageShsOutDil": 1940029985,
    "link": "",
    "finalLink": ""
  },
  {
    "date": "1996-12-31",
    "symbol": "CMCSA",
    "reportedCurrency": "USD",
    "cik": "0001166691",
    "fillingDate": "1996-12-31",
    "acceptedDate": "1996-12-30 19:00:00",
    "calendarYear": "1996",
    "period": "Q4",
    "revenue": 1167500000,
    "costOfRevenue": 0,
    "grossProfit": 1167500000,
    "grossProfitRatio": 1,
    "researchAndDevelopmentExpenses": 0,
    "generalAndAdministrativeExpenses": 0,
    "sellingAndMarketingExpenses": 0,
    "sellingGeneralAndAdministrativeExpenses": 0,
    "otherExpenses": -3529500000,
    "operatingExpenses": -3529500000,
    "costAndExpenses": -3529500000,
    "interestIncome": 0,
    "interestExpense": 0,
    "depreciationAndAmortization": 207300000,
    "ebitda": -2154700000,
    "ebitdaratio": -1.8455674518,
    "operatingIncome": -2362000000,
    "operatingIncomeRatio": -2.0231263383,
    "totalOtherIncomeExpensesNet": 2362000000,
    "incomeBeforeTax": 0,
    "incomeBeforeTaxRatio": 0,
    "incomeTaxExpense": -2336200000,
    "netIncome": -25800000,
    "netIncomeRatio": -0.0220985011,
    "eps": -0.0172,
    "epsdiluted": -0.0172,
    "weightedAverageShsOut": 1499250375,
    "weightedAverageShsOutDil": 1499250375,
    "link": "",
    "finalLink": ""
  },
  {
    "date": "1996-09-30",
    "symbol": "CMCSA",
    "reportedCurrency": "USD",
    "cik": "0001166691",
    "fillingDate": "1996-09-30",
    "acceptedDate": "1996-09-29 20:00:00",
    "calendarYear": "1996",
    "period": "Q3",
    "revenue": 974600000,
    "costOfRevenue": 0,
    "grossProfit": 974600000,
    "grossProfitRatio": 1,
    "researchAndDevelopmentExpenses": 0,
    "generalAndAdministrativeExpenses": 0,
    "sellingAndMarketingExpenses": 0,
    "sellingGeneralAndAdministrativeExpenses": 0,
    "otherExpenses": 0,
    "operatingExpenses": 0,
    "costAndExpenses": 0,
    "interestIncome": 0,
    "interestExpense": 0,
    "depreciationAndAmortization": 166700000,
    "ebitda": 295800000,
    "ebitdaratio": 0.303509132,
    "operatingIncome": 974600000,
    "operatingIncomeRatio": 1,
    "totalOtherIncomeExpensesNet": -129700000,
    "incomeBeforeTax": 0,
    "incomeBeforeTaxRatio": 0,
    "incomeTaxExpense": 984600000,
    "netIncome": -10000000,
    "netIncomeRatio": -0.0102606197,
    "eps": -0.0065,
    "epsdiluted": -0.0065,
    "weightedAverageShsOut": 1529235382,
    "weightedAverageShsOutDil": 1529235382,
    "link": "",
    "finalLink": ""
  },
  {
    "date": "1996-06-30",
    "symbol": "CMCSA",
    "reportedCurrency": "USD",
    "cik": "0001166691",
    "fillingDate": "1996-06-30",
    "acceptedDate": "1996-06-29 20:00:00",
    "calendarYear": "1996",
    "period": "Q2",
    "revenue": 945600000,
    "costOfRevenue": 0,
    "grossProfit": 945600000,
    "grossProfitRatio": 1,
    "researchAndDevelopmentExpenses": 0,
    "generalAndAdministrativeExpenses": 0,
    "sellingAndMarketingExpenses": 0,
    "sellingGeneralAndAdministrativeExpenses": 0,
    "otherExpenses": 0,
    "operatingExpenses": 0,
    "costAndExpenses": 0,
    "interestIncome": 0,
    "interestExpense": 0,
    "depreciationAndAmortization": 167400000,
    "ebitda": 1113000000,
    "ebitdaratio": 1.1770304569,
    "operatingIncome": 945600000,
    "operatingIncomeRatio": 1,
    "totalOtherIncomeExpensesNet": -945600000,
    "incomeBeforeTax": 0,
    "incomeBeforeTaxRatio": 0,
    "incomeTaxExpense": 928700000,
    "netIncome": 16900000,
    "netIncomeRatio": 0.0178722504,
    "eps": 0.0133,
    "epsdiluted": 0.0133,
    "weightedAverageShsOut": 1266866567,
    "weightedAverageShsOutDil": 1266866567,
    "link": "",
    "finalLink": ""
  },
  {
    "date": "1996-03-31",
    "symbol": "CMCSA",
    "reportedCurrency": "USD",
    "cik": "0001166691",
    "fillingDate": "1996-03-31",
    "acceptedDate": "1996-03-30 19:00:00",
    "calendarYear": "1996",
    "period": "Q1",
    "revenue": 950700000,
    "costOfRevenue": 0,
    "grossProfit": 950700000,
    "grossProfitRatio": 1,
    "researchAndDevelopmentExpenses": 0,
    "generalAndAdministrativeExpenses": 0,
    "sellingAndMarketingExpenses": 0,
    "sellingGeneralAndAdministrativeExpenses": 0,
    "otherExpenses": 0,
    "operatingExpenses": 0,
    "costAndExpenses": 0,
    "interestIncome": 0,
    "interestExpense": 0,
    "depreciationAndAmortization": 156900000,
    "ebitda": 1107600000,
    "ebitdaratio": 1.1650362891,
    "operatingIncome": 950700000,
    "operatingIncomeRatio": 1,
    "totalOtherIncomeExpensesNet": -950700000,
    "incomeBeforeTax": 0,
    "incomeBeforeTaxRatio": 0,
    "incomeTaxExpense": 985300000,
    "netIncome": -34600000,
    "netIncomeRatio": -0.0363942358,
    "eps": -0.0233,
    "epsdiluted": -0.0233,
    "weightedAverageShsOut": 1482116085,
    "weightedAverageShsOutDil": 1482116085,
    "link": "",
    "finalLink": ""
  },
  {
    "date": "1995-12-31",
    "symbol": "CMCSA",
    "reportedCurrency": "USD",
    "cik": "0001166691",
    "fillingDate": "1995-12-31",
    "acceptedDate": "1995-12-30 19:00:00",
    "calendarYear": "1995",
    "period": "Q4",
    "revenue": 1005500000,
    "costOfRevenue": 0,
    "grossProfit": 1005500000,
    "grossProfitRatio": 1,
    "researchAndDevelopmentExpenses": 0,
    "generalAndAdministrativeExpenses": 0,
    "sellingAndMarketingExpenses": 0,
    "sellingGeneralAndAdministrativeExpenses": 0,
    "otherExpenses": 2147500000,
    "operatingExpenses": 2147500000,
    "costAndExpenses": 2147500000,
    "interestIncome": 0,
    "interestExpense": 0,
    "depreciationAndAmortization": 154400000,
    "ebitda": 3307400000,
    "ebitdaratio": 3.2893088016,
    "operatingIncome": 3153000000,
    "operatingIncomeRatio": 3.1357533565,
    "totalOtherIncomeExpensesNet": -3153000000,
    "incomeBeforeTax": 0,
    "incomeBeforeTaxRatio": 0,
    "incomeTaxExpense": 3159600000,
    "netIncome": -6600000,
    "netIncomeRatio": -0.0065638986,
    "eps": -0.0059,
    "epsdiluted": -0.0059,
    "weightedAverageShsOut": 1109445277,
    "weightedAverageShsOutDil": 1109445277,
    "link": "",
    "finalLink": ""
  },
  {
    "date": "1995-09-30",
    "symbol": "CMCSA",
    "reportedCurrency": "USD",
    "cik": "0001166691",
    "fillingDate": "1995-09-30",
    "acceptedDate": "1995-09-29 20:00:00",
    "calendarYear": "1995",
    "period": "Q3",
    "revenue": 870200000,
    "costOfRevenue": 443600000,
    "grossProfit": 426600000,
    "grossProfitRatio": 0.4902321305,
    "researchAndDevelopmentExpenses": 0,
    "generalAndAdministrativeExpenses": 0,
    "sellingAndMarketingExpenses": 0,
    "sellingGeneralAndAdministrativeExpenses": 162600000,
    "otherExpenses": 147600000,
    "operatingExpenses": 310200000,
    "costAndExpenses": 753800000,
    "interestIncome": 0,
    "interestExpense": 0,
    "depreciationAndAmortization": 147700000,
    "ebitda": 264100000,
    "ebitdaratio": 0.3034934498,
    "operatingIncome": 116400000,
    "operatingIncomeRatio": 0.1337623535,
    "totalOtherIncomeExpensesNet": -100000000,
    "incomeBeforeTax": 16400000,
    "incomeBeforeTaxRatio": 0.0188462422,
    "incomeTaxExpense": 18400000,
    "netIncome": -7400000,
    "netIncomeRatio": -0.0085037922,
    "eps": -0.0067,
    "epsdiluted": -0.0067,
    "weightedAverageShsOut": 1109445277,
    "weightedAverageShsOutDil": 1109445277,
    "link": "",
    "finalLink": ""
  }
]