[
  {
    "date": "2024-12-31",
    "symbol": "CMCSA",
    "reportedCurrency": "USD",
    "cik": "0001166691",
    "fillingDate": "2025-01-31",
    "acceptedDate": "2025-01-31 16:10:33",
    "calendarYear": "2024",
    "period": "FY",
    "revenue": 123731000000,
    "costOfRevenue": 51827000000,
    "grossProfit": 71904000000,
    "grossProfitRatio": 0.5811316485,
    "researchAndDevelopmentExpenses": 0,
    "generalAndAdministrativeExpenses": 40533000000,
    "sellingAndMarketingExpenses": 8073000000,
    "sellingGeneralAndAdministrativeExpenses": 48606000000,
    "otherExpenses": 0,
    "operatingExpenses": 48606000000,
    "costAndExpenses": 100433000000,
    "interestIncome": 0,
    "interestExpense": 4134000000,
    "depreciationAndAmortization": 14802000000,
    "ebitda": 37608000000,
    "ebitdaratio": 0.3039496973,
    "operatingIncome": 23298000000,
    "operatingIncomeRatio": 0.1882955767,
    "totalOtherIncomeExpensesNet": -4625000000,
    "incomeBeforeTax": 18673000000,
    "incomeBeforeTaxRatio": 0.1509161002,
    "incomeTaxExpense": 2796000000,
    "netIncome": 16192000000,
    "netIncomeRatio": 0.1308645368,
    "eps": 4.17,
    "epsdiluted": 4.14,
    "weightedAverageShsOut": 3908000000,
    "weightedAverageShsOutDil": 3908000000,
    "link": "https://www.sec.gov/Archives/edgar/data/1166691/000116669125000011/0001166691-25-000011-index.htm",
    "finalLink": "https://www.sec.gov/Archives/edgar/data/1166691/000116669125000011/cmcsa-20241231.htm"
  },
  {
    "date": "2023-12-31",
    "symbol": "CMCSA",
    "reportedCurrency": "USD",
    "cik": "0001166691",
    "fillingDate": "2024-01-31",
    "acceptedDate": "2024-01-31 15:42:48",
    "calendarYear": "2023",
    "period": "FY",
    "revenue": 121572000000,
    "costOfRevenue": 51098000000,
    "grossProfit": 70474000000,
    "grossProfitRatio": 0.5796894022,
    "researchAndDevelopmentExpenses": 0,
    "generalAndAdministrativeExpenses": 0,
    "sellingAndMarketingExpenses": 0,
    "sellingGeneralAndAdministrativeExpenses": 47161000000,
    "otherExpenses": 0,
    "operatingExpenses": 47161000000,
    "costAndExpenses": 98259000000,
    "interestIncome": 0,
    "interestExpense": 4087000000,
    "depreciationAndAmortization": 14336000000,
    "ebitda": 38901000000,
    "ebitdaratio": 0.3199832198,
    "operatingIncome": 23313000000,
    "operatingIncomeRatio": 0.1917629059,
    "totalOtherIncomeExpensesNet": -2835000000,
    "incomeBeforeTax": 20478000000,
    "incomeBeforeTaxRatio": 0.1684433916,
    "incomeTaxExpense": 5371000000,
    "netIncome": 15388000000,
    "netIncomeRatio": 0.1265751982,
    "eps": 3.73,
    "epsdiluted": 3.71,
    "weightedAverageShsOut": 4122000000,
    "weightedAverageShsOutDil": 4148000000,
    "link": "https://www.sec.gov/Archives/edgar/data/1166691/000116669124000011/0001166691-24-000011-index.htm",
    "finalLink": "https://www.sec.gov/Archives/edgar/data/1166691/000116669124000011/cmcsa-20231231.htm"
  },
  {
    "date": "2022-12-31",
    "symbol": "CMCSA",
    "reportedCurrency": "USD",
    "cik": "0001166691",
    "fillingDate": "2023-02-03",
    "acceptedDate": "2023-02-03 12:15:04",
    "calendarYear": "2022",
    "period": "FY",
    "revenue": 121427000000,
    "costOfRevenue": 52034000000,
    "grossProfit": 69393000000,
    "grossProfitRatio": 0.5714791603,
    "researchAndDevelopmentExpenses": 0,
    "generalAndAdministrativeExpenses": 0,
    "sellingAndMarketingExpenses": 0,
    "sellingGeneralAndAdministrativeExpenses": 46769000000,
    "otherExpenses": 0,
    "operatingExpenses": 46769000000,
    "costAndExpenses": 98803000000,
    "interestIncome": 0,
    "interestExpense": 3896000000,
    "depreciationAndAmortization": 13821000000,
    "ebitda": 27002000000,
    "ebitdaratio": 0.2223722895,
    "operatingIncome": 22624000000,
    "operatingIncomeRatio": 0.1863177053,
    "totalOtherIncomeExpensesNet": -13340000000,
    "incomeBeforeTax": 9284000000,
    "incomeBeforeTaxRatio": 0.07645746,
    "incomeTaxExpense": 4359000000,
    "netIncome": 5370000000,
    "netIncomeRatio": 0.0442241017,
    "eps": 1.22,
    "epsdiluted": 1.21,
    "weightedAverageShsOut": 4406000000,
    "weightedAverageShsOutDil": 4430000000,
    "link": "https://www.sec.gov/Archives/edgar/data/1166691/000116669123000010/0001166691-23-000010-index.htm",
    "finalLink": "https://www.sec.gov/Archives/edgar/data/1166691/000116669123000010/cmcsa-20221231.htm"
  },
  {
    "date": "2021-12-31",
    "symbol": "CMCSA",
    "reportedCurrency": "USD",
    "cik": "0001166691",
    "fillingDate": "2022-02-02",
    "acceptedDate": "2022-02-02 15:15:17",
    "calendarYear": "2021",
    "period": "FY",
    "revenue": 116385000000,
    "costOfRevenue": 52254000000,
    "grossProfit": 64131000000,
    "grossProfitRatio": 0.5510246166,
    "researchAndDevelopmentExpenses": 0,
    "generalAndAdministrativeExpenses": 0,
    "sellingAndMarketingExpenses": 0,
    "sellingGeneralAndAdministrativeExpenses": 43314000000,
    "otherExpenses": 0,
    "operatingExpenses": 43314000000,
    "costAndExpenses": 95568000000,
    "interestIncome": 0,
    "interestExpense": 4281000000,
    "depreciationAndAmortization": 13804000000,
    "ebitda": 36974000000,
    "ebitdaratio": 0.3176869872,
    "operatingIncome": 20817000000,
    "operatingIncomeRatio": 0.1788632556,
    "totalOtherIncomeExpensesNet": -1724000000,
    "incomeBeforeTax": 19093000000,
    "incomeBeforeTaxRatio": 0.1640503501,
    "incomeTaxExpense": 5259000000,
    "netIncome": 14159000000,
    "netIncomeRatio": 0.1216565709,
    "eps": 3.09,
    "epsdiluted": 3.04,
    "weightedAverageShsOut": 4584000000,
    "weightedAverageShsOutDil": 4654000000,
    "link": "https://www.sec.gov/Archives/edgar/data/1166691/000116669122000009/0001166691-22-000009-index.htm",
    "finalLink": "https://www.sec.gov/Archives/edgar/data/1166691/000116669122000009/cmcsa-20211231.htm"
  },
  {
    "date": "2020-12-31",
    "symbol": "CMCSA",
    "reportedCurrency": "USD",
    "cik": "0001166691",
    "fillingDate": "2021-02-04",
    "acceptedDate": "2021-02-03 18:08:14",
    "calendarYear": "2020",
    "period": "FY",
    "revenue": 103564000000,
    "costOfRevenue": 46221000000,
    "grossProfit": 57343000000,
    "grossProfitRatio": 0.5536962651,
    "researchAndDevelopmentExpenses": 0,
    "generalAndAdministrativeExpenses": 0,
    "sellingAndMarketingExpenses": 0,
    "sellingGeneralAndAdministrativeExpenses": 39617000000,
    "otherExpenses": 0,
    "operatingExpenses": 39617000000,
    "costAndExpenses": 85838000000,
    "interestIncome": 0,
    "interestExpense": 4588000000,
    "depreciationAndAmortization": 13100000000,
    "ebitda": 31393000000,
    "ebitdaratio": 0.3031265691,
    "operatingIncome": 17726000000,
    "operatingIncomeRatio": 0.1711598625,
    "totalOtherIncomeExpensesNet": -3661000000,
    "incomeBeforeTax": 14065000000,
    "incomeBeforeTaxRatio": 0.1358097408,
    "incomeTaxExpense": 3364000000,
    "netIncome": 10534000000,
    "netIncomeRatio": 0.1017148816,
    "eps": 2.3,
    "epsdiluted": 2.28,
    "weightedAverageShsOut": 4574000000,
    "weightedAverageShsOutDil": 4624000000,
    "link": "https://www.sec.gov/Archives/edgar/data/1166691/000116669121000008/0001166691-21-000008-index.htm",
    "finalLink": "https://www.sec.gov/Archives/edgar/data/1166691/000116669121000008/cmcsa-20201231.htm"
  },
  {
    "date": "2019-12-31",
    "symbol": "CMCSA",
    "reportedCurrency": "USD",
    "cik": "0001166691",
    "fillingDate": "2020-01-30",
    "acceptedDate": "2020-01-30 16:41:57",
    "calendarYear": "2019",
    "period": "FY",
    "revenue": 108942000000,
    "costOfRevenue": 47393000000,
    "grossProfit": 61549000000,
    "grossProfitRatio": 0.5649703512,
    "researchAndDevelopmentExpenses": 0,
    "generalAndAdministrativeExpenses": 0,
    "sellingAndMarketingExpenses": 0,
    "sellingGeneralAndAdministrativeExpenses": 40244000000,
    "otherExpenses": 0,
    "operatingExpenses": 40244000000,
    "costAndExpenses": 87637000000,
    "interestIncome": 0,
    "interestExpense": 4567000000,
    "depreciationAndAmortization": 12953000000,
    "ebitda": 34460000000,
    "ebitdaratio": 0.3163151034,
    "operatingIncome": 21305000000,
    "operatingIncomeRatio": 0.1955627765,
    "totalOtherIncomeExpensesNet": -4309000000,
    "incomeBeforeTax": 16996000000,
    "incomeBeforeTaxRatio": 0.1560096198,
    "incomeTaxExpense": 3673000000,
    "netIncome": 13057000000,
    "netIncomeRatio": 0.1198527657,
    "eps": 2.87,
    "epsdiluted": 2.83,
    "weightedAverageShsOut": 4548000000,
    "weightedAverageShsOutDil": 4610000000,
    "link": "https://www.sec.gov/Archives/edgar/data/1166691/000116669120000008/0001166691-20-000008-index.htm",
    "finalLink": "https://www.sec.gov/Archives/edgar/data/902739/000116669120000008/cmcsa-12312019x10k.htm"
  },
  {
    "date": "2018-12-31",
    "symbol": "CMCSA",
    "reportedCurrency": "USD",
    "cik": "0001166691",
    "fillingDate": "2019-01-31",
    "acceptedDate": "2019-01-31 17:00:03",
    "calendarYear": "2018",
    "period": "FY",
    "revenue": 94507000000,
    "costOfRevenue": 40709000000,
    "grossProfit": 53798000000,
    "grossProfitRatio": 0.5692488387,
    "researchAndDevelopmentExpenses": 0,
    "generalAndAdministrativeExpenses": 0,
    "sellingAndMarketingExpenses": 0,
    "sellingGeneralAndAdministrativeExpenses": 34791000000,
    "otherExpenses": 0,
    "operatingExpenses": 34791000000,
    "costAndExpenses": 75500000000,
    "interestIncome": 0,
    "interestExpense": 3542000000,
    "depreciationAndAmortization": 10676000000,
    "ebitda": 29801000000,
    "ebitdaratio": 0.3153311395,
    "operatingIncome": 19007000000,
    "operatingIncomeRatio": 0.2011173775,
    "totalOtherIncomeExpensesNet": -3765000000,
    "incomeBeforeTax": 15242000000,
    "incomeBeforeTaxRatio": 0.1612790587,
    "incomeTaxExpense": 3380000000,
    "netIncome": 11731000000,
    "netIncomeRatio": 0.1241283714,
    "eps": 2.59,
    "epsdiluted": 2.53,
    "weightedAverageShsOut": 4525962522,
    "weightedAverageShsOutDil": 4640000000,
    "link": "https://www.sec.gov/Archives/edgar/data/1166691/000116669119000005/0001166691-19-000005-index.htm",
    "finalLink": "https://www.sec.gov/Archives/edgar/data/902739/000116669119000005/cmcsa-12312018x10k.htm"
  },
  {
    "date": "2017-12-31",
    "symbol": "CMCSA",
    "reportedCurrency": "USD",
    "cik": "0001166691",
    "fillingDate": "2018-01-31",
    "acceptedDate": "2018-01-31 16:35:39",
    "calendarYear": "2017",
    "period": "FY",
    "revenue": 84526000000,
    "costOfRevenue": 35485000000,
    "grossProfit": 49544000000,
    "grossProfitRatio": 0.5861391761,
    "researchAndDevelopmentExpenses": 0,
    "generalAndAdministrativeExpenses": 0,
    "sellingAndMarketingExpenses": 0,
    "sellingGeneralAndAdministrativeExpenses": 31968000000,
    "otherExpenses": 0,
    "operatingExpenses": 31968000000,
    "costAndExpenses": 67453000000,
    "interestIncome": 0,
    "interestExpense": 3086000000,
    "depreciationAndAmortization": 9688000000,
    "ebitda": 28290000000,
    "ebitdaratio": 0.3346899179,
    "operatingIncome": 17576000000,
    "operatingIncomeRatio": 0.2079360197,
    "totalOtherIncomeExpensesNet": -2223000000,
    "incomeBeforeTax": 15322000000,
    "incomeBeforeTaxRatio": 0.1812696685,
    "incomeTaxExpense": -7578000000,
    "netIncome": 22714000000,
    "netIncomeRatio": 0.26872205,
    "eps": 4.89,
    "epsdiluted": 4.75,
    "weightedAverageShsOut": 4644508017,
    "weightedAverageShsOutDil": 4786000000,
    "link": "https://www.sec.gov/Archives/edgar/data/1166691/000116669118000004/0001166691-18-000004-index.htm",
    "finalLink": "https://www.sec.gov/Archives/edgar/data/902739/000116669118000004/cmcsa-12312017x10k.htm"
  },
  {
    "date": "2016-12-31",
    "symbol": "CMCSA",
    "reportedCurrency": "USD",
    "cik": "0001166691",
    "fillingDate": "2017-02-03",
    "acceptedDate": "2017-02-03 14:34:03",
    "calendarYear": "2016",
    "period": "FY",
    "revenue": 80403000000,
    "costOfRevenue": 34021000000,
    "grossProfit": 46382000000,
    "grossProfitRatio": 0.5768690223,
    "researchAndDevelopmentExpenses": 0,
    "generalAndAdministrativeExpenses": 0,
    "sellingAndMarketingExpenses": 0,
    "sellingGeneralAndAdministrativeExpenses": 29462000000,
    "otherExpenses": 0,
    "operatingExpenses": 29462000000,
    "costAndExpenses": 63483000000,
    "interestIncome": 0,
    "interestExpense": 2942000000,
    "depreciationAndAmortization": 9426000000,
    "ebitda": 26853000000,
    "ebitdaratio": 0.3339800754,
    "operatingIncome": 16920000000,
    "operatingIncomeRatio": 0.210439909,
    "totalOtherIncomeExpensesNet": -2567000000,
    "incomeBeforeTax": 14353000000,
    "incomeBeforeTaxRatio": 0.1785132396,
    "incomeTaxExpense": 5308000000,
    "netIncome": 8695000000,
    "netIncomeRatio": 0.108142731,
    "eps": 1.71,
    "epsdiluted": 1.71,
    "weightedAverageShsOut": 4875280898,
    "weightedAverageShsOutDil": 5088771063,
    "link": "https://www.sec.gov/Archives/edgar/data/1166691/000119312517030512/0001193125-17-030512-index.htm",
    "finalLink": "https://www.sec.gov/Archives/edgar/data/902739/000119312517030512/d290430d10k.htm"
  },
  {
    "date": "2015-12-31",
    "symbol": "CMCSA",
    "reportedCurrency": "USD",
    "cik": "0001166691",
    "fillingDate": "2016-02-05",
    "acceptedDate": "2016-02-05 17:00:05",
    "calendarYear": "2015",
    "period": "FY",
    "revenue": 74510000000,
    "costOfRevenue": 31210000000,
    "grossProfit": 43300000000,
    "grossProfitRatio": 0.5811300497,
    "researchAndDevelopmentExpenses": 0,
    "generalAndAdministrativeExpenses": 0,
    "sellingAndMarketingExpenses": 0,
    "sellingGeneralAndAdministrativeExpenses": 27104000000,
    "otherExpenses": 0,
    "operatingExpenses": 27104000000,
    "costAndExpenses": 58314000000,
    "interestIncome": 0,
    "interestExpense": 2702000000,
    "depreciationAndAmortization": 8680000000,
    "ebitda": 24687000000,
    "ebitdaratio": 0.3313246544,
    "operatingIncome": 16196000000,
    "operatingIncomeRatio": 0.2173667964,
    "totalOtherIncomeExpensesNet": -2824000000,
    "incomeBeforeTax": 13372000000,
    "incomeBeforeTaxRatio": 0.1794658435,
    "incomeTaxExpense": 4959000000,
    "netIncome": 8163000000,
    "netIncomeRatio": 0.1095557643,
    "eps": 1.67,
    "epsdiluted": 1.62,
    "weightedAverageShsOut": 4875352351,
    "weightedAverageShsOutDil": 5036000000,
    "link": "https://www.sec.gov/Archives/edgar/data/1166691/000119312516452423/0001193125-16-452423-index.htm",
    "finalLink": "https://www.sec.gov/Archives/edgar/data/902739/000119312516452423/d49239d10k.htm"
  },
  {
    "date": "2014-12-31",
    "symbol": "CMCSA",
    "reportedCurrency": "USD",
    "cik": "0001166691",
    "fillingDate": "2015-02-27",
    "acceptedDate": "2015-02-27 13:16:44",
    "calendarYear": "2014",
    "period": "FY",
    "revenue": 68775000000,
    "costOfRevenue": 28931000000,
    "grossProfit": 39844000000,
    "grossProfitRatio": 0.5793384224,
    "researchAndDevelopmentExpenses": 0,
    "generalAndAdministrativeExpenses": 0,
    "sellingAndMarketingExpenses": 0,
    "sellingGeneralAndAdministrativeExpenses": 24703000000,
    "otherExpenses": 0,
    "operatingExpenses": 24703000000,
    "costAndExpenses": 53634000000,
    "interestIncome": 0,
    "interestExpense": 2617000000,
    "depreciationAndAmortization": 8019000000,
    "ebitda": 23101000000,
    "ebitdaratio": 0.3358924028,
    "operatingIncome": 15141000000,
    "operatingIncomeRatio": 0.2201526718,
    "totalOtherIncomeExpensesNet": -2676000000,
    "incomeBeforeTax": 12465000000,
    "incomeBeforeTaxRatio": 0.1812431843,
    "incomeTaxExpense": 3873000000,
    "netIncome": 8380000000,
    "netIncomeRatio": 0.1218466012,
    "eps": 1.79,
    "epsdiluted": 1.6,
    "weightedAverageShsOut": 4672204936,
    "weightedAverageShsOutDil": 5240000000,
    "link": "https://www.sec.gov/Archives/edgar/data/1166691/000119312515068526/0001193125-15-068526-index.htm",
    "finalLink": "https://www.sec.gov/Archives/edgar/data/902739/000119312515068526/d817352d10k.htm"
  },
  {
    "date": "2013-12-31",
    "symbol": "CMCSA",
    "reportedCurrency": "USD",
    "cik": "0001166691",
    "fillingDate": "2014-02-12",
    "acceptedDate": "2014-02-12 12:49:52",
    "calendarYear": "2013",
    "period": "FY",
    "revenue": 64657000000,
    "costOfRevenue": 27541000000,
    "grossProfit": 37116000000,
    "grossProfitRatio": 0.5740445737,
    "researchAndDevelopmentExpenses": 0,
    "generalAndAdministrativeExpenses": 0,
    "sellingAndMarketingExpenses": 0,
    "sellingGeneralAndAdministrativeExpenses": 23553000000,
    "otherExpenses": 0,
    "operatingExpenses": 23553000000,
    "costAndExpenses": 51094000000,
    "interestIncome": 0,
    "interestExpense": 2574000000,
    "depreciationAndAmortization": 7871000000,
    "ebitda": 29809000000,
    "ebitdaratio": 0.4610328348,
    "operatingIncome": 13563000000,
    "operatingIncomeRatio": 0.2097684705,
    "totalOtherIncomeExpensesNet": -2448000000,
    "incomeBeforeTax": 11115000000,
    "incomeBeforeTaxRatio": 0.1719071408,
    "incomeTaxExpense": 3980000000,
    "netIncome": 6816000000,
    "netIncomeRatio": 0.1054178202,
    "eps": 1.44,
    "epsdiluted": 1.28,
    "weightedAverageShsOut": 4744624821,
    "weightedAverageShsOutDil": 5330000000,
    "link": "https://www.sec.gov/Archives/edgar/data/1166691/000119312514047522/0001193125-14-047522-index.htm",
    "finalLink": "https://www.sec.gov/Archives/edgar/data/902739/000119312514047522/d666576d10k.htm"
  },
  {
    "date": "2012-12-31",
    "symbol": "CMCSA",
    "reportedCurrency": "USD",
    "cik": "0001166691",
    "fillingDate": "2013-02-21",
    "acceptedDate": "2013-02-20 18:48:53",
    "calendarYear": "2012",
    "period": "FY",
    "revenue": 62570000000,
    "costOfRevenue": 27727000000,
    "grossProfit": 34843000000,
    "grossProfitRatio": 0.556864312,
    "researchAndDevelopmentExpenses": 0,
    "generalAndAdministrativeExpenses": 0,
    "sellingAndMarketingExpenses": 0,
    "sellingGeneralAndAdministrativeExpenses": 22664000000,
    "otherExpenses": 0,
    "operatingExpenses": 22664000000,
    "costAndExpenses": 50391000000,
    "interestIncome": 0,
    "interestExpense": 2521000000,
    "depreciationAndAmortization": 7798000000,
    "ebitda": 31382000000,
    "ebitdaratio": 0.5015502637,
    "operatingIncome": 12179000000,
    "operatingIncomeRatio": 0.1946459965,
    "totalOtherIncomeExpensesNet": -570000000,
    "incomeBeforeTax": 11609000000,
    "incomeBeforeTaxRatio": 0.1855361995,
    "incomeTaxExpense": 3744000000,
    "netIncome": 6203000000,
    "netIncomeRatio": 0.0991369666,
    "eps": 1.3,
    "epsdiluted": 1.14,
    "weightedAverageShsOut": 4761771108,
    "weightedAverageShsOutDil": 5434000000,
    "link": "https://www.sec.gov/Archives/edgar/data/1166691/000119312513067658/0001193125-13-067658-index.htm",
    "finalLink": "https://www.sec.gov/Archives/edgar/data/1166691/000119312513067658/d458593d10k.htm"
  },
  {
    "date": "2011-12-31",
    "symbol": "CMCSA",
    "reportedCurrency": "USD",
    "cik": "0001166691",
    "fillingDate": "2012-02-23",
    "acceptedDate": "2012-02-23 07:06:40",
    "calendarYear": "2011",
    "period": "FY",
    "revenue": 55842000000,
    "costOfRevenue": 24259000000,
    "grossProfit": 31583000000,
    "grossProfitRatio": 0.5655778804,
    "researchAndDevelopmentExpenses": 0,
    "generalAndAdministrativeExpenses": 0,
    "sellingAndMarketingExpenses": 0,
    "sellingGeneralAndAdministrativeExpenses": 20707000000,
    "otherExpenses": 0,
    "operatingExpenses": 20707000000,
    "costAndExpenses": 44966000000,
    "interestIncome": 0,
    "interestExpense": 2505000000,
    "depreciationAndAmortization": 14423000000,
    "ebitda": 25135000000,
    "ebitdaratio": 0.4501092368,
    "operatingIncome": 10876000000,
    "operatingIncomeRatio": 0.1947637979,
    "totalOtherIncomeExpensesNet": -2669000000,
    "incomeBeforeTax": 8207000000,
    "incomeBeforeTaxRatio": 0.1469682318,
    "incomeTaxExpense": 3050000000,
    "netIncome": 4160000000,
    "netIncomeRatio": 0.0744958991,
    "eps": 0.87,
    "epsdiluted": 0.75,
    "weightedAverageShsOut": 4801410194,
    "weightedAverageShsOutDil": 5556000000,
    "link": "https://www.sec.gov/Archives/edgar/data/1166691/000119312512073905/0001193125-12-073905-index.htm",
    "finalLink": "https://www.sec.gov/Archives/edgar/data/1166691/000119312512073905/d262998d10k.htm"
  },
  {
    "date": "2010-12-31",
    "symbol": "CMCSA",
    "reportedCurrency": "USD",
    "cik": "0001166691",
    "fillingDate": "2011-02-25",
    "acceptedDate": "2011-02-25 15:02:27",
    "calendarYear": "2010",
    "period": "FY",
    "revenue": 37937000000,
    "costOfRevenue": 21866000000,
    "grossProfit": 16071000000,
    "grossProfitRatio": 0.4236233756,
    "researchAndDevelopmentExpenses": 0,
    "generalAndAdministrativeExpenses": 0,
    "sellingAndMarketingExpenses": 0,
    "sellingGeneralAndAdministrativeExpenses": 8091000000,
    "otherExpenses": 0,
    "operatingExpenses": 8091000000,
    "costAndExpenses": 29957000000,
    "interestIncome": 0,
    "interestExpense": 2156000000,
    "depreciationAndAmortization": 6803000000,
    "ebitda": 14876000000,
    "ebitdaratio": 0.3921237842,
    "operatingIncome": 7980000000,
    "operatingIncomeRatio": 0.2103487361,
    "totalOtherIncomeExpensesNet": -1876000000,
    "incomeBeforeTax": 6104000000,
    "incomeBeforeTaxRatio": 0.1608983314,
    "incomeTaxExpense": 2436000000,
    "netIncome": 3635000000,
    "netIncomeRatio": 0.0958167488,
    "eps": 0.75,
    "epsdiluted": 0.65,
    "weightedAverageShsOut": 4848320071,
    "weightedAverageShsOutDil": 5640000000,
    "link": "https://www.sec.gov/Archives/edgar/data/1166691/000119312511047243/0001193125-11-047243-index.htm",
    "finalLink": "https://www.sec.gov/Archives/edgar/data/1166691/000119312511047243/d10k.htm"
  },
  {
    "date": "2009-12-31",
    "symbol": "CMCSA",
    "reportedCurrency": "USD",
    "cik": "0001166691",
    "fillingDate": "2010-02-23",
    "acceptedDate": "2010-02-23 15:47:53",
    "calendarYear": "2009",
    "period": "FY",
    "revenue": 35756000000,
    "costOfRevenue": 20896000000,
    "grossProfit": 14860000000,
    "grossProfitRatio": 0.4155945855,
    "researchAndDevelopmentExpenses": 0,
    "generalAndAdministrativeExpenses": 0,
    "sellingAndMarketingExpenses": 0,
    "sellingGeneralAndAdministrativeExpenses": 7646000000,
    "otherExpenses": 0,
    "operatingExpenses": 7646000000,
    "costAndExpenses": 28542000000,
    "interestIncome": 0,
    "interestExpense": 2348000000,
    "depreciationAndAmortization": 6500000000,
    "ebitda": 13954000000,
    "ebitdaratio": 0.3902561808,
    "operatingIncome": 7214000000,
    "operatingIncomeRatio": 0.2017563486,
    "totalOtherIncomeExpensesNet": -2108000000,
    "incomeBeforeTax": 5106000000,
    "incomeBeforeTaxRatio": 0.1428012082,
    "incomeTaxExpense": 1478000000,
    "netIncome": 3638000000,
    "netIncomeRatio": 0.1017451617,
    "eps": 0.74,
    "epsdiluted": 0.63,
    "weightedAverageShsOut": 5764000000,
    "weightedAverageShsOutDil": 5770000000,
    "link": "https://www.sec.gov/Archives/edgar/data/1166691/000119312510037551/0001193125-10-037551-index.htm",
    "finalLink": "https://www.sec.gov/Archives/edgar/data/1166691/000119312510037551/d10k.htm"
  },
  {
    "date": "2008-12-31",
    "symbol": "CMCSA",
    "reportedCurrency": "USD",
    "cik": "0001166691",
    "fillingDate": "2009-02-20",
    "acceptedDate": "2009-02-20 13:52:07",
    "calendarYear": "2008",
    "period": "FY",
    "revenue": 34256000000,
    "costOfRevenue": 19872000000,
    "grossProfit": 14384000000,
    "grossProfitRatio": 0.4198972443,
    "researchAndDevelopmentExpenses": 0,
    "generalAndAdministrativeExpenses": 0,
    "sellingAndMarketingExpenses": 0,
    "sellingGeneralAndAdministrativeExpenses": 7652000000,
    "otherExpenses": 0,
    "operatingExpenses": 7652000000,
    "costAndExpenses": 27524000000,
    "interestIncome": 0,
    "interestExpense": 2439000000,
    "depreciationAndAmortization": 6400000000,
    "ebitda": 12897000000,
    "ebitdaratio": 0.3764887903,
    "operatingIncome": 6732000000,
    "operatingIncomeRatio": 0.1965203176,
    "totalOtherIncomeExpensesNet": -2674000000,
    "incomeBeforeTax": 4058000000,
    "incomeBeforeTaxRatio": 0.1184609995,
    "incomeTaxExpense": 1533000000,
    "netIncome": 2547000000,
    "netIncomeRatio": 0.0743519383,
    "eps": 0.44,
    "epsdiluted": 0.43,
    "weightedAverageShsOut": 5916000000,
    "weightedAverageShsOutDil": 5916000000,
    "link": "https://www.sec.gov/Archives/edgar/data/1166691/000119312509033975/0001193125-09-033975-index.htm",
    "finalLink": "https://www.sec.gov/Archives/edgar/data/1166691/000119312509033975/d10k.htm"
  },
  {
    "date": "2007-12-31",
    "symbol": "CMCSA",
    "reportedCurrency": "USD",
    "cik": "0001166691",
    "fillingDate": "2008-02-20",
    "acceptedDate": "2008-02-20 11:54:03",
    "calendarYear": "2007",
    "period": "FY",
    "revenue": 30895000000,
    "costOfRevenue": 17383000000,
    "grossProfit": 13512000000,
    "grossProfitRatio": 0.4373523224,
    "researchAndDevelopmentExpenses": 0,
    "generalAndAdministrativeExpenses": 0,
    "sellingAndMarketingExpenses": 0,
    "sellingGeneralAndAdministrativeExpenses": 7894000000,
    "otherExpenses": 0,
    "operatingExpenses": 7894000000,
    "costAndExpenses": 25277000000,
    "interestIncome": 0,
    "interestExpense": 0,
    "depreciationAndAmortization": 6208000000,
    "ebitda": 12846000000,
    "ebitdaratio": 0.4157954362,
    "operatingIncome": 5618000000,
    "operatingIncomeRatio": 0.181841722,
    "totalOtherIncomeExpensesNet": -1269000000,
    "incomeBeforeTax": 4349000000,
    "incomeBeforeTaxRatio": 0.1407671144,
    "incomeTaxExpense": 1800000000,
    "netIncome": 2587000000,
    "netIncomeRatio": 0.0837352322,
    "eps": 0.42,
    "epsdiluted": 0.42,
    "weightedAverageShsOut": 6196000000,
    "weightedAverageShsOutDil": 6384000000,
    "link": "https://www.sec.gov/Archives/edgar/data/1166691/000119312508034239/0001193125-08-034239-index.htm",
    "finalLink": "https://www.sec.gov/Archives/edgar/data/1166691/000119312508034239/d10k.htm"
  },
  {
    "date": "2006-12-31",
    "symbol": "CMCSA",
    "reportedCurrency": "USD",
    "cik": "0001166691",
    "fillingDate": "2007-02-26",
    "acceptedDate": "2007-02-26 12:08:01",
    "calendarYear": "2006",
    "period": "FY",
    "revenue": 24966000000,
    "costOfRevenue": 13833000000,
    "grossProfit": 11133000000,
    "grossProfitRatio": 0.44592646,
    "researchAndDevelopmentExpenses": 0,
    "generalAndAdministrativeExpenses": 0,
    "sellingAndMarketingExpenses": 0,
    "sellingGeneralAndAdministrativeExpenses": 6514000000,
    "otherExpenses": 0,
    "operatingExpenses": 6514000000,
    "costAndExpenses": 20347000000,
    "interestIncome": 0,
    "interestExpense": 0,
    "depreciationAndAmortization": 4962000000,
    "ebitda": 10481000000,
    "ebitdaratio": 0.4198109429,
    "operatingIncome": 4619000000,
    "operatingIncomeRatio": 0.1850116158,
    "totalOtherIncomeExpensesNet": -1025000000,
    "incomeBeforeTax": 3594000000,
    "incomeBeforeTaxRatio": 0.1439557799,
    "incomeTaxExpense": 1347000000,
    "netIncome": 2533000000,
    "netIncomeRatio": 0.1014579829,
    "eps": 0.4,
    "epsdiluted": 0.4,
    "weightedAverageShsOut": 6320000000,
    "weightedAverageShsOutDil": 6360000000,
    "link": "https://www.sec.gov/Archives/edgar/data/1166691/000119312507039301/0001193125-07-039301-index.htm",
    "finalLink": "https://www.sec.gov/Archives/edgar/data/1166691/000119312507039301/d10k.htm"
  },
  {
    "date": "2005-12-31",
    "symbol": "CMCSA",
    "reportedCurrency": "USD",
    "cik": "0001166691",
    "fillingDate": "2006-02-22",
    "acceptedDate": "2006-02-22 16:05:46",
    "calendarYear": "2005",
    "period": "FY",
    "revenue": 22255000000,
    "costOfRevenue": 12024000000,
    "grossProfit": 9051000000,
    "grossProfitRatio": 0.4066951247,
    "researchAndDevelopmentExpenses": 0,
    "generalAndAdministrativeExpenses": 0,
    "sellingAndMarketingExpenses": 0,
    "sellingGeneralAndAdministrativeExpenses": 5490000000,
    "otherExpenses": 0,
    "operatingExpenses": 5490000000,
    "costAndExpenses": 17514000000,
    "interestIncome": 0,
    "interestExpense": 0,
    "depreciationAndAmortization": 4804000000,
    "ebitda": 8026000000,
    "ebitdaratio": 0.3606380589,
    "operatingIncome": 3561000000,
    "operatingIncomeRatio": 0.1600089867,
    "totalOtherIncomeExpensesNet": -1841000000,
    "incomeBeforeTax": 1880000000,
    "incomeBeforeTaxRatio": 0.0844753988,
    "incomeTaxExpense": 933000000,
    "netIncome": 928000000,
    "netIncomeRatio": 0.0416984947,
    "eps": 0.0933,
    "epsdiluted": 0.0933,
    "weightedAverageShsOut": 9885000000,
    "weightedAverageShsOutDil": 9936000000,
    "link": "https://www.sec.gov/Archives/edgar/data/1166691/000119312506036698/0001193125-06-036698-index.htm",
    "finalLink": "https://www.sec.gov/Archives/edgar/data/1166691/000119312506036698/d10k.htm"
  },
  {
    "date": "2004-12-31",
    "symbol": "CMCSA",
    "reportedCurrency": "USD",
    "cik": "0001166691",
    "fillingDate": "2005-02-23",
    "acceptedDate": "2005-02-23 09:28:10",
    "calendarYear": "2004",
    "period": "FY",
    "revenue": 20307000000,
    "costOfRevenue": 12085000000,
    "grossProfit": 8222000000,
    "grossProfitRatio": 0.404885015,
    "researchAndDevelopmentExpenses": 0,
    "generalAndAdministrativeExpenses": 0,
    "sellingAndMarketingExpenses": 0,
    "sellingGeneralAndAdministrativeExpenses": 5314000000,
    "otherExpenses": 0,
    "operatingExpenses": 5314000000,
    "costAndExpenses": 17399000000,
    "interestIncome": 0,
    "interestExpense": 0,
    "depreciationAndAmortization": 4623000000,
    "ebitda": 8309000000,
    "ebitdaratio": 0.409169252,
    "operatingIncome": 2908000000,
    "operatingIncomeRatio": 0.1432018516,
    "totalOtherIncomeExpensesNet": -1098000000,
    "incomeBeforeTax": 1810000000,
    "incomeBeforeTaxRatio": 0.0891318265,
    "incomeTaxExpense": 826000000,
    "netIncome": 970000000,
    "netIncomeRatio": 0.0477667799,
    "eps": 0.11,
    "epsdiluted": 0.14,
    "weightedAverageShsOut": 9079107197,
    "weightedAverageShsOutDil": 9110107197,
    "link": "https://www.sec.gov/Archives/edgar/data/1166691/000104746905004437/0001047469-05-004437-index.htm",
    "finalLink": "https://www.sec.gov/Archives/edgar/data/1166691/000104746905004437/a2141960z10-k.htm"
  },
  {
    "date": "2003-12-31",
    "symbol": "CMCSA",
    "reportedCurrency": "USD",
    "cik": "0001166691",
    "fillingDate": "2004-03-12",
    "acceptedDate": "2004-03-12 17:06:15",
    "calendarYear": "2003",
    "period": "FY",
    "revenue": 18348000000,
    "costOfRevenue": 7041000000,
    "grossProfit": 11307000000,
    "grossProfitRatio": 0.6162524526,
    "researchAndDevelopmentExpenses": 0,
    "generalAndAdministrativeExpenses": 0,
    "sellingAndMarketingExpenses": 0,
    "sellingGeneralAndAdministrativeExpenses": 4915000000,
    "otherExpenses": 4438000000,
    "operatingExpenses": 9353000000,
    "costAndExpenses": 16394000000,
    "interestIncome": 0,
    "interestExpense": 0,
    "depreciationAndAmortization": 4438000000,
    "ebitda": 6392000000,
    "ebitdaratio": 0.3483758448,
    "operatingIncome": 1954000000,
    "operatingIncomeRatio": 0.1064966209,
    "totalOtherIncomeExpensesNet": -2091000000,
    "incomeBeforeTax": -137000000,
    "incomeBeforeTaxRatio": -0.0074667539,
    "incomeTaxExpense": -16000000,
    "netIncome": 3240000000,
    "netIncomeRatio": 0.1765860039,
    "eps": 0.36,
    "epsdiluted": 0.48,
    "weightedAverageShsOut": 9079107197,
    "weightedAverageShsOutDil": 9110107197,
    "link": "https://www.sec.gov/Archives/edgar/data/1166691/000095015904000281/0000950159-04-000281-index.htm",
    "finalLink": "https://www.sec.gov/Archives/edgar/data/1166691/000095015904000281/comcast10k2003.htm"
  },
  {
    "date": "2002-12-31",
    "symbol": "CMCSA",
    "reportedCurrency": "USD",
    "cik": "0001166691",
    "fillingDate": "2003-03-20",
    "acceptedDate": "2003-03-20 17:24:06",
    "calendarYear": "2002",
    "period": "FY",
    "revenue": 12460000000,
    "costOfRevenue": 6304000000,
    "grossProfit": 6156000000,
    "grossProfitRatio": 0.4940609952,
    "researchAndDevelopmentExpenses": 0,
    "generalAndAdministrativeExpenses": 0,
    "sellingAndMarketingExpenses": 0,
    "sellingGeneralAndAdministrativeExpenses": 2465000000,
    "otherExpenses": 2032000000,
    "operatingExpenses": 4497000000,
    "costAndExpenses": 10801000000,
    "interestIncome": 0,
    "interestExpense": 0,
    "depreciationAndAmortization": 1915000000,
    "ebitda": 2836000000,
    "ebitdaratio": 0.2276083467,
    "operatingIncome": 1659000000,
    "operatingIncomeRatio": 0.1331460674,
    "totalOtherIncomeExpensesNet": -1475000000,
    "incomeBeforeTax": 70000000,
    "incomeBeforeTaxRatio": 0.0056179775,
    "incomeTaxExpense": 134000000,
    "netIncome": -274000000,
    "netIncomeRatio": -0.0219903692,
    "eps": -0.0549,
    "epsdiluted": -0.0549,
    "weightedAverageShsOut": 4992503748,
    "weightedAverageShsOutDil": 4992503748,
    "link": "https://www.sec.gov/Archives/edgar/data/1166691/000095015903000238/0000950159-03-000238-index.htm",
    "finalLink": "https://www.sec.gov/Archives/edgar/data/1166691/000095015903000238/comcast200210k.txt"
  },
  {
    "date": "2001-12-31",
    "symbol": "CMCSA",
    "reportedCurrency": "USD",
    "cik": "0001166691",
    "fillingDate": "2001-12-31",
    "acceptedDate": "2001-12-30 19:00:00",
    "calendarYear": "2001",
    "period": "FY",
    "revenue": 9674200000,
    "costOfRevenue": 5419800000,
    "grossProfit": 4254400000,
    "grossProfitRatio": 0.4397676294,
    "researchAndDevelopmentExpenses": 0,
    "generalAndAdministrativeExpenses": 0,
    "sellingAndMarketingExpenses": 0,
    "sellingGeneralAndAdministrativeExpenses": 1552600000,
    "otherExpenses": 3448000000,
    "operatingExpenses": 5000600000,
    "costAndExpenses": 10420400000,
    "interestIncome": 0,
    "interestExpense": 0,
    "depreciationAndAmortization": 3448000000,
    "ebitda": 2701000000,
    "ebitdaratio": 0.2791962126,
    "operatingIncome": -746200000,
    "operatingIncomeRatio": -0.0771329929,
    "totalOtherIncomeExpensesNet": 1443000000,
    "incomeBeforeTax": 695800000,
    "incomeBeforeTaxRatio": 0.0719232598,
    "incomeTaxExpense": 470200000,
    "netIncome": 608600000,
    "netIncomeRatio": 0.0629095946,
    "eps": 0.21,
    "epsdiluted": 0.21,
    "weightedAverageShsOut": 4271514243,
    "weightedAverageShsOutDil": 4338080961,
    "link": "",
    "finalLink": ""
  },
  {
    "date": "2000-12-31",
    "symbol": "CMCSA",
    "reportedCurrency": "USD",
    "cik": "0001166691",
    "fillingDate": "2000-12-31",
    "acceptedDate": "2000-12-30 19:00:00",
    "calendarYear": "2000",
    "period": "FY",
    "revenue": 8218600000,
    "costOfRevenue": 4497400000,
    "grossProfit": 3721200000,
    "grossProfitRatio": 0.4527778454,
    "researchAndDevelopmentExpenses": 0,
    "generalAndAdministrativeExpenses": 0,
    "sellingAndMarketingExpenses": 0,
    "sellingGeneralAndAdministrativeExpenses": 1250900000,
    "otherExpenses": 2631300000,
    "operatingExpenses": 3882200000,
    "costAndExpenses": 8379600000,
    "interestIncome": 0,
    "interestExpense": 0,
    "depreciationAndAmortization": 2631300000,
    "ebitda": 2470300000,
    "ebitdaratio": 0.3005743071,
    "operatingIncome": -161000000,
    "operatingIncomeRatio": -0.0195897111,
    "totalOtherIncomeExpensesNet": 3647400000,
    "incomeBeforeTax": 3486400000,
    "incomeBeforeTaxRatio": 0.4242085027,
    "incomeTaxExpense": 1441300000,
    "netIncome": 2021500000,
    "netIncomeRatio": 0.2459664663,
    "eps": 0.74,
    "epsdiluted": 0.72,
    "weightedAverageShsOut": 2725037482,
    "weightedAverageShsOutDil": 2810194903,
    "link": "",
    "finalLink": ""
  },
  {
    "date": "1999-12-31",
    "symbol": "CMCSA",
    "reportedCurrency": "USD",
    "cik": "0001166691",
    "fillingDate": "1999-12-31",
    "acceptedDate": "1999-12-30 19:00:00",
    "calendarYear": "1999",
    "period": "FY",
    "revenue": 6209200000,
    "costOfRevenue": 3403200000,
    "grossProfit": 2806000000,
    "grossProfitRatio": 0.4519100689,
    "researchAndDevelopmentExpenses": 0,
    "generalAndAdministrativeExpenses": 0,
    "sellingAndMarketingExpenses": 0,
    "sellingGeneralAndAdministrativeExpenses": 926000000,
    "otherExpenses": 1216000000,
    "operatingExpenses": 2142000000,
    "costAndExpenses": 5545200000,
    "interestIncome": 0,
    "interestExpense": 0,
    "depreciationAndAmortization": 1216000000,
    "ebitda": 1880100000,
    "ebitdaratio": 0.3027926303,
    "operatingIncome": 664000000,
    "operatingIncomeRatio": 0.1069380919,
    "totalOtherIncomeExpensesNet": 840600000,
    "incomeBeforeTax": 1504600000,
    "incomeBeforeTaxRatio": 0.2423178509,
    "incomeTaxExpense": 723700000,
    "netIncome": 1065700000,
    "netIncomeRatio": 0.1716324164,
    "eps": 0.46,
    "epsdiluted": 0.44,
    "weightedAverageShsOut": 2251048389,
    "weightedAverageShsOutDil": 2353368770,
    "link": "",
    "finalLink": ""
  },
  {
    "date": "1998-12-31",
    "symbol": "CMCSA",
    "reportedCurrency": "USD",
    "cik": "0001166691",
    "fillingDate": "1998-12-31",
    "acceptedDate": "1998-12-30 19:00:00",
    "calendarYear": "1998",
    "period": "FY",
    "revenue": 5145300000,
    "costOfRevenue": 0,
    "grossProfit": 5145300000,
    "grossProfitRatio": 1,
    "researchAndDevelopmentExpenses": 0,
    "generalAndAdministrativeExpenses": 0,
    "sellingAndMarketingExpenses": 0,
    "sellingGeneralAndAdministrativeExpenses": 0,
    "otherExpenses": 0,
    "operatingExpenses": 0,
    "costAndExpenses": 0,
    "interestIncome": 0,
    "interestExpense": 0,
    "depreciationAndAmortization": 939600000,
    "ebitda": 1496700000,
    "ebitdaratio": 0.2908868288,
    "operatingIncome": 5145300000,
    "operatingIncomeRatio": 1,
    "totalOtherIncomeExpensesNet": -3543600000,
    "incomeBeforeTax": 0,
    "incomeBeforeTaxRatio": 0,
    "incomeTaxExpense": 4173200000,
    "netIncome": 972100000,
    "netIncomeRatio": 0.1889297028,
    "eps": 0.43,
    "epsdiluted": 0.4,
    "weightedAverageShsOut": 2209051724,
    "weightedAverageShsOutDil": 2356321839,
    "link": "",
    "finalLink": ""
  },
  {
    "date": "1997-12-31",
    "symbol": "CMCSA",
    "reportedCurrency": "USD",
    "cik": "0001166691",
    "fillingDate": "1997-12-31",
    "acceptedDate": "1997-12-30 19:00:00",
    "calendarYear": "1997",
    "period": "FY",
    "revenue": 4912600000,
    "costOfRevenue": 0,
    "grossProfit": 4912600000,
    "grossProfitRatio": 1,
    "researchAndDevelopmentExpenses": 0,
    "generalAndAdministrativeExpenses": 0,
    "sellingAndMarketingExpenses": 0,
    "sellingGeneralAndAdministrativeExpenses": 0,
    "otherExpenses": 0,
    "operatingExpenses": 0,
    "costAndExpenses": 0,
    "interestIncome": 0,
    "interestExpense": 0,
    "depreciationAndAmortization": 826500000,
    "ebitda": 1293100000,
    "ebitdaratio": 0.2632211049,
    "operatingIncome": 4912600000,
    "operatingIncomeRatio": 1,
    "totalOtherIncomeExpensesNet": -579100000,
    "incomeBeforeTax": 0,
    "incomeBeforeTaxRatio": 0,
    "incomeTaxExpense": 5151300000,
    "netIncome": -238700000,
    "netIncomeRatio": -0.0485893417,
    "eps": -0.12,
    "epsdiluted": -0.12,
    "weightedAverageShsOut": 2000315632,
    "weightedAverageShsOutDil": 2000315632,
    "link": "",
    "finalLink": ""
  },
  {
    "date": "1996-12-31",
    "symbol": "CMCSA",
    "reportedCurrency": "USD",
    "cik": "0001166691",
    "fillingDate": "1996-12-31",
    "acceptedDate": "1996-12-30 19:00:00",
    "calendarYear": "1996",
    "period": "FY",
    "revenue": 4038400000,
    "costOfRevenue": 2059600000,
    "grossProfit": 1978800000,
    "grossProfitRatio": 0.489996038,
    "researchAndDevelopmentExpenses": 0,
    "generalAndAdministrativeExpenses": 0,
    "sellingAndMarketingExpenses": 0,
    "sellingGeneralAndAdministrativeExpenses": 771600000,
    "otherExpenses": 698300000,
    "operatingExpenses": 1469900000,
    "costAndExpenses": 3529500000,
    "interestIncome": 0,
    "interestExpense": 0,
    "depreciationAndAmortization": 581100000,
    "ebitda": 1047000000,
    "ebitdaratio": 0.2592610935,
    "operatingIncome": 508900000,
    "operatingIncomeRatio": 0.1260152536,
    "totalOtherIncomeExpensesNet": -363300000,
    "incomeBeforeTax": 31900000,
    "incomeBeforeTaxRatio": 0.007899168,
    "incomeTaxExpense": 84400000,
    "netIncome": -53500000,
    "netIncomeRatio": -0.0132478209,
    "eps": -0.0362,
    "epsdiluted": -0.0362,
    "weightedAverageShsOut": 1477443097,
    "weightedAverageShsOutDil": 1477443097,
    "link": "",
    "finalLink": ""
  },
  {
    "date": "1995-12-31",
    "symbol": "CMCSA",
    "reportedCurrency": "USD",
    "cik": "0001166691",
    "fillingDate": "1995-12-31",
    "acceptedDate": "1995-12-30 19:00:00",
    "calendarYear": "1995",
    "period": "FY",
    "revenue": 3362900000,
    "costOfRevenue": 0,
    "grossProfit": 3362900000,
    "grossProfitRatio": 1,
    "researchAndDevelopmentExpenses": 0,
    "generalAndAdministrativeExpenses": 0,
    "sellingAndMarketingExpenses": 0,
    "sellingGeneralAndAdministrativeExpenses": 0,
    "otherExpenses": 0,
    "operatingExpenses": 0,
    "costAndExpenses": 0,
    "interestIncome": 0,
    "interestExpense": 0,
    "depreciationAndAmortization": 689000000,
    "ebitda": 1018800000,
    "ebitdaratio": 0.3029528086,
    "operatingIncome": 3362900000,
    "operatingIncomeRatio": 1,
    "totalOtherIncomeExpensesNet": -325500000,
    "incomeBeforeTax": 0,
    "incomeBeforeTaxRatio": 0,
    "incomeTaxExpense": 3406800000,
    "netIncome": -43900000,
    "netIncomeRatio": -0.0130542092,
    "eps": -0.03,
    "epsdiluted": -0.03,
    "weightedAverageShsOut": 1462602032,
    "weightedAverageShsOutDil": 1462602032,
    "link": "",
    "finalLink": ""
  },
  {
    "date": "1994-12-31",
    "symbol": "CMCSA",
    "reportedCurrency": "USD",
    "cik": "0001166691",
    "fillingDate": "1994-12-31",
    "acceptedDate": "1994-12-30 19:00:00",
    "calendarYear": "1994",
    "period": "FY",
    "revenue": 1375300000,
    "costOfRevenue": 0,
    "grossProfit": 1375300000,
    "grossProfitRatio": 1,
    "researchAndDevelopmentExpenses": 0,
    "generalAndAdministrativeExpenses": 0,
    "sellingAndMarketingExpenses": 0,
    "sellingGeneralAndAdministrativeExpenses": 0,
    "otherExpenses": 0,
    "operatingExpenses": 0,
    "costAndExpenses": 0,
    "interestIncome": 0,
    "interestExpense": 0,
    "depreciationAndAmortization": 336500000,
    "ebitda": 1711800000,
    "ebitdaratio": 1.2446738893,
    "operatingIncome": 1375300000,
    "operatingIncomeRatio": 1,
    "totalOtherIncomeExpensesNet": -1375300000,
    "incomeBeforeTax": 0,
    "incomeBeforeTaxRatio": 0,
    "incomeTaxExpense": 1462300000,
    "netIncome": -87000000,
    "netIncomeRatio": -0.0632589253,
    "eps": -0.0634,
    "epsdiluted": -0.0634,
    "weightedAverageShsOut": 1372997712,
    "weightedAverageShsOutDil": 1372997712,
    "link": "",
    "finalLink": ""
  },
  {
    "date": "1993-12-31",
    "symbol": "CMCSA",
    "reportedCurrency": "USD",
    "cik": "0001166691",
    "fillingDate": "1993-12-31",
    "acceptedDate": "1993-12-30 19:00:00",
    "calendarYear": "1993",
    "period": "FY",
    "revenue": 1375300000,
    "costOfRevenue": 0,
    "grossProfit": 1375300000,
    "grossProfitRatio": 1,
    "researchAndDevelopmentExpenses": 0,
    "generalAndAdministrativeExpenses": 0,
    "sellingAndMarketingExpenses": 0,
    "sellingGeneralAndAdministrativeExpenses": 0,
    "otherExpenses": 0,
    "operatingExpenses": 0,
    "costAndExpenses": 0,
    "interestIncome": 0,
    "interestExpense": 0,
    "depreciationAndAmortization": 341500000,
    "ebitda": 1716800000,
    "ebitdaratio": 1.2483094598,
    "operatingIncome": 1375300000,
    "operatingIncomeRatio": 1,
    "totalOtherIncomeExpensesNet": -1375300000,
    "incomeBeforeTax": 0,
    "incomeBeforeTaxRatio": 0,
    "incomeTaxExpense": 1462300000,
    "netIncome": -87000000,
    "netIncomeRatio": -0.0632589253,
    "eps": -0.0739,
    "epsdiluted": -0.0739,
    "weightedAverageShsOut": 1176911544,
    "weightedAverageShsOutDil": 1176911544,
    "link": "",
    "finalLink": ""
  },
  {
    "date": "1992-12-31",
    "symbol": "CMCSA",
    "reportedCurrency": "USD",
    "cik": "0001166691",
    "fillingDate": "1992-12-31",
    "acceptedDate": "1992-12-30 19:00:00",
    "calendarYear": "1992",
    "period": "FY",
    "revenue": 900300000,
    "costOfRevenue": 275500000,
    "grossProfit": 624800000,
    "grossProfitRatio": 0.6939908919,
    "researchAndDevelopmentExpenses": 0,
    "generalAndAdministrativeExpenses": 0,
    "sellingAndMarketingExpenses": 0,
    "sellingGeneralAndAdministrativeExpenses": 227700000,
    "otherExpenses": 232000000,
    "operatingExpenses": 459700000,
    "costAndExpenses": 735200000,
    "interestIncome": 0,
    "interestExpense": 0,
    "depreciationAndAmortization": 232000000,
    "ebitda": 397100000,
    "ebitdaratio": 0.4410751972,
    "operatingIncome": 165100000,
    "operatingIncomeRatio": 0.1833833167,
    "totalOtherIncomeExpensesNet": -369000000,
    "incomeBeforeTax": -203900000,
    "incomeBeforeTaxRatio": -0.2264800622,
    "incomeTaxExpense": 14000000,
    "netIncome": -270200000,
    "netIncomeRatio": -0.3001221815,
    "eps": -0.22,
    "epsdiluted": -0.22,
    "weightedAverageShsOut": 1209246123,
    "weightedAverageShsOutDil": 1209246123,
    "link": "",
    "finalLink": ""
  },
  {
    "date": "1991-12-31",
    "symbol": "CMCSA",
    "reportedCurrency": "USD",
    "cik": "0001166691",
    "fillingDate": "1991-12-31",
    "acceptedDate": "1991-12-30 19:00:00",
    "calendarYear": "1991",
    "period": "FY",
    "revenue": 721000000,
    "costOfRevenue": 252100000,
    "grossProfit": 468900000,
    "grossProfitRatio": 0.6503467406,
    "researchAndDevelopmentExpenses": 0,
    "generalAndAdministrativeExpenses": 0,
    "sellingAndMarketingExpenses": 0,
    "sellingGeneralAndAdministrativeExpenses": 159600000,
    "otherExpenses": 164300000,
    "operatingExpenses": 323900000,
    "costAndExpenses": 576000000,
    "interestIncome": 0,
    "interestExpense": 0,
    "depreciationAndAmortization": 164300000,
    "ebitda": 309300000,
    "ebitdaratio": 0.4289875173,
    "operatingIncome": 145000000,
    "operatingIncomeRatio": 0.20110957,
    "totalOtherIncomeExpensesNet": -287800000,
    "incomeBeforeTax": -142800000,
    "incomeBeforeTaxRatio": -0.1980582524,
    "incomeTaxExpense": 12800000,
    "netIncome": -155600000,
    "netIncomeRatio": -0.2158113731,
    "eps": -0.15,
    "epsdiluted": -0.15,
    "weightedAverageShsOut": 1060378901,
    "weightedAverageShsOutDil": 1060378901,
    "link": "",
    "finalLink": ""
  },
  {
    "date": "1990-12-31",
    "symbol": "CMCSA",
    "reportedCurrency": "USD",
    "cik": "0001166691",
    "fillingDate": "1990-12-31",
    "acceptedDate": "1990-12-30 19:00:00",
    "calendarYear": "1990",
    "period": "FY",
    "revenue": 657000000,
    "costOfRevenue": 243900000,
    "grossProfit": 413100000,
    "grossProfitRatio": 0.6287671233,
    "researchAndDevelopmentExpenses": 0,
    "generalAndAdministrativeExpenses": 0,
    "sellingAndMarketingExpenses": 0,
    "sellingGeneralAndAdministrativeExpenses": 141900000,
    "otherExpenses": 161200000,
    "operatingExpenses": 303100000,
    "costAndExpenses": 547000000,
    "interestIncome": 0,
    "interestExpense": 0,
    "depreciationAndAmortization": 161200000,
    "ebitda": 271200000,
    "ebitdaratio": 0.4127853881,
    "operatingIncome": 110000000,
    "operatingIncomeRatio": 0.1674277017,
    "totalOtherIncomeExpensesNet": -293100000,
    "incomeBeforeTax": -183100000,
    "incomeBeforeTaxRatio": -0.2786910198,
    "incomeTaxExpense": -4700000,
    "netIncome": -178400000,
    "netIncomeRatio": -0.2715372907,
    "eps": -0.17,
    "epsdiluted": -0.17,
    "weightedAverageShsOut": 1067013663,
    "weightedAverageShsOutDil": 1067013663,
    "link": "",
    "finalLink": ""
  },
  {
    "date": "1989-12-31",
    "symbol": "CMCSA",
    "reportedCurrency": "USD",
    "cik": "0001166691",
    "fillingDate": "1989-12-31",
    "acceptedDate": "1989-12-30 19:00:00",
    "calendarYear": "1989",
    "period": "FY",
    "revenue": 562300000,
    "costOfRevenue": 208000000,
    "grossProfit": 354300000,
    "grossProfitRatio": 0.6300906989,
    "researchAndDevelopmentExpenses": 0,
    "generalAndAdministrativeExpenses": 0,
    "sellingAndMarketingExpenses": 0,
    "sellingGeneralAndAdministrativeExpenses": 130500000,
    "otherExpenses": 133900000,
    "operatingExpenses": 264400000,
    "costAndExpenses": 472400000,
    "interestIncome": 0,
    "interestExpense": 0,
    "depreciationAndAmortization": 133900000,
    "ebitda": 223800000,
    "ebitdaratio": 0.3980081807,
    "operatingIncome": 89900000,
    "operatingIncomeRatio": 0.1598790681,
    "totalOtherIncomeExpensesNet": -236800000,
    "incomeBeforeTax": -146900000,
    "incomeBeforeTaxRatio": -0.2612484439,
    "incomeTaxExpense": 1900000,
    "netIncome": -148800000,
    "netIncomeRatio": -0.2646274231,
    "eps": -0.15,
    "epsdiluted": -0.15,
    "weightedAverageShsOut": 1001626846,
    "weightedAverageShsOutDil": 1001626846,
    "link": "",
    "finalLink": ""
  },
  {
    "date": "1988-12-31",
    "symbol": "CMCSA",
    "reportedCurrency": "USD",
    "cik": "0001166691",
    "fillingDate": "1988-12-31",
    "acceptedDate": "1988-12-30 19:00:00",
    "calendarYear": "1988",
    "period": "FY",
    "revenue": 449900000,
    "costOfRevenue": 171400000,
    "grossProfit": 278500000,
    "grossProfitRatio": 0.6190264503,
    "researchAndDevelopmentExpenses": 0,
    "generalAndAdministrativeExpenses": 0,
    "sellingAndMarketingExpenses": 0,
    "sellingGeneralAndAdministrativeExpenses": 101600000,
    "otherExpenses": 111500000,
    "operatingExpenses": 213100000,
    "costAndExpenses": 384500000,
    "interestIncome": 0,
    "interestExpense": 0,
    "depreciationAndAmortization": 111500000,
    "ebitda": 176900000,
    "ebitdaratio": 0.3931984886,
    "operatingIncome": 65400000,
    "operatingIncomeRatio": 0.1453656368,
    "totalOtherIncomeExpensesNet": -109800000,
    "incomeBeforeTax": -44400000,
    "incomeBeforeTaxRatio": -0.0986885975,
    "incomeTaxExpense": 3200000,
    "netIncome": -47600000,
    "netIncomeRatio": -0.1058012892,
    "eps": -0.08,
    "epsdiluted": -0.08,
    "weightedAverageShsOut": 594702649,
    "weightedAverageShsOutDil": 594702649,
    "link": "",
    "finalLink": ""
  },
  {
    "date": "1987-12-31",
    "symbol": "CMCSA",
    "reportedCurrency": "USD",
    "cik": "0001166691",
    "fillingDate": "1987-12-31",
    "acceptedDate": "1987-12-30 19:00:00",
    "calendarYear": "1987",
    "period": "FY",
    "revenue": 309300000,
    "costOfRevenue": 118100000,
    "grossProfit": 191200000,
    "grossProfitRatio": 0.6181700614,
    "researchAndDevelopmentExpenses": 0,
    "generalAndAdministrativeExpenses": 0,
    "sellingAndMarketingExpenses": 0,
    "sellingGeneralAndAdministrativeExpenses": 78900000,
    "otherExpenses": 66100000,
    "operatingExpenses": 145000000,
    "costAndExpenses": 263100000,
    "interestIncome": 0,
    "interestExpense": 0,
    "depreciationAndAmortization": 66100000,
    "ebitda": 112300000,
    "ebitdaratio": 0.3630779179,
    "operatingIncome": 46200000,
    "operatingIncomeRatio": 0.1493695441,
    "totalOtherIncomeExpensesNet": -42500000,
    "incomeBeforeTax": 3700000,
    "incomeBeforeTaxRatio": 0.011962496,
    "incomeTaxExpense": 13100000,
    "netIncome": -9400000,
    "netIncomeRatio": -0.0303912059,
    "eps": -0.0167,
    "epsdiluted": -0.0167,
    "weightedAverageShsOut": 563718141,
    "weightedAverageShsOutDil": 563718141,
    "link": "",
    "finalLink": ""
  },
  {
    "date": "1986-12-31",
    "symbol": "CMCSA",
    "reportedCurrency": "USD",
    "cik": "0001166691",
    "fillingDate": "1986-12-31",
    "acceptedDate": "1986-12-30 19:00:00",
    "calendarYear": "1986",
    "period": "FY",
    "revenue": 130900000,
    "costOfRevenue": 50100000,
    "grossProfit": 80800000,
    "grossProfitRatio": 0.6172650879,
    "researchAndDevelopmentExpenses": 0,
    "generalAndAdministrativeExpenses": 0,
    "sellingAndMarketingExpenses": 0,
    "sellingGeneralAndAdministrativeExpenses": 34200000,
    "otherExpenses": 17800000,
    "operatingExpenses": 52000000,
    "costAndExpenses": 102100000,
    "interestIncome": 0,
    "interestExpense": 0,
    "depreciationAndAmortization": 17800000,
    "ebitda": 46600000,
    "ebitdaratio": 0.3559969442,
    "operatingIncome": 28800000,
    "operatingIncomeRatio": 0.2200152788,
    "totalOtherIncomeExpensesNet": -15400000,
    "incomeBeforeTax": 13400000,
    "incomeBeforeTaxRatio": 0.10236822,
    "incomeTaxExpense": 12400000,
    "netIncome": 1000000,
    "netIncomeRatio": 0.0076394194,
    "eps": 0.0016,
    "epsdiluted": 0.0016,
    "weightedAverageShsOut": 616834440,
    "weightedAverageShsOutDil": 616834440,
    "link": "",
    "finalLink": ""
  },
  {
    "date": "1985-12-31",
    "symbol": "CMCSA",
    "reportedCurrency": "USD",
    "cik": "0001166691",
    "fillingDate": "1985-12-31",
    "acceptedDate": "1985-12-30 19:00:00",
    "calendarYear": "1985",
    "period": "FY",
    "revenue": 117300000,
    "costOfRevenue": 47700000,
    "grossProfit": 69600000,
    "grossProfitRatio": 0.5933503836,
    "researchAndDevelopmentExpenses": 0,
    "generalAndAdministrativeExpenses": 0,
    "sellingAndMarketingExpenses": 0,
    "sellingGeneralAndAdministrativeExpenses": 32200000,
    "otherExpenses": 15600000,
    "operatingExpenses": 47800000,
    "costAndExpenses": 95500000,
    "interestIncome": 0,
    "interestExpense": 0,
    "depreciationAndAmortization": 15600000,
    "ebitda": 37400000,
    "ebitdaratio": 0.3188405797,
    "operatingIncome": 21800000,
    "operatingIncomeRatio": 0.1858482523,
    "totalOtherIncomeExpensesNet": 1500000,
    "incomeBeforeTax": 23300000,
    "incomeBeforeTaxRatio": 0.1986359761,
    "incomeTaxExpense": 8700000,
    "netIncome": 14600000,
    "netIncomeRatio": 0.1244671782,
    "eps": 0.0367,
    "epsdiluted": 0.0367,
    "weightedAverageShsOut": 397982827,
    "weightedAverageShsOutDil": 397982827,
    "link": "",
    "finalLink": ""
  }
]