[
  {
    "date": "2024-12-31",
    "symbol": "CME",
    "reportedCurrency": "USD",
    "cik": "0001156375",
    "fillingDate": "2025-02-27",
    "acceptedDate": "2025-02-27 16:30:05",
    "calendarYear": "2024",
    "period": "FY",
    "revenue": 6130100000,
    "costOfRevenue": 850300000,
    "grossProfit": 5279800000,
    "grossProfitRatio": 0.8612910067,
    "researchAndDevelopmentExpenses": 0,
    "generalAndAdministrativeExpenses": 132700000,
    "sellingAndMarketingExpenses": 0,
    "sellingGeneralAndAdministrativeExpenses": 132700000,
    "otherExpenses": 1215600000,
    "operatingExpenses": 1348300000,
    "costAndExpenses": 2198600000,
    "interestIncome": 0,
    "interestExpense": 160900000,
    "depreciationAndAmortization": 336800000,
    "ebitda": 5039100000,
    "ebitdaratio": 0.8220257418,
    "operatingIncome": 3931500000,
    "operatingIncomeRatio": 0.6413435344,
    "totalOtherIncomeExpensesNet": 609900000,
    "incomeBeforeTax": 4541400000,
    "incomeBeforeTaxRatio": 0.7408362017,
    "incomeTaxExpense": 1015600000,
    "netIncome": 3525800000,
    "netIncomeRatio": 0.575161906,
    "eps": 9.69,
    "epsdiluted": 9.67,
    "weightedAverageShsOut": 359389000,
    "weightedAverageShsOutDil": 359944000,
    "link": "https://www.sec.gov/Archives/edgar/data/1156375/000115637525000021/0001156375-25-000021-index.htm",
    "finalLink": "https://www.sec.gov/Archives/edgar/data/1156375/000115637525000021/cme-20241231.htm"
  },
  {
    "date": "2023-12-31",
    "symbol": "CME",
    "reportedCurrency": "USD",
    "cik": "0001156375",
    "fillingDate": "2024-02-28",
    "acceptedDate": "2024-02-28 15:24:36",
    "calendarYear": "2023",
    "period": "FY",
    "revenue": 5578900000,
    "costOfRevenue": 828600000,
    "grossProfit": 4750300000,
    "grossProfitRatio": 0.8514760974,
    "researchAndDevelopmentExpenses": 0,
    "generalAndAdministrativeExpenses": 144400000,
    "sellingAndMarketingExpenses": 0,
    "sellingGeneralAndAdministrativeExpenses": 144400000,
    "otherExpenses": 1170200000,
    "operatingExpenses": 1314600000,
    "costAndExpenses": 2143200000,
    "interestIncome": 0,
    "interestExpense": 159400000,
    "depreciationAndAmortization": 352600000,
    "ebitda": 4665600000,
    "ebitdaratio": 0.8362938931,
    "operatingIncome": 3435700000,
    "operatingIncomeRatio": 0.6158382477,
    "totalOtherIncomeExpensesNet": 717900000,
    "incomeBeforeTax": 4153600000,
    "incomeBeforeTaxRatio": 0.7445195289,
    "incomeTaxExpense": 927400000,
    "netIncome": 3226200000,
    "netIncomeRatio": 0.5782860421,
    "eps": 8.87,
    "epsdiluted": 8.86,
    "weightedAverageShsOut": 359023000,
    "weightedAverageShsOutDil": 359500000,
    "link": "https://www.sec.gov/Archives/edgar/data/1156375/000115637524000010/0001156375-24-000010-index.htm",
    "finalLink": "https://www.sec.gov/Archives/edgar/data/1156375/000115637524000010/cme-20231231.htm"
  },
  {
    "date": "2022-12-31",
    "symbol": "CME",
    "reportedCurrency": "USD",
    "cik": "0001156375",
    "fillingDate": "2023-02-27",
    "acceptedDate": "2023-02-27 17:01:05",
    "calendarYear": "2022",
    "period": "FY",
    "revenue": 5019400000,
    "costOfRevenue": 753100000,
    "grossProfit": 4266300000,
    "grossProfitRatio": 0.8499621469,
    "researchAndDevelopmentExpenses": 0,
    "generalAndAdministrativeExpenses": 137400000,
    "sellingAndMarketingExpenses": 0,
    "sellingGeneralAndAdministrativeExpenses": 137400000,
    "otherExpenses": 1113000000,
    "operatingExpenses": 1250400000,
    "costAndExpenses": 2003500000,
    "interestIncome": 0,
    "interestExpense": 162700000,
    "depreciationAndAmortization": 362600000,
    "ebitda": 4015600000,
    "ebitdaratio": 0.8000159382,
    "operatingIncome": 3015900000,
    "operatingIncomeRatio": 0.600848707,
    "totalOtherIncomeExpensesNet": 474400000,
    "incomeBeforeTax": 3490300000,
    "incomeBeforeTaxRatio": 0.6953619955,
    "incomeTaxExpense": 799300000,
    "netIncome": 2691000000,
    "netIncomeRatio": 0.536119855,
    "eps": 7.41,
    "epsdiluted": 7.4,
    "weightedAverageShsOut": 358713000,
    "weightedAverageShsOutDil": 359181000,
    "link": "https://www.sec.gov/Archives/edgar/data/1156375/000115637523000020/0001156375-23-000020-index.htm",
    "finalLink": "https://www.sec.gov/Archives/edgar/data/1156375/000115637523000020/cme-20221231.htm"
  },
  {
    "date": "2021-12-31",
    "symbol": "CME",
    "reportedCurrency": "USD",
    "cik": "0001156375",
    "fillingDate": "2022-02-25",
    "acceptedDate": "2022-02-25 14:51:32",
    "calendarYear": "2021",
    "period": "FY",
    "revenue": 4689700000,
    "costOfRevenue": 837000000,
    "grossProfit": 3852700000,
    "grossProfitRatio": 0.8215237648,
    "researchAndDevelopmentExpenses": 0,
    "generalAndAdministrativeExpenses": 151700000,
    "sellingAndMarketingExpenses": 0,
    "sellingGeneralAndAdministrativeExpenses": 151700000,
    "otherExpenses": 1055800000,
    "operatingExpenses": 1207500000,
    "costAndExpenses": 2044500000,
    "interestIncome": 0,
    "interestExpense": 166900000,
    "depreciationAndAmortization": 385400000,
    "ebitda": 3925900000,
    "ebitdaratio": 0.8371324392,
    "operatingIncome": 2645200000,
    "operatingIncomeRatio": 0.5640446084,
    "totalOtherIncomeExpensesNet": 728400000,
    "incomeBeforeTax": 3373600000,
    "incomeBeforeTaxRatio": 0.719363712,
    "incomeTaxExpense": 736700000,
    "netIncome": 2636400000,
    "netIncomeRatio": 0.5621681557,
    "eps": 7.3,
    "epsdiluted": 7.29,
    "weightedAverageShsOut": 358340000,
    "weightedAverageShsOutDil": 358929000,
    "link": "https://www.sec.gov/Archives/edgar/data/1156375/000115637522000076/0001156375-22-000076-index.htm",
    "finalLink": "https://www.sec.gov/Archives/edgar/data/1156375/000115637522000076/cme-20211231.htm"
  },
  {
    "date": "2020-12-31",
    "symbol": "CME",
    "reportedCurrency": "USD",
    "cik": "0001156375",
    "fillingDate": "2021-02-26",
    "acceptedDate": "2021-02-26 13:01:46",
    "calendarYear": "2020",
    "period": "FY",
    "revenue": 4883600000,
    "costOfRevenue": 856500000,
    "grossProfit": 4027100000,
    "grossProfitRatio": 0.8246170858,
    "researchAndDevelopmentExpenses": 0,
    "generalAndAdministrativeExpenses": 191300000,
    "sellingAndMarketingExpenses": 0,
    "sellingGeneralAndAdministrativeExpenses": 191300000,
    "otherExpenses": 1198400000,
    "operatingExpenses": 1389700000,
    "costAndExpenses": 2246200000,
    "interestIncome": 0,
    "interestExpense": 166200000,
    "depreciationAndAmortization": 464400000,
    "ebitda": 3352700000,
    "ebitdaratio": 0.6865222377,
    "operatingIncome": 2637400000,
    "operatingIncomeRatio": 0.5400524203,
    "totalOtherIncomeExpensesNet": 84700000,
    "incomeBeforeTax": 2722100000,
    "incomeBeforeTaxRatio": 0.5573961831,
    "incomeTaxExpense": 615700000,
    "netIncome": 2105200000,
    "netIncomeRatio": 0.4310754362,
    "eps": 5.88,
    "epsdiluted": 5.87,
    "weightedAverageShsOut": 357764000,
    "weightedAverageShsOutDil": 358524000,
    "link": "https://www.sec.gov/Archives/edgar/data/1156375/000115637521000020/0001156375-21-000020-index.htm",
    "finalLink": "https://www.sec.gov/Archives/edgar/data/1156375/000115637521000020/cme-20201231.htm"
  },
  {
    "date": "2019-12-31",
    "symbol": "CME",
    "reportedCurrency": "USD",
    "cik": "0001156375",
    "fillingDate": "2020-02-28",
    "acceptedDate": "2020-02-28 14:00:27",
    "calendarYear": "2019",
    "period": "FY",
    "revenue": 4868000000,
    "costOfRevenue": 898700000,
    "grossProfit": 3969300000,
    "grossProfitRatio": 0.8153861956,
    "researchAndDevelopmentExpenses": 0,
    "generalAndAdministrativeExpenses": 174100000,
    "sellingAndMarketingExpenses": 0,
    "sellingGeneralAndAdministrativeExpenses": 174100000,
    "otherExpenses": 1207400000,
    "operatingExpenses": 1381500000,
    "costAndExpenses": 2280200000,
    "interestIncome": 0,
    "interestExpense": 178000000,
    "depreciationAndAmortization": 2280200000,
    "ebitda": 3340900000,
    "ebitdaratio": 0.6862982744,
    "operatingIncome": 2587800000,
    "operatingIncomeRatio": 0.5315940838,
    "totalOtherIncomeExpensesNet": 101800000,
    "incomeBeforeTax": 2689600000,
    "incomeBeforeTaxRatio": 0.5525061627,
    "incomeTaxExpense": 573800000,
    "netIncome": 2116500000,
    "netIncomeRatio": 0.434778143,
    "eps": 5.93,
    "epsdiluted": 5.91,
    "weightedAverageShsOut": 357155000,
    "weightedAverageShsOutDil": 358239000,
    "link": "https://www.sec.gov/Archives/edgar/data/1156375/000115637520000013/0001156375-20-000013-index.htm",
    "finalLink": "https://www.sec.gov/Archives/edgar/data/1156375/000115637520000013/cme-2019123110k.htm"
  },
  {
    "date": "2018-12-31",
    "symbol": "CME",
    "reportedCurrency": "USD",
    "cik": "0001156375",
    "fillingDate": "2019-02-28",
    "acceptedDate": "2019-02-28 16:41:26",
    "calendarYear": "2018",
    "period": "FY",
    "revenue": 4309400000,
    "costOfRevenue": 672200000,
    "grossProfit": 3637200000,
    "grossProfitRatio": 0.8440154082,
    "researchAndDevelopmentExpenses": 0,
    "generalAndAdministrativeExpenses": 166100000,
    "sellingAndMarketingExpenses": 0,
    "sellingGeneralAndAdministrativeExpenses": 166100000,
    "otherExpenses": 863500000,
    "operatingExpenses": 1029600000,
    "costAndExpenses": 1701800000,
    "interestIncome": 0,
    "interestExpense": 157700000,
    "depreciationAndAmortization": 1764100000,
    "ebitda": 3184200000,
    "ebitdaratio": 0.7388963661,
    "operatingIncome": 2607600000,
    "operatingIncomeRatio": 0.605095837,
    "totalOtherIncomeExpensesNet": 170200000,
    "incomeBeforeTax": 2777800000,
    "incomeBeforeTaxRatio": 0.6445908943,
    "incomeTaxExpense": 814100000,
    "netIncome": 1962200000,
    "netIncomeRatio": 0.4553302084,
    "eps": 5.73,
    "epsdiluted": 5.71,
    "weightedAverageShsOut": 342344000,
    "weightedAverageShsOutDil": 343737000,
    "link": "https://www.sec.gov/Archives/edgar/data/1156375/000115637519000010/0001156375-19-000010-index.htm",
    "finalLink": "https://www.sec.gov/Archives/edgar/data/1156375/000115637519000010/cme-2018123110k.htm"
  },
  {
    "date": "2017-12-31",
    "symbol": "CME",
    "reportedCurrency": "USD",
    "cik": "0001156375",
    "fillingDate": "2018-03-01",
    "acceptedDate": "2018-02-28 18:15:07",
    "calendarYear": "2017",
    "period": "FY",
    "revenue": 3644700000,
    "costOfRevenue": 563900000,
    "grossProfit": 3080800000,
    "grossProfitRatio": 0.8452821906,
    "researchAndDevelopmentExpenses": 0,
    "generalAndAdministrativeExpenses": 117600000,
    "sellingAndMarketingExpenses": 0,
    "sellingGeneralAndAdministrativeExpenses": 117600000,
    "otherExpenses": 652600000,
    "operatingExpenses": 745900000,
    "costAndExpenses": 1332700000,
    "interestIncome": 0,
    "interestExpense": 117000000,
    "depreciationAndAmortization": 1334100000,
    "ebitda": 2851800000,
    "ebitdaratio": 0.7824512306,
    "operatingIncome": 2310600000,
    "operatingIncomeRatio": 0.6339616429,
    "totalOtherIncomeExpensesNet": 215700000,
    "incomeBeforeTax": 2526300000,
    "incomeBeforeTaxRatio": 0.6931434686,
    "incomeTaxExpense": -1537100000,
    "netIncome": 4063400000,
    "netIncomeRatio": 1.1148791396,
    "eps": 12,
    "epsdiluted": 11.94,
    "weightedAverageShsOut": 338707000,
    "weightedAverageShsOutDil": 340226000,
    "link": "https://www.sec.gov/Archives/edgar/data/1156375/000115637518000026/0001156375-18-000026-index.htm",
    "finalLink": "https://www.sec.gov/Archives/edgar/data/1156375/000115637518000026/cme-2017123110k.htm"
  },
  {
    "date": "2016-12-31",
    "symbol": "CME",
    "reportedCurrency": "USD",
    "cik": "0001156375",
    "fillingDate": "2017-02-27",
    "acceptedDate": "2017-02-27 16:01:59",
    "calendarYear": "2016",
    "period": "FY",
    "revenue": 3595200000,
    "costOfRevenue": 543200000,
    "grossProfit": 3052000000,
    "grossProfitRatio": 0.8489096573,
    "researchAndDevelopmentExpenses": 0,
    "generalAndAdministrativeExpenses": 144400000,
    "sellingAndMarketingExpenses": 0,
    "sellingGeneralAndAdministrativeExpenses": 144400000,
    "otherExpenses": 707100000,
    "operatingExpenses": 824700000,
    "costAndExpenses": 1392500000,
    "interestIncome": 0,
    "interestExpense": 123500000,
    "depreciationAndAmortization": 1490400000,
    "ebitda": 2636400000,
    "ebitdaratio": 0.7333110814,
    "operatingIncome": 2200500000,
    "operatingIncomeRatio": 0.6120660881,
    "totalOtherIncomeExpensesNet": 87100000,
    "incomeBeforeTax": 2287600000,
    "incomeBeforeTaxRatio": 0.6362928349,
    "incomeTaxExpense": 753500000,
    "netIncome": 1534100000,
    "netIncomeRatio": 0.4267078327,
    "eps": 4.55,
    "epsdiluted": 4.53,
    "weightedAverageShsOut": 337496000,
    "weightedAverageShsOutDil": 338966000,
    "link": "https://www.sec.gov/Archives/edgar/data/1156375/000115637517000016/0001156375-17-000016-index.htm",
    "finalLink": "https://www.sec.gov/Archives/edgar/data/1156375/000115637517000016/cme-2016123110k.htm"
  },
  {
    "date": "2015-12-31",
    "symbol": "CME",
    "reportedCurrency": "USD",
    "cik": "0001156375",
    "fillingDate": "2016-02-26",
    "acceptedDate": "2016-02-26 17:37:16",
    "calendarYear": "2015",
    "period": "FY",
    "revenue": 3326800000,
    "costOfRevenue": 581500000,
    "grossProfit": 2745300000,
    "grossProfitRatio": 0.8252074065,
    "researchAndDevelopmentExpenses": 0,
    "generalAndAdministrativeExpenses": 215300000,
    "sellingAndMarketingExpenses": 0,
    "sellingGeneralAndAdministrativeExpenses": 215300000,
    "otherExpenses": 541300000,
    "operatingExpenses": 756600000,
    "costAndExpenses": 1338100000,
    "interestIncome": 0,
    "interestExpense": 117400000,
    "depreciationAndAmortization": 129200000,
    "ebitda": 2302800000,
    "ebitdaratio": 0.6921967055,
    "operatingIncome": 1988700000,
    "operatingIncomeRatio": 0.597781652,
    "totalOtherIncomeExpensesNet": -31900000,
    "incomeBeforeTax": 1956800000,
    "incomeBeforeTaxRatio": 0.588192858,
    "incomeTaxExpense": 709800000,
    "netIncome": 1247000000,
    "netIncomeRatio": 0.374834676,
    "eps": 3.71,
    "epsdiluted": 3.69,
    "weightedAverageShsOut": 336224000,
    "weightedAverageShsOutDil": 337894000,
    "link": "https://www.sec.gov/Archives/edgar/data/1156375/000115637516000116/0001156375-16-000116-index.htm",
    "finalLink": "https://www.sec.gov/Archives/edgar/data/1156375/000115637516000116/cme-2015123110k.htm"
  },
  {
    "date": "2014-12-31",
    "symbol": "CME",
    "reportedCurrency": "USD",
    "cik": "0001156375",
    "fillingDate": "2015-02-26",
    "acceptedDate": "2015-02-26 17:22:18",
    "calendarYear": "2014",
    "period": "FY",
    "revenue": 3112500000,
    "costOfRevenue": 584100000,
    "grossProfit": 2528400000,
    "grossProfitRatio": 0.8123373494,
    "researchAndDevelopmentExpenses": 0,
    "generalAndAdministrativeExpenses": 225800000,
    "sellingAndMarketingExpenses": 0,
    "sellingGeneralAndAdministrativeExpenses": 225800000,
    "otherExpenses": 534200000,
    "operatingExpenses": 760000000,
    "costAndExpenses": 1344100000,
    "interestIncome": 0,
    "interestExpense": 119400000,
    "depreciationAndAmortization": 132600000,
    "ebitda": 2124000000,
    "ebitdaratio": 0.6824096386,
    "operatingIncome": 1768400000,
    "operatingIncomeRatio": 0.5681606426,
    "totalOtherIncomeExpensesNet": 3000000,
    "incomeBeforeTax": 1771400000,
    "incomeBeforeTaxRatio": 0.569124498,
    "incomeTaxExpense": 644500000,
    "netIncome": 1127100000,
    "netIncomeRatio": 0.3621204819,
    "eps": 3.37,
    "epsdiluted": 3.35,
    "weightedAverageShsOut": 334409000,
    "weightedAverageShsOutDil": 336063000,
    "link": "https://www.sec.gov/Archives/edgar/data/1156375/000115637515000014/0001156375-15-000014-index.htm",
    "finalLink": "https://www.sec.gov/Archives/edgar/data/1156375/000115637515000014/cme-2014123110k.htm"
  },
  {
    "date": "2013-12-31",
    "symbol": "CME",
    "reportedCurrency": "USD",
    "cik": "0001156375",
    "fillingDate": "2014-03-03",
    "acceptedDate": "2014-02-28 18:30:52",
    "calendarYear": "2013",
    "period": "FY",
    "revenue": 2936300000,
    "costOfRevenue": 554200000,
    "grossProfit": 2382100000,
    "grossProfitRatio": 0.8112590675,
    "researchAndDevelopmentExpenses": 0,
    "generalAndAdministrativeExpenses": 208600000,
    "sellingAndMarketingExpenses": 0,
    "sellingGeneralAndAdministrativeExpenses": 208600000,
    "otherExpenses": 536500000,
    "operatingExpenses": 745100000,
    "costAndExpenses": 1299300000,
    "interestIncome": 0,
    "interestExpense": 151400000,
    "depreciationAndAmortization": 135100000,
    "ebitda": 1990500000,
    "ebitdaratio": 0.6778939482,
    "operatingIncome": 1637000000,
    "operatingIncomeRatio": 0.5575043422,
    "totalOtherIncomeExpensesNet": -36000000,
    "incomeBeforeTax": 1601000000,
    "incomeBeforeTaxRatio": 0.5452440146,
    "incomeTaxExpense": 622900000,
    "netIncome": 976800000,
    "netIncomeRatio": 0.3326635562,
    "eps": 2.94,
    "epsdiluted": 2.92,
    "weightedAverageShsOut": 332678000,
    "weightedAverageShsOutDil": 334398000,
    "link": "https://www.sec.gov/Archives/edgar/data/1156375/000115637514000012/0001156375-14-000012-index.htm",
    "finalLink": "https://www.sec.gov/Archives/edgar/data/1156375/000115637514000012/cme-2013123110k.htm"
  },
  {
    "date": "2012-12-31",
    "symbol": "CME",
    "reportedCurrency": "USD",
    "cik": "0001156375",
    "fillingDate": "2013-03-01",
    "acceptedDate": "2013-02-28 19:54:19",
    "calendarYear": "2012",
    "period": "FY",
    "revenue": 2914600000,
    "costOfRevenue": 536800000,
    "grossProfit": 2377800000,
    "grossProfitRatio": 0.8158237837,
    "researchAndDevelopmentExpenses": 0,
    "generalAndAdministrativeExpenses": 203800000,
    "sellingAndMarketingExpenses": 0,
    "sellingGeneralAndAdministrativeExpenses": 203800000,
    "otherExpenses": 482000000,
    "operatingExpenses": 685800000,
    "costAndExpenses": 1222600000,
    "interestIncome": 0,
    "interestExpense": 132200000,
    "depreciationAndAmortization": 136900000,
    "ebitda": 2078700000,
    "ebitdaratio": 0.7132024978,
    "operatingIncome": 1692000000,
    "operatingIncomeRatio": 0.5805256296,
    "totalOtherIncomeExpensesNet": 1400000,
    "incomeBeforeTax": 1693400000,
    "incomeBeforeTaxRatio": 0.5810059699,
    "incomeTaxExpense": 786700000,
    "netIncome": 896300000,
    "netIncomeRatio": 0.3075207576,
    "eps": 2.71,
    "epsdiluted": 2.7,
    "weightedAverageShsOut": 331252000,
    "weightedAverageShsOutDil": 332319000,
    "link": "https://www.sec.gov/Archives/edgar/data/1156375/000115637513000007/0001156375-13-000007-index.htm",
    "finalLink": "https://www.sec.gov/Archives/edgar/data/1156375/000115637513000007/cme-2012123110k.htm"
  },
  {
    "date": "2011-12-31",
    "symbol": "CME",
    "reportedCurrency": "USD",
    "cik": "0001156375",
    "fillingDate": "2012-02-28",
    "acceptedDate": "2012-02-27 19:36:03",
    "calendarYear": "2011",
    "period": "FY",
    "revenue": 3280600000,
    "costOfRevenue": 518000000,
    "grossProfit": 2762600000,
    "grossProfitRatio": 0.8421020545,
    "researchAndDevelopmentExpenses": 0,
    "generalAndAdministrativeExpenses": 203600000,
    "sellingAndMarketingExpenses": 0,
    "sellingGeneralAndAdministrativeExpenses": 203600000,
    "otherExpenses": 537900000,
    "operatingExpenses": 422900000,
    "costAndExpenses": 1119100000,
    "interestIncome": 0,
    "interestExpense": 116900000,
    "depreciationAndAmortization": 128500000,
    "ebitda": 2313900000,
    "ebitdaratio": 0.7053282936,
    "operatingIncome": 2021100000,
    "operatingIncomeRatio": 0.6160763275,
    "totalOtherIncomeExpensesNet": -84600000,
    "incomeBeforeTax": 1936500000,
    "incomeBeforeTaxRatio": 0.5902883619,
    "incomeTaxExpense": 122100000,
    "netIncome": 1812300000,
    "netIncomeRatio": 0.5524294336,
    "eps": 5.45,
    "epsdiluted": 5.43,
    "weightedAverageShsOut": 332735000,
    "weightedAverageShsOutDil": 333810000,
    "link": "https://www.sec.gov/Archives/edgar/data/1156375/000115637512000016/0001156375-12-000016-index.htm",
    "finalLink": "https://www.sec.gov/Archives/edgar/data/1156375/000115637512000016/cme-2011123110k.htm"
  },
  {
    "date": "2010-12-31",
    "symbol": "CME",
    "reportedCurrency": "USD",
    "cik": "0001156375",
    "fillingDate": "2011-02-28",
    "acceptedDate": "2011-02-28 17:30:03",
    "calendarYear": "2010",
    "period": "FY",
    "revenue": 3003700000,
    "costOfRevenue": 472700000,
    "grossProfit": 2531000000,
    "grossProfitRatio": 0.8426274262,
    "researchAndDevelopmentExpenses": 0,
    "generalAndAdministrativeExpenses": 192400000,
    "sellingAndMarketingExpenses": 0,
    "sellingGeneralAndAdministrativeExpenses": 192400000,
    "otherExpenses": 507500000,
    "operatingExpenses": 532500000,
    "costAndExpenses": 1173200000,
    "interestIncome": 0,
    "interestExpense": 140300000,
    "depreciationAndAmortization": 129900000,
    "ebitda": 2120200000,
    "ebitdaratio": 0.7058627693,
    "operatingIncome": 1831100000,
    "operatingIncomeRatio": 0.6096148084,
    "totalOtherIncomeExpensesNet": -109200000,
    "incomeBeforeTax": 1721900000,
    "incomeBeforeTaxRatio": 0.5732596464,
    "incomeTaxExpense": 769800000,
    "netIncome": 951400000,
    "netIncomeRatio": 0.316742684,
    "eps": 2.87,
    "epsdiluted": 2.86,
    "weightedAverageShsOut": 331495000,
    "weightedAverageShsOutDil": 332475000,
    "link": "https://www.sec.gov/Archives/edgar/data/1156375/000119312511050252/0001193125-11-050252-index.htm",
    "finalLink": "https://www.sec.gov/Archives/edgar/data/1156375/000119312511050252/d10k.htm"
  },
  {
    "date": "2009-12-31",
    "symbol": "CME",
    "reportedCurrency": "USD",
    "cik": "0001156375",
    "fillingDate": "2010-02-26",
    "acceptedDate": "2010-02-26 17:26:57",
    "calendarYear": "2009",
    "period": "FY",
    "revenue": 2612800000,
    "costOfRevenue": 529300000,
    "grossProfit": 2083500000,
    "grossProfitRatio": 0.7974203919,
    "researchAndDevelopmentExpenses": 0,
    "generalAndAdministrativeExpenses": 0,
    "sellingAndMarketingExpenses": 0,
    "sellingGeneralAndAdministrativeExpenses": 165500000,
    "otherExpenses": 328900000,
    "operatingExpenses": 489100000,
    "costAndExpenses": 1018400000,
    "interestIncome": 2800000,
    "interestExpense": 134000000,
    "depreciationAndAmortization": 126300000,
    "ebitda": 1822900000,
    "ebitdaratio": 0.6976806491,
    "operatingIncome": 1589100000,
    "operatingIncomeRatio": 0.6081981017,
    "totalOtherIncomeExpensesNet": -151600000,
    "incomeBeforeTax": 1437500000,
    "incomeBeforeTaxRatio": 0.5501760563,
    "incomeTaxExpense": 611700000,
    "netIncome": 825800000,
    "netIncomeRatio": 0.3160593999,
    "eps": 2.49,
    "epsdiluted": 2.48,
    "weightedAverageShsOut": 331830000,
    "weightedAverageShsOutDil": 332740000,
    "link": "https://www.sec.gov/Archives/edgar/data/1156375/000119312510043180/0001193125-10-043180-index.htm",
    "finalLink": "https://www.sec.gov/Archives/edgar/data/1156375/000119312510043180/d10k.htm"
  },
  {
    "date": "2008-12-31",
    "symbol": "CME",
    "reportedCurrency": "USD",
    "cik": "0001156375",
    "fillingDate": "2009-03-02",
    "acceptedDate": "2009-03-02 14:50:46",
    "calendarYear": "2008",
    "period": "FY",
    "revenue": 2561000000,
    "costOfRevenue": 501400000,
    "grossProfit": 2059600000,
    "grossProfitRatio": 0.8042171027,
    "researchAndDevelopmentExpenses": 0,
    "generalAndAdministrativeExpenses": 0,
    "sellingAndMarketingExpenses": 141647000,
    "sellingGeneralAndAdministrativeExpenses": 141700000,
    "otherExpenses": 335700000,
    "operatingExpenses": 544481000,
    "costAndExpenses": 973985000,
    "interestIncome": 38300000,
    "interestExpense": 108200000,
    "depreciationAndAmortization": 137341000,
    "ebitda": 1592200000,
    "ebitdaratio": 0.6217102694,
    "operatingIncome": 1582200000,
    "operatingIncomeRatio": 0.6178055447,
    "totalOtherIncomeExpensesNet": -334231000,
    "incomeBeforeTax": 1247964000,
    "incomeBeforeTaxRatio": 0.4872955877,
    "incomeTaxExpense": 532478000,
    "netIncome": 715486000,
    "netIncomeRatio": 0.2793775869,
    "eps": 2.44,
    "epsdiluted": 2.43,
    "weightedAverageShsOut": 293690000,
    "weightedAverageShsOutDil": 294835000,
    "link": "https://www.sec.gov/Archives/edgar/data/1156375/000119312509042361/0001193125-09-042361-index.htm",
    "finalLink": "https://www.sec.gov/Archives/edgar/data/1156375/000119312509042361/d10k.htm"
  },
  {
    "date": "2007-12-31",
    "symbol": "CME",
    "reportedCurrency": "USD",
    "cik": "0001156375",
    "fillingDate": "2008-02-28",
    "acceptedDate": "2008-02-27 21:14:31",
    "calendarYear": "2007",
    "period": "FY",
    "revenue": 1756101000,
    "costOfRevenue": 357298000,
    "grossProfit": 1398803000,
    "grossProfitRatio": 0.7965390373,
    "researchAndDevelopmentExpenses": 0,
    "generalAndAdministrativeExpenses": 0,
    "sellingAndMarketingExpenses": 0,
    "sellingGeneralAndAdministrativeExpenses": 136995000,
    "otherExpenses": 211315000,
    "operatingExpenses": 322251000,
    "costAndExpenses": 679549000,
    "interestIncome": 0,
    "interestExpense": 0,
    "depreciationAndAmortization": 105653000,
    "ebitda": 1219247000,
    "ebitdaratio": 0.6942920709,
    "operatingIncome": 1050493000,
    "operatingIncomeRatio": 0.5981962313,
    "totalOtherIncomeExpensesNet": 45309000,
    "incomeBeforeTax": 1095802000,
    "incomeBeforeTaxRatio": 0.6239971391,
    "incomeTaxExpense": 437269000,
    "netIncome": 658533000,
    "netIncomeRatio": 0.374997224,
    "eps": 3.01,
    "epsdiluted": 2.99,
    "weightedAverageShsOut": 218770000,
    "weightedAverageShsOutDil": 220535000,
    "link": "https://www.sec.gov/Archives/edgar/data/1156375/000119312508040449/0001193125-08-040449-index.htm",
    "finalLink": "https://www.sec.gov/Archives/edgar/data/1156375/000119312508040449/d10k.htm"
  },
  {
    "date": "2006-12-31",
    "symbol": "CME",
    "reportedCurrency": "USD",
    "cik": "0001156375",
    "fillingDate": "2007-03-01",
    "acceptedDate": "2007-02-28 20:47:10",
    "calendarYear": "2006",
    "period": "FY",
    "revenue": 1089947000,
    "costOfRevenue": 300062000,
    "grossProfit": 789885000,
    "grossProfitRatio": 0.7247003753,
    "researchAndDevelopmentExpenses": 0,
    "generalAndAdministrativeExpenses": 79507000,
    "sellingAndMarketingExpenses": 16740000,
    "sellingGeneralAndAdministrativeExpenses": 96247000,
    "otherExpenses": 72783000,
    "operatingExpenses": 169030000,
    "costAndExpenses": 469092000,
    "interestIncome": 0,
    "interestExpense": 0,
    "depreciationAndAmortization": 72783000,
    "ebitda": 696178000,
    "ebitdaratio": 0.6387264702,
    "operatingIncome": 620855000,
    "operatingIncomeRatio": 0.5696194402,
    "totalOtherIncomeExpensesNet": 50802000,
    "incomeBeforeTax": 671657000,
    "incomeBeforeTaxRatio": 0.616229046,
    "incomeTaxExpense": 264309000,
    "netIncome": 407348000,
    "netIncomeRatio": 0.3737319338,
    "eps": 2.35,
    "epsdiluted": 2.32,
    "weightedAverageShsOut": 173480000,
    "weightedAverageShsOutDil": 175620000,
    "link": "https://www.sec.gov/Archives/edgar/data/1156375/000119312507043084/0001193125-07-043084-index.htm",
    "finalLink": "https://www.sec.gov/Archives/edgar/data/1156375/000119312507043084/d10k.htm"
  },
  {
    "date": "2005-12-31",
    "symbol": "CME",
    "reportedCurrency": "USD",
    "cik": "0001156375",
    "fillingDate": "2006-03-06",
    "acceptedDate": "2006-03-06 17:27:57",
    "calendarYear": "2005",
    "period": "FY",
    "revenue": 889766000,
    "costOfRevenue": 264379000,
    "grossProfit": 625387000,
    "grossProfitRatio": 0.7028668212,
    "researchAndDevelopmentExpenses": 0,
    "generalAndAdministrativeExpenses": 46511000,
    "sellingAndMarketingExpenses": 0,
    "sellingGeneralAndAdministrativeExpenses": 59789000,
    "otherExpenses": 87971000,
    "operatingExpenses": 344253000,
    "costAndExpenses": 412139000,
    "interestIncome": 0,
    "interestExpense": 0,
    "depreciationAndAmortization": 68221000,
    "ebitda": 545848000,
    "ebitdaratio": 0.6134736549,
    "operatingIncome": 477627000,
    "operatingIncomeRatio": 0.5368006869,
    "totalOtherIncomeExpensesNet": 87566000,
    "incomeBeforeTax": 508379000,
    "incomeBeforeTaxRatio": 0.571362583,
    "incomeTaxExpense": 201522000,
    "netIncome": 306857000,
    "netIncomeRatio": 0.3448738208,
    "eps": 1.79,
    "epsdiluted": 1.76,
    "weightedAverageShsOut": 171575000,
    "weightedAverageShsOutDil": 174195000,
    "link": "https://www.sec.gov/Archives/edgar/data/1156375/000119312506046258/0001193125-06-046258-index.htm",
    "finalLink": "https://www.sec.gov/Archives/edgar/data/1156375/000119312506046258/d10k.htm"
  },
  {
    "date": "2004-12-31",
    "symbol": "CME",
    "reportedCurrency": "USD",
    "cik": "0001156375",
    "fillingDate": "2005-03-10",
    "acceptedDate": "2005-03-10 17:24:54",
    "calendarYear": "2004",
    "period": "FY",
    "revenue": 721554000,
    "costOfRevenue": 238062000,
    "grossProfit": 483492000,
    "grossProfitRatio": 0.6700704313,
    "researchAndDevelopmentExpenses": 0,
    "generalAndAdministrativeExpenses": 39438000,
    "sellingAndMarketingExpenses": 0,
    "sellingGeneralAndAdministrativeExpenses": 50411000,
    "otherExpenses": 77660000,
    "operatingExpenses": 314688000,
    "costAndExpenses": 366133000,
    "interestIncome": 0,
    "interestExpense": 0,
    "depreciationAndAmortization": 56928000,
    "ebitda": 412349000,
    "ebitdaratio": 0.5714735141,
    "operatingIncome": 355421000,
    "operatingIncomeRatio": 0.4925771321,
    "totalOtherIncomeExpensesNet": -19013000,
    "incomeBeforeTax": 367656000,
    "incomeBeforeTaxRatio": 0.50953359,
    "incomeTaxExpense": 148101000,
    "netIncome": 219555000,
    "netIncomeRatio": 0.3042807607,
    "eps": 1.31,
    "epsdiluted": 1.28,
    "weightedAverageShsOut": 167723465,
    "weightedAverageShsOutDil": 172054400,
    "link": "https://www.sec.gov/Archives/edgar/data/1156375/000119312505046676/0001193125-05-046676-index.htm",
    "finalLink": "https://www.sec.gov/Archives/edgar/data/1156375/000119312505046676/d10k.htm"
  },
  {
    "date": "2003-12-31",
    "symbol": "CME",
    "reportedCurrency": "USD",
    "cik": "0001156375",
    "fillingDate": "2004-03-11",
    "acceptedDate": "2004-03-11 13:35:36",
    "calendarYear": "2003",
    "period": "FY",
    "revenue": 536041000,
    "costOfRevenue": 46583000,
    "grossProfit": 489458000,
    "grossProfitRatio": 0.9130980653,
    "researchAndDevelopmentExpenses": 0,
    "generalAndAdministrativeExpenses": 0,
    "sellingAndMarketingExpenses": 0,
    "sellingGeneralAndAdministrativeExpenses": 230317000,
    "otherExpenses": 53016000,
    "operatingExpenses": 283333000,
    "costAndExpenses": 329916000,
    "interestIncome": 0,
    "interestExpense": 0,
    "depreciationAndAmortization": 53016000,
    "ebitda": 259141000,
    "ebitdaratio": 0.4834350358,
    "operatingIncome": 206125000,
    "operatingIncomeRatio": 0.3845321533,
    "totalOtherIncomeExpensesNet": 0,
    "incomeBeforeTax": 206125000,
    "incomeBeforeTaxRatio": 0.3845321533,
    "incomeTaxExpense": 83993000,
    "netIncome": 122132000,
    "netIncomeRatio": 0.2278407808,
    "eps": 0.75,
    "epsdiluted": 0.72,
    "weightedAverageShsOut": 163457135,
    "weightedAverageShsOutDil": 169674790,
    "link": "https://www.sec.gov/Archives/edgar/data/1156375/000119312504038979/0001193125-04-038979-index.htm",
    "finalLink": "https://www.sec.gov/Archives/edgar/data/1156375/000119312504038979/d10k.htm"
  },
  {
    "date": "2002-12-31",
    "symbol": "CME",
    "reportedCurrency": "USD",
    "cik": "0001156375",
    "fillingDate": "2003-03-21",
    "acceptedDate": "2003-03-21 16:58:23",
    "calendarYear": "2002",
    "period": "FY",
    "revenue": 469079000,
    "costOfRevenue": 39857000,
    "grossProfit": 429222000,
    "grossProfitRatio": 0.91503137,
    "researchAndDevelopmentExpenses": 0,
    "generalAndAdministrativeExpenses": 0,
    "sellingAndMarketingExpenses": 0,
    "sellingGeneralAndAdministrativeExpenses": 204342000,
    "otherExpenses": 48509000,
    "operatingExpenses": 252851000,
    "costAndExpenses": 292708000,
    "interestIncome": 0,
    "interestExpense": 0,
    "depreciationAndAmortization": 48509000,
    "ebitda": 224880000,
    "ebitdaratio": 0.4794075198,
    "operatingIncome": 176371000,
    "operatingIncomeRatio": 0.3759942355,
    "totalOtherIncomeExpensesNet": -22142000,
    "incomeBeforeTax": 154229000,
    "incomeBeforeTaxRatio": 0.3287910992,
    "incomeTaxExpense": 60162000,
    "netIncome": 94067000,
    "netIncomeRatio": 0.2005355175,
    "eps": 0.65,
    "epsdiluted": 0.63,
    "weightedAverageShsOut": 145331210,
    "weightedAverageShsOutDil": 150302685,
    "link": "https://www.sec.gov/Archives/edgar/data/1156375/000104746903009665/0001047469-03-009665-index.htm",
    "finalLink": "https://www.sec.gov/Archives/edgar/data/1156375/000104746903009665/a2104660z10-k.htm"
  },
  {
    "date": "2001-12-31",
    "symbol": "CME",
    "reportedCurrency": "USD",
    "cik": "0001156375",
    "fillingDate": "2002-06-10",
    "acceptedDate": "2002-06-07 20:21:15",
    "calendarYear": "2001",
    "period": "FY",
    "revenue": 396630000,
    "costOfRevenue": 35070000,
    "grossProfit": 361560000,
    "grossProfitRatio": 0.911580062,
    "researchAndDevelopmentExpenses": 0,
    "generalAndAdministrativeExpenses": 0,
    "sellingAndMarketingExpenses": 0,
    "sellingGeneralAndAdministrativeExpenses": 200079000,
    "otherExpenses": 37639000,
    "operatingExpenses": 237718000,
    "costAndExpenses": 272788000,
    "interestIncome": 0,
    "interestExpense": 0,
    "depreciationAndAmortization": 37639000,
    "ebitda": 161481000,
    "ebitdaratio": 0.4071325921,
    "operatingIncome": 123842000,
    "operatingIncomeRatio": 0.3122355848,
    "totalOtherIncomeExpensesNet": -9477000,
    "incomeBeforeTax": 114365000,
    "incomeBeforeTaxRatio": 0.2883417795,
    "incomeTaxExpense": 46063000,
    "netIncome": 68302000,
    "netIncomeRatio": 0.1722058342,
    "eps": 0.47,
    "epsdiluted": 0.47,
    "weightedAverageShsOut": 143873500,
    "weightedAverageShsOutDil": 146366445,
    "link": "https://www.sec.gov/Archives/edgar/data/1156375/000091205702023501/0000912057-02-023501-index.htm",
    "finalLink": "https://www.sec.gov/Archives/edgar/data/1156375/000091205702023501/a2082050z10-ka.txt"
  },
  {
    "date": "2000-12-31",
    "symbol": "CME",
    "reportedCurrency": "USD",
    "cik": "0001156375",
    "fillingDate": "2000-12-31",
    "acceptedDate": "2000-12-30 19:00:00",
    "calendarYear": "2000",
    "period": "FY",
    "revenue": 226552000,
    "costOfRevenue": 0,
    "grossProfit": 0,
    "grossProfitRatio": 0,
    "researchAndDevelopmentExpenses": 0,
    "generalAndAdministrativeExpenses": 0,
    "sellingAndMarketingExpenses": 5219000,
    "sellingGeneralAndAdministrativeExpenses": 5219000,
    "otherExpenses": 229416000,
    "operatingExpenses": 234635000,
    "costAndExpenses": 234635000,
    "interestIncome": 0,
    "interestExpense": 0,
    "depreciationAndAmortization": 33489000,
    "ebitda": 25406000,
    "ebitdaratio": 0.1121420248,
    "operatingIncome": -8083000,
    "operatingIncomeRatio": -0.0356783432,
    "totalOtherIncomeExpensesNet": 0,
    "incomeBeforeTax": -8083000,
    "incomeBeforeTaxRatio": -0.0356783432,
    "incomeTaxExpense": -3339000,
    "netIncome": -5909000,
    "netIncomeRatio": -0.0260823122,
    "eps": -0.0411,
    "epsdiluted": -0.0411,
    "weightedAverageShsOut": 143873500,
    "weightedAverageShsOutDil": 143873500,
    "link": "",
    "finalLink": ""
  }
]