[
  {
    "date": "2025-06-30",
    "symbol": "CMG",
    "reportedCurrency": "USD",
    "cik": "0001058090",
    "fillingDate": "2025-07-24",
    "acceptedDate": "2025-07-23 18:05:05",
    "calendarYear": "2025",
    "period": "Q2",
    "revenue": 3063393000,
    "costOfRevenue": 910511000,
    "grossProfit": 2152882000,
    "grossProfitRatio": 0.7027769535,
    "researchAndDevelopmentExpenses": 0,
    "generalAndAdministrativeExpenses": 172151000,
    "sellingAndMarketingExpenses": 0,
    "sellingGeneralAndAdministrativeExpenses": 172151000,
    "otherExpenses": 1421674000,
    "operatingExpenses": 1593825000,
    "costAndExpenses": 2504336000,
    "interestIncome": 0,
    "interestExpense": 0,
    "depreciationAndAmortization": 90945000,
    "ebitda": 668357000,
    "ebitdaratio": 0.2181754022,
    "operatingIncome": 559057000,
    "operatingIncomeRatio": 0.1824960101,
    "totalOtherIncomeExpensesNet": 18355000,
    "incomeBeforeTax": 577412000,
    "incomeBeforeTaxRatio": 0.1884877324,
    "incomeTaxExpense": 141285000,
    "netIncome": 436127000,
    "netIncomeRatio": 0.1423673032,
    "eps": 0.32,
    "epsdiluted": 0.32,
    "weightedAverageShsOut": 1344955000,
    "weightedAverageShsOutDil": 1350236000,
    "link": "https://www.sec.gov/Archives/edgar/data/1058090/000105809025000056/0001058090-25-000056-index.htm",
    "finalLink": "https://www.sec.gov/Archives/edgar/data/1058090/000105809025000056/cmg-20250630.htm"
  },
  {
    "date": "2025-03-31",
    "symbol": "CMG",
    "reportedCurrency": "USD",
    "cik": "0001058090",
    "fillingDate": "2025-04-24",
    "acceptedDate": "2025-04-23 19:32:55",
    "calendarYear": "2025",
    "period": "Q1",
    "revenue": 2875253000,
    "costOfRevenue": 2121631000,
    "grossProfit": 753622000,
    "grossProfitRatio": 0.2621063259,
    "researchAndDevelopmentExpenses": 0,
    "generalAndAdministrativeExpenses": 172783000,
    "sellingAndMarketingExpenses": 0,
    "sellingGeneralAndAdministrativeExpenses": 172783000,
    "otherExpenses": 101589000,
    "operatingExpenses": 274372000,
    "costAndExpenses": 2396003000,
    "interestIncome": 22253000,
    "interestExpense": 0,
    "depreciationAndAmortization": 87211000,
    "ebitda": 580839000,
    "ebitdaratio": 0.2020131794,
    "operatingIncome": 479250000,
    "operatingIncomeRatio": 0.1666809842,
    "totalOtherIncomeExpensesNet": 22253000,
    "incomeBeforeTax": 501503000,
    "incomeBeforeTaxRatio": 0.1744204771,
    "incomeTaxExpense": 114904000,
    "netIncome": 386599000,
    "netIncomeRatio": 0.1344573851,
    "eps": 0.29,
    "epsdiluted": 0.28,
    "weightedAverageShsOut": 1354518000,
    "weightedAverageShsOutDil": 1360719000,
    "link": "https://www.sec.gov/Archives/edgar/data/1058090/000105809025000031/0001058090-25-000031-index.htm",
    "finalLink": "https://www.sec.gov/Archives/edgar/data/1058090/000105809025000031/cmg-20250331.htm"
  },
  {
    "date": "2024-12-31",
    "symbol": "CMG",
    "reportedCurrency": "USD",
    "cik": "0001058090",
    "fillingDate": "2025-02-05",
    "acceptedDate": "2025-02-05 16:24:21",
    "calendarYear": "2024",
    "period": "Q4",
    "revenue": 2845310000,
    "costOfRevenue": 2141049000,
    "grossProfit": 704261000,
    "grossProfitRatio": 0.2475164393,
    "researchAndDevelopmentExpenses": 0,
    "generalAndAdministrativeExpenses": 191216000,
    "sellingAndMarketingExpenses": 0,
    "sellingGeneralAndAdministrativeExpenses": 191216000,
    "otherExpenses": 97313000,
    "operatingExpenses": 288529000,
    "costAndExpenses": 2429578000,
    "interestIncome": 23365000,
    "interestExpense": 0,
    "depreciationAndAmortization": 83876000,
    "ebitda": 513045000,
    "ebitdaratio": 0.1803125143,
    "operatingIncome": 415732000,
    "operatingIncomeRatio": 0.14611132,
    "totalOtherIncomeExpensesNet": 23365000,
    "incomeBeforeTax": 439097000,
    "incomeBeforeTaxRatio": 0.154323079,
    "incomeTaxExpense": 107333000,
    "netIncome": 331764000,
    "netIncomeRatio": 0.1166003001,
    "eps": 0.24,
    "epsdiluted": 0.24,
    "weightedAverageShsOut": 1361358000,
    "weightedAverageShsOutDil": 1368923000,
    "link": "https://www.sec.gov/Archives/edgar/data/1058090/000105809025000014/0001058090-25-000014-index.htm",
    "finalLink": "https://www.sec.gov/Archives/edgar/data/1058090/000105809025000014/cmg-20241231.htm"
  },
  {
    "date": "2024-09-30",
    "symbol": "CMG",
    "reportedCurrency": "USD",
    "cik": "0001058090",
    "fillingDate": "2024-10-30",
    "acceptedDate": "2024-10-29 19:10:08",
    "calendarYear": "2024",
    "period": "Q3",
    "revenue": 2793576000,
    "costOfRevenue": 2081395000,
    "grossProfit": 712181000,
    "grossProfitRatio": 0.2549352514,
    "researchAndDevelopmentExpenses": 0,
    "generalAndAdministrativeExpenses": 126614000,
    "sellingAndMarketingExpenses": 0,
    "sellingGeneralAndAdministrativeExpenses": 126614000,
    "otherExpenses": 112311000,
    "operatingExpenses": 238925000,
    "costAndExpenses": 2320320000,
    "interestIncome": 29307000,
    "interestExpense": 0,
    "depreciationAndAmortization": 84349000,
    "ebitda": 585567000,
    "ebitdaratio": 0.2096119812,
    "operatingIncome": 473256000,
    "operatingIncomeRatio": 0.1694086719,
    "totalOtherIncomeExpensesNet": 29307000,
    "incomeBeforeTax": 502563000,
    "incomeBeforeTaxRatio": 0.1798995266,
    "incomeTaxExpense": 115175000,
    "netIncome": 387388000,
    "netIncomeRatio": 0.1386710081,
    "eps": 0.28,
    "epsdiluted": 0.28,
    "weightedAverageShsOut": 1367038000,
    "weightedAverageShsOutDil": 1374605000,
    "link": "https://www.sec.gov/Archives/edgar/data/1058090/000105809024000050/0001058090-24-000050-index.htm",
    "finalLink": "https://www.sec.gov/Archives/edgar/data/1058090/000105809024000050/cmg-20240930.htm"
  },
  {
    "date": "2024-06-30",
    "symbol": "CMG",
    "reportedCurrency": "USD",
    "cik": "0001058090",
    "fillingDate": "2024-07-25",
    "acceptedDate": "2024-07-25 16:08:34",
    "calendarYear": "2024",
    "period": "Q2",
    "revenue": 2973117000,
    "costOfRevenue": 2113717000,
    "grossProfit": 859400000,
    "grossProfitRatio": 0.2890569056,
    "researchAndDevelopmentExpenses": 0,
    "generalAndAdministrativeExpenses": 175028000,
    "sellingAndMarketingExpenses": 0,
    "sellingGeneralAndAdministrativeExpenses": 175028000,
    "otherExpenses": 98319000,
    "operatingExpenses": 273347000,
    "costAndExpenses": 2387064000,
    "interestIncome": 21861000,
    "interestExpense": 0,
    "depreciationAndAmortization": 83562000,
    "ebitda": 684372000,
    "ebitdaratio": 0.230186703,
    "operatingIncome": 586053000,
    "operatingIncomeRatio": 0.1971173687,
    "totalOtherIncomeExpensesNet": 21861000,
    "incomeBeforeTax": 607914000,
    "incomeBeforeTaxRatio": 0.204470258,
    "incomeTaxExpense": 152243000,
    "netIncome": 455671000,
    "netIncomeRatio": 0.1532637296,
    "eps": 0.33,
    "epsdiluted": 0.33,
    "weightedAverageShsOut": 1372800000,
    "weightedAverageShsOutDil": 1381518000,
    "link": "https://www.sec.gov/Archives/edgar/data/1058090/000105809024000032/0001058090-24-000032-index.htm",
    "finalLink": "https://www.sec.gov/Archives/edgar/data/1058090/000105809024000032/cmg-20240630.htm"
  },
  {
    "date": "2024-03-31",
    "symbol": "CMG",
    "reportedCurrency": "USD",
    "cik": "0001058090",
    "fillingDate": "2024-04-25",
    "acceptedDate": "2024-04-25 15:51:35",
    "calendarYear": "2024",
    "period": "Q1",
    "revenue": 2701848000,
    "costOfRevenue": 1959998000,
    "grossProfit": 741850000,
    "grossProfitRatio": 0.2745713304,
    "researchAndDevelopmentExpenses": 0,
    "generalAndAdministrativeExpenses": 204625000,
    "sellingAndMarketingExpenses": 0,
    "sellingGeneralAndAdministrativeExpenses": 204625000,
    "otherExpenses": 95933000,
    "operatingExpenses": 300558000,
    "costAndExpenses": 2260556000,
    "interestIncome": 19364000,
    "interestExpense": 0,
    "depreciationAndAmortization": 83243000,
    "ebitda": 537225000,
    "ebitdaratio": 0.1988361299,
    "operatingIncome": 441292000,
    "operatingIncomeRatio": 0.1633296914,
    "totalOtherIncomeExpensesNet": 19364000,
    "incomeBeforeTax": 460656000,
    "incomeBeforeTaxRatio": 0.1704966379,
    "incomeTaxExpense": 101369000,
    "netIncome": 359287000,
    "netIncomeRatio": 0.132978243,
    "eps": 0.26,
    "epsdiluted": 0.26,
    "weightedAverageShsOut": 1372200000,
    "weightedAverageShsOutDil": 1381200000,
    "link": "https://www.sec.gov/Archives/edgar/data/1058090/000105809024000015/0001058090-24-000015-index.htm",
    "finalLink": "https://www.sec.gov/Archives/edgar/data/1058090/000105809024000015/cmg-20240331.htm"
  },
  {
    "date": "2023-12-31",
    "symbol": "CMG",
    "reportedCurrency": "USD",
    "cik": "0001058090",
    "fillingDate": "2024-02-08",
    "acceptedDate": "2024-02-07 18:24:05",
    "calendarYear": "2023",
    "period": "Q4",
    "revenue": 2516320000,
    "costOfRevenue": 1878016000,
    "grossProfit": 638304000,
    "grossProfitRatio": 0.2536656705,
    "researchAndDevelopmentExpenses": 0,
    "generalAndAdministrativeExpenses": 169247000,
    "sellingAndMarketingExpenses": 0,
    "sellingGeneralAndAdministrativeExpenses": 169247000,
    "otherExpenses": 105610000,
    "operatingExpenses": 274857000,
    "costAndExpenses": 2152873000,
    "interestIncome": 18906000,
    "interestExpense": 0,
    "depreciationAndAmortization": 85492000,
    "ebitda": 469057000,
    "ebitdaratio": 0.186405942,
    "operatingIncome": 363447000,
    "operatingIncomeRatio": 0.1444359223,
    "totalOtherIncomeExpensesNet": 18906000,
    "incomeBeforeTax": 382353000,
    "incomeBeforeTaxRatio": 0.1519492751,
    "incomeTaxExpense": 100267000,
    "netIncome": 282086000,
    "netIncomeRatio": 0.1121025943,
    "eps": 0.21,
    "epsdiluted": 0.2,
    "weightedAverageShsOut": 1372000000,
    "weightedAverageShsOutDil": 1381050000,
    "link": "https://www.sec.gov/Archives/edgar/data/1058090/000156276224000023/0001562762-24-000023-index.htm",
    "finalLink": "https://www.sec.gov/Archives/edgar/data/1058090/000156276224000023/cmg-20231231x10k.htm"
  },
  {
    "date": "2023-09-30",
    "symbol": "CMG",
    "reportedCurrency": "USD",
    "cik": "0001058090",
    "fillingDate": "2023-10-27",
    "acceptedDate": "2023-10-26 19:05:33",
    "calendarYear": "2023",
    "period": "Q3",
    "revenue": 2471948000,
    "costOfRevenue": 1822105000,
    "grossProfit": 649843000,
    "grossProfitRatio": 0.2628870025,
    "researchAndDevelopmentExpenses": 0,
    "generalAndAdministrativeExpenses": 159501000,
    "sellingAndMarketingExpenses": 0,
    "sellingGeneralAndAdministrativeExpenses": 159501000,
    "otherExpenses": 95392000,
    "operatingExpenses": 254893000,
    "costAndExpenses": 2076998000,
    "interestIncome": 18392000,
    "interestExpense": 0,
    "depreciationAndAmortization": 78546000,
    "ebitda": 490342000,
    "ebitdaratio": 0.1983625869,
    "operatingIncome": 394950000,
    "operatingIncomeRatio": 0.1597727784,
    "totalOtherIncomeExpensesNet": 18392000,
    "incomeBeforeTax": 413342000,
    "incomeBeforeTaxRatio": 0.1672130644,
    "incomeTaxExpense": 100125000,
    "netIncome": 313217000,
    "netIncomeRatio": 0.1267085715,
    "eps": 0.23,
    "epsdiluted": 0.23,
    "weightedAverageShsOut": 1377500000,
    "weightedAverageShsOutDil": 1384050000,
    "link": "https://www.sec.gov/Archives/edgar/data/1058090/000105809023000041/0001058090-23-000041-index.htm",
    "finalLink": "https://www.sec.gov/Archives/edgar/data/1058090/000105809023000041/cmg-20230930x10q.htm"
  },
  {
    "date": "2023-06-30",
    "symbol": "CMG",
    "reportedCurrency": "USD",
    "cik": "0001058090",
    "fillingDate": "2023-07-28",
    "acceptedDate": "2023-07-28 11:52:40",
    "calendarYear": "2023",
    "period": "Q2",
    "revenue": 2514801000,
    "costOfRevenue": 1823946000,
    "grossProfit": 690855000,
    "grossProfitRatio": 0.2747155739,
    "researchAndDevelopmentExpenses": 0,
    "generalAndAdministrativeExpenses": 156496000,
    "sellingAndMarketingExpenses": 0,
    "sellingGeneralAndAdministrativeExpenses": 156496000,
    "otherExpenses": 102549000,
    "operatingExpenses": 259045000,
    "costAndExpenses": 2082991000,
    "interestIncome": 16446000,
    "interestExpense": 0,
    "depreciationAndAmortization": 78771000,
    "ebitda": 534359000,
    "ebitdaratio": 0.2124856003,
    "operatingIncome": 431810000,
    "operatingIncomeRatio": 0.1717074234,
    "totalOtherIncomeExpensesNet": 16446000,
    "incomeBeforeTax": 448256000,
    "incomeBeforeTaxRatio": 0.1782471058,
    "incomeTaxExpense": 106466000,
    "netIncome": 341790000,
    "netIncomeRatio": 0.1359113504,
    "eps": 0.25,
    "epsdiluted": 0.25,
    "weightedAverageShsOut": 1380200000,
    "weightedAverageShsOutDil": 1387350000,
    "link": "https://www.sec.gov/Archives/edgar/data/1058090/000105809023000030/0001058090-23-000030-index.htm",
    "finalLink": "https://www.sec.gov/Archives/edgar/data/1058090/000105809023000030/cmg-20230630x10q.htm"
  },
  {
    "date": "2023-03-31",
    "symbol": "CMG",
    "reportedCurrency": "USD",
    "cik": "0001058090",
    "fillingDate": "2023-04-27",
    "acceptedDate": "2023-04-26 17:44:08",
    "calendarYear": "2023",
    "period": "Q1",
    "revenue": 2368580000,
    "costOfRevenue": 1761490000,
    "grossProfit": 607090000,
    "grossProfitRatio": 0.2563096877,
    "researchAndDevelopmentExpenses": 0,
    "generalAndAdministrativeExpenses": 148340000,
    "sellingAndMarketingExpenses": 0,
    "sellingGeneralAndAdministrativeExpenses": 148340000,
    "otherExpenses": 91144000,
    "operatingExpenses": 239484000,
    "costAndExpenses": 2000974000,
    "interestIncome": 8949000,
    "interestExpense": 0,
    "depreciationAndAmortization": 76585000,
    "ebitda": 458750000,
    "ebitdaratio": 0.1936814463,
    "operatingIncome": 367606000,
    "operatingIncomeRatio": 0.1552010065,
    "totalOtherIncomeExpensesNet": 8949000,
    "incomeBeforeTax": 376555000,
    "incomeBeforeTaxRatio": 0.1589792196,
    "incomeTaxExpense": 84911000,
    "netIncome": 291644000,
    "netIncomeRatio": 0.1231303144,
    "eps": 0.21,
    "epsdiluted": 0.21,
    "weightedAverageShsOut": 1388780952,
    "weightedAverageShsOutDil": 1389400000,
    "link": "https://www.sec.gov/Archives/edgar/data/1058090/000105809023000020/0001058090-23-000020-index.htm",
    "finalLink": "https://www.sec.gov/Archives/edgar/data/1058090/000105809023000020/cmg-20230331x10q.htm"
  },
  {
    "date": "2022-12-31",
    "symbol": "CMG",
    "reportedCurrency": "USD",
    "cik": "0001058090",
    "fillingDate": "2023-02-09",
    "acceptedDate": "2023-02-08 20:00:47",
    "calendarYear": "2022",
    "period": "Q4",
    "revenue": 2180599000,
    "costOfRevenue": 1658057000,
    "grossProfit": 522542000,
    "grossProfitRatio": 0.2396323212,
    "researchAndDevelopmentExpenses": 0,
    "generalAndAdministrativeExpenses": 135073000,
    "sellingAndMarketingExpenses": 0,
    "sellingGeneralAndAdministrativeExpenses": 135073000,
    "otherExpenses": 91138000,
    "operatingExpenses": 226211000,
    "costAndExpenses": 1884268000,
    "interestIncome": -7014000,
    "interestExpense": -14071000,
    "depreciationAndAmortization": 74012000,
    "ebitda": 387469000,
    "ebitdaratio": 0.1776892496,
    "operatingIncome": 296331000,
    "operatingIncomeRatio": 0.1358943116,
    "totalOtherIncomeExpensesNet": 7057000,
    "incomeBeforeTax": 303388000,
    "incomeBeforeTaxRatio": 0.1391305783,
    "incomeTaxExpense": 79661000,
    "netIncome": 223727000,
    "netIncomeRatio": 0.1025988731,
    "eps": 0.16,
    "epsdiluted": 0.16,
    "weightedAverageShsOut": 1384200000,
    "weightedAverageShsOutDil": 1394950000,
    "link": "https://www.sec.gov/Archives/edgar/data/1058090/000105809023000010/0001058090-23-000010-index.htm",
    "finalLink": "https://www.sec.gov/Archives/edgar/data/1058090/000105809023000010/cmg-20221231x10k.htm"
  },
  {
    "date": "2022-09-30",
    "symbol": "CMG",
    "reportedCurrency": "USD",
    "cik": "0001058090",
    "fillingDate": "2022-10-26",
    "acceptedDate": "2022-10-26 15:44:39",
    "calendarYear": "2022",
    "period": "Q3",
    "revenue": 2220175000,
    "costOfRevenue": 1657629000,
    "grossProfit": 562546000,
    "grossProfitRatio": 0.2533791255,
    "researchAndDevelopmentExpenses": 0,
    "generalAndAdministrativeExpenses": 140896000,
    "sellingAndMarketingExpenses": 0,
    "sellingGeneralAndAdministrativeExpenses": 140896000,
    "otherExpenses": 85397000,
    "operatingExpenses": 226293000,
    "costAndExpenses": 1883922000,
    "interestIncome": 3712000,
    "interestExpense": 0,
    "depreciationAndAmortization": 71416000,
    "ebitda": 421650000,
    "ebitdaratio": 0.1899174615,
    "operatingIncome": 336253000,
    "operatingIncomeRatio": 0.1514533764,
    "totalOtherIncomeExpensesNet": 3712000,
    "incomeBeforeTax": 339965000,
    "incomeBeforeTaxRatio": 0.1531253167,
    "incomeTaxExpense": 82827000,
    "netIncome": 257138000,
    "netIncomeRatio": 0.1158187981,
    "eps": 0.19,
    "epsdiluted": 0.18,
    "weightedAverageShsOut": 1388650000,
    "weightedAverageShsOutDil": 1397800000,
    "link": "https://www.sec.gov/Archives/edgar/data/1058090/000105809022000043/0001058090-22-000043-index.htm",
    "finalLink": "https://www.sec.gov/Archives/edgar/data/1058090/000105809022000043/cmg-20220930x10q.htm"
  },
  {
    "date": "2022-06-30",
    "symbol": "CMG",
    "reportedCurrency": "USD",
    "cik": "0001058090",
    "fillingDate": "2022-07-27",
    "acceptedDate": "2022-07-27 15:26:19",
    "calendarYear": "2022",
    "period": "Q2",
    "revenue": 2213339000,
    "costOfRevenue": 1655254000,
    "grossProfit": 558085000,
    "grossProfitRatio": 0.2521461918,
    "researchAndDevelopmentExpenses": 0,
    "generalAndAdministrativeExpenses": 140820000,
    "sellingAndMarketingExpenses": 0,
    "sellingGeneralAndAdministrativeExpenses": 140820000,
    "otherExpenses": 79667000,
    "operatingExpenses": 220487000,
    "costAndExpenses": 1875741000,
    "interestIncome": 0,
    "interestExpense": 10572000,
    "depreciationAndAmortization": 69733000,
    "ebitda": 417265000,
    "ebitdaratio": 0.1885228607,
    "operatingIncome": 337598000,
    "operatingIncomeRatio": 0.1525288264,
    "totalOtherIncomeExpensesNet": 10572000,
    "incomeBeforeTax": 348170000,
    "incomeBeforeTaxRatio": 0.1573053202,
    "incomeTaxExpense": 88228000,
    "netIncome": 259942000,
    "netIncomeRatio": 0.117443374,
    "eps": 0.19,
    "epsdiluted": 0.19,
    "weightedAverageShsOut": 1395250000,
    "weightedAverageShsOutDil": 1404600000,
    "link": "https://www.sec.gov/Archives/edgar/data/1058090/000105809022000036/0001058090-22-000036-index.htm",
    "finalLink": "https://www.sec.gov/Archives/edgar/data/1058090/000105809022000036/cmg-20220630x10q.htm"
  },
  {
    "date": "2022-03-31",
    "symbol": "CMG",
    "reportedCurrency": "USD",
    "cik": "0001058090",
    "fillingDate": "2022-04-28",
    "acceptedDate": "2022-04-28 16:42:22",
    "calendarYear": "2022",
    "period": "Q1",
    "revenue": 2020539000,
    "costOfRevenue": 1601593000,
    "grossProfit": 418946000,
    "grossProfitRatio": 0.207343684,
    "researchAndDevelopmentExpenses": 0,
    "generalAndAdministrativeExpenses": 147402000,
    "sellingAndMarketingExpenses": 0,
    "sellingGeneralAndAdministrativeExpenses": 147402000,
    "otherExpenses": 81323000,
    "operatingExpenses": 228725000,
    "costAndExpenses": 1830318000,
    "interestIncome": -213000,
    "interestExpense": 0,
    "depreciationAndAmortization": 71665000,
    "ebitda": 271544000,
    "ebitdaratio": 0.1343918628,
    "operatingIncome": 190221000,
    "operatingIncomeRatio": 0.0941436914,
    "totalOtherIncomeExpensesNet": -213000,
    "incomeBeforeTax": 190008000,
    "incomeBeforeTaxRatio": 0.0940382739,
    "incomeTaxExpense": 31714000,
    "netIncome": 158294000,
    "netIncomeRatio": 0.0783424621,
    "eps": 0.11,
    "epsdiluted": 0.11,
    "weightedAverageShsOut": 1402150000,
    "weightedAverageShsOutDil": 1415050000,
    "link": "https://www.sec.gov/Archives/edgar/data/1058090/000105809022000027/0001058090-22-000027-index.htm",
    "finalLink": "https://www.sec.gov/Archives/edgar/data/1058090/000105809022000027/cmg-20220331x10q.htm"
  },
  {
    "date": "2021-12-31",
    "symbol": "CMG",
    "reportedCurrency": "USD",
    "cik": "0001058090",
    "fillingDate": "2022-02-11",
    "acceptedDate": "2022-02-11 15:36:45",
    "calendarYear": "2021",
    "period": "Q4",
    "revenue": 1960633000,
    "costOfRevenue": 1564615000,
    "grossProfit": 396018000,
    "grossProfitRatio": 0.2019847672,
    "researchAndDevelopmentExpenses": 0,
    "generalAndAdministrativeExpenses": 159777000,
    "sellingAndMarketingExpenses": 0,
    "sellingGeneralAndAdministrativeExpenses": 159777000,
    "otherExpenses": 77945000,
    "operatingExpenses": 237722000,
    "costAndExpenses": 1802337000,
    "interestIncome": 9263000,
    "interestExpense": 0,
    "depreciationAndAmortization": 66262000,
    "ebitda": 265113000,
    "ebitdaratio": 0.1352180648,
    "operatingIncome": 158296000,
    "operatingIncomeRatio": 0.0807371905,
    "totalOtherIncomeExpensesNet": 9263000,
    "incomeBeforeTax": 167559000,
    "incomeBeforeTaxRatio": 0.0854616851,
    "incomeTaxExpense": 34084000,
    "netIncome": 133475000,
    "netIncomeRatio": 0.0680775035,
    "eps": 0.0948,
    "epsdiluted": 0.0938,
    "weightedAverageShsOut": 1407500000,
    "weightedAverageShsOutDil": 1423750000,
    "link": "https://www.sec.gov/Archives/edgar/data/1058090/000105809022000011/0001058090-22-000011-index.htm",
    "finalLink": "https://www.sec.gov/Archives/edgar/data/1058090/000105809022000011/cmg-20211231x10k.htm"
  },
  {
    "date": "2021-09-30",
    "symbol": "CMG",
    "reportedCurrency": "USD",
    "cik": "0001058090",
    "fillingDate": "2021-10-27",
    "acceptedDate": "2021-10-26 20:53:41",
    "calendarYear": "2021",
    "period": "Q3",
    "revenue": 1952315000,
    "costOfRevenue": 1492962000,
    "grossProfit": 459353000,
    "grossProfitRatio": 0.2352863139,
    "researchAndDevelopmentExpenses": 0,
    "generalAndAdministrativeExpenses": 145930000,
    "sellingAndMarketingExpenses": 0,
    "sellingGeneralAndAdministrativeExpenses": 145930000,
    "otherExpenses": 73743000,
    "operatingExpenses": 219673000,
    "costAndExpenses": 1712635000,
    "interestIncome": 0,
    "interestExpense": 126000,
    "depreciationAndAmortization": 63191000,
    "ebitda": 313423000,
    "ebitdaratio": 0.1605391548,
    "operatingIncome": 239680000,
    "operatingIncomeRatio": 0.122767074,
    "totalOtherIncomeExpensesNet": -126000,
    "incomeBeforeTax": 239554000,
    "incomeBeforeTaxRatio": 0.1227025352,
    "incomeTaxExpense": 35120000,
    "netIncome": 204434000,
    "netIncomeRatio": 0.1047136348,
    "eps": 0.15,
    "epsdiluted": 0.14,
    "weightedAverageShsOut": 1407500000,
    "weightedAverageShsOutDil": 1423750000,
    "link": "https://www.sec.gov/Archives/edgar/data/1058090/000156276221000375/0001562762-21-000375-index.htm",
    "finalLink": "https://www.sec.gov/Archives/edgar/data/1058090/000156276221000375/cmg-20210930x10q.htm"
  },
  {
    "date": "2021-06-30",
    "symbol": "CMG",
    "reportedCurrency": "USD",
    "cik": "0001058090",
    "fillingDate": "2021-07-23",
    "acceptedDate": "2021-07-23 14:10:42",
    "calendarYear": "2021",
    "period": "Q2",
    "revenue": 1892538000,
    "costOfRevenue": 1429656000,
    "grossProfit": 462882000,
    "grossProfitRatio": 0.2445826715,
    "researchAndDevelopmentExpenses": 0,
    "generalAndAdministrativeExpenses": 146044000,
    "sellingAndMarketingExpenses": 0,
    "sellingGeneralAndAdministrativeExpenses": 146044000,
    "otherExpenses": 71313000,
    "operatingExpenses": 217357000,
    "costAndExpenses": 1647013000,
    "interestIncome": 851000,
    "interestExpense": 0,
    "depreciationAndAmortization": 62082000,
    "ebitda": 316838000,
    "ebitdaratio": 0.1674143399,
    "operatingIncome": 245525000,
    "operatingIncomeRatio": 0.1297331943,
    "totalOtherIncomeExpensesNet": 851000,
    "incomeBeforeTax": 246376000,
    "incomeBeforeTaxRatio": 0.130182855,
    "incomeTaxExpense": 58402000,
    "netIncome": 187974000,
    "netIncomeRatio": 0.0993237652,
    "eps": 0.13,
    "epsdiluted": 0.13,
    "weightedAverageShsOut": 1406700000,
    "weightedAverageShsOutDil": 1425050000,
    "link": "https://www.sec.gov/Archives/edgar/data/1058090/000105809021000039/0001058090-21-000039-index.htm",
    "finalLink": "https://www.sec.gov/Archives/edgar/data/1058090/000105809021000039/cmg-20210630x10q.htm"
  },
  {
    "date": "2021-03-31",
    "symbol": "CMG",
    "reportedCurrency": "USD",
    "cik": "0001058090",
    "fillingDate": "2021-04-29",
    "acceptedDate": "2021-04-28 19:59:18",
    "calendarYear": "2021",
    "period": "Q1",
    "revenue": 1741575000,
    "costOfRevenue": 1352819000,
    "grossProfit": 388756000,
    "grossProfitRatio": 0.2232209351,
    "researchAndDevelopmentExpenses": 0,
    "generalAndAdministrativeExpenses": 155103000,
    "sellingAndMarketingExpenses": 0,
    "sellingGeneralAndAdministrativeExpenses": 155103000,
    "otherExpenses": 72211000,
    "operatingExpenses": 227314000,
    "costAndExpenses": 1580133000,
    "interestIncome": 0,
    "interestExpense": 2168000,
    "depreciationAndAmortization": 63122000,
    "ebitda": 233653000,
    "ebitdaratio": 0.1341618937,
    "operatingIncome": 161442000,
    "operatingIncomeRatio": 0.0926988502,
    "totalOtherIncomeExpensesNet": -2168000,
    "incomeBeforeTax": 159274000,
    "incomeBeforeTaxRatio": 0.091454,
    "incomeTaxExpense": 32173000,
    "netIncome": 127101000,
    "netIncomeRatio": 0.0729804918,
    "eps": 0.0904,
    "epsdiluted": 0.089,
    "weightedAverageShsOut": 1406250000,
    "weightedAverageShsOutDil": 1429100000,
    "link": "https://www.sec.gov/Archives/edgar/data/1058090/000105809021000022/0001058090-21-000022-index.htm",
    "finalLink": "https://www.sec.gov/Archives/edgar/data/1058090/000105809021000022/cmg-20210331x10q.htm"
  },
  {
    "date": "2020-12-31",
    "symbol": "CMG",
    "reportedCurrency": "USD",
    "cik": "0001058090",
    "fillingDate": "2021-02-10",
    "acceptedDate": "2021-02-09 21:59:51",
    "calendarYear": "2020",
    "period": "Q4",
    "revenue": 1607710000,
    "costOfRevenue": 1294483000,
    "grossProfit": 313227000,
    "grossProfitRatio": 0.1948280473,
    "researchAndDevelopmentExpenses": 0,
    "generalAndAdministrativeExpenses": 124024000,
    "sellingAndMarketingExpenses": 0,
    "sellingGeneralAndAdministrativeExpenses": 124024000,
    "otherExpenses": 72317000,
    "operatingExpenses": 196341000,
    "costAndExpenses": 1490824000,
    "interestIncome": 846000,
    "interestExpense": 0,
    "depreciationAndAmortization": 108442000,
    "ebitda": 237689000,
    "ebitdaratio": 0.1478432056,
    "operatingIncome": 116886000,
    "operatingIncomeRatio": 0.0727034104,
    "totalOtherIncomeExpensesNet": 846000,
    "incomeBeforeTax": 117732000,
    "incomeBeforeTaxRatio": 0.0732296247,
    "incomeTaxExpense": -73227000,
    "netIncome": 190959000,
    "netIncomeRatio": 0.1187770182,
    "eps": 0.14,
    "epsdiluted": 0.13,
    "weightedAverageShsOut": 1399600000,
    "weightedAverageShsOutDil": 1427600000,
    "link": "https://www.sec.gov/Archives/edgar/data/1058090/000105809021000010/0001058090-21-000010-index.htm",
    "finalLink": "https://www.sec.gov/Archives/edgar/data/1058090/000105809021000010/cmg-20201231x10k.htm"
  },
  {
    "date": "2020-09-30",
    "symbol": "CMG",
    "reportedCurrency": "USD",
    "cik": "0001058090",
    "fillingDate": "2020-10-28",
    "acceptedDate": "2020-10-28 17:05:00",
    "calendarYear": "2020",
    "period": "Q3",
    "revenue": 1601414000,
    "costOfRevenue": 1289189000,
    "grossProfit": 312225000,
    "grossProfitRatio": 0.1949683217,
    "researchAndDevelopmentExpenses": 0,
    "generalAndAdministrativeExpenses": 133150000,
    "sellingAndMarketingExpenses": 0,
    "sellingGeneralAndAdministrativeExpenses": 133150000,
    "otherExpenses": 71979000,
    "operatingExpenses": 205129000,
    "costAndExpenses": 1494318000,
    "interestIncome": 0,
    "interestExpense": 595000,
    "depreciationAndAmortization": 60180000,
    "ebitda": 167276000,
    "ebitdaratio": 0.1044551877,
    "operatingIncome": 107096000,
    "operatingIncomeRatio": 0.0668758984,
    "totalOtherIncomeExpensesNet": -595000,
    "incomeBeforeTax": 106501000,
    "incomeBeforeTaxRatio": 0.0665043518,
    "incomeTaxExpense": 26257000,
    "netIncome": 80244000,
    "netIncomeRatio": 0.0501082169,
    "eps": 0.0574,
    "epsdiluted": 0.0564,
    "weightedAverageShsOut": 1398650000,
    "weightedAverageShsOutDil": 1422700000,
    "link": "https://www.sec.gov/Archives/edgar/data/1058090/000105809020000041/0001058090-20-000041-index.htm",
    "finalLink": "https://www.sec.gov/Archives/edgar/data/1058090/000105809020000041/cmg-20200930x10q.htm"
  },
  {
    "date": "2020-06-30",
    "symbol": "CMG",
    "reportedCurrency": "USD",
    "cik": "0001058090",
    "fillingDate": "2020-07-29",
    "acceptedDate": "2020-07-28 18:20:04",
    "calendarYear": "2020",
    "period": "Q2",
    "revenue": 1364738000,
    "costOfRevenue": 1197976000,
    "grossProfit": 166762000,
    "grossProfitRatio": 0.1221934173,
    "researchAndDevelopmentExpenses": 0,
    "generalAndAdministrativeExpenses": 102647000,
    "sellingAndMarketingExpenses": 0,
    "sellingGeneralAndAdministrativeExpenses": 102647000,
    "otherExpenses": 69054000,
    "operatingExpenses": 171701000,
    "costAndExpenses": 1369677000,
    "interestIncome": 623000,
    "interestExpense": 0,
    "depreciationAndAmortization": 105202000,
    "ebitda": 109293000,
    "ebitdaratio": 0.0800835032,
    "operatingIncome": -4939000,
    "operatingIncomeRatio": -0.0036190097,
    "totalOtherIncomeExpensesNet": 623000,
    "incomeBeforeTax": -4316000,
    "incomeBeforeTaxRatio": -0.0031625118,
    "incomeTaxExpense": -12491000,
    "netIncome": 8175000,
    "netIncomeRatio": 0.0059901607,
    "eps": 0.0058,
    "epsdiluted": 0.0058,
    "weightedAverageShsOut": 1395550000,
    "weightedAverageShsOutDil": 1416650000,
    "link": "https://www.sec.gov/Archives/edgar/data/1058090/000105809020000031/0001058090-20-000031-index.htm",
    "finalLink": "https://www.sec.gov/Archives/edgar/data/1058090/000105809020000031/cmg-20200630x10q.htm"
  },
  {
    "date": "2020-03-31",
    "symbol": "CMG",
    "reportedCurrency": "USD",
    "cik": "0001058090",
    "fillingDate": "2020-04-29",
    "acceptedDate": "2020-04-28 18:29:51",
    "calendarYear": "2020",
    "period": "Q1",
    "revenue": 1410772000,
    "costOfRevenue": 1161905000,
    "grossProfit": 248867000,
    "grossProfitRatio": 0.1764048337,
    "researchAndDevelopmentExpenses": 0,
    "generalAndAdministrativeExpenses": 106470000,
    "sellingAndMarketingExpenses": 0,
    "sellingGeneralAndAdministrativeExpenses": 106470000,
    "otherExpenses": 71276000,
    "operatingExpenses": 177746000,
    "costAndExpenses": 1339651000,
    "interestIncome": 2743000,
    "interestExpense": 0,
    "depreciationAndAmortization": 101335000,
    "ebitda": 185358000,
    "ebitdaratio": 0.1313876374,
    "operatingIncome": 71121000,
    "operatingIncomeRatio": 0.0504128236,
    "totalOtherIncomeExpensesNet": 2743000,
    "incomeBeforeTax": 73864000,
    "incomeBeforeTaxRatio": 0.0523571491,
    "incomeTaxExpense": -2524000,
    "netIncome": 76388000,
    "netIncomeRatio": 0.0541462405,
    "eps": 0.055,
    "epsdiluted": 0.054,
    "weightedAverageShsOut": 1389600000,
    "weightedAverageShsOutDil": 1416150000,
    "link": "https://www.sec.gov/Archives/edgar/data/1058090/000105809020000020/0001058090-20-000020-index.htm",
    "finalLink": "https://www.sec.gov/Archives/edgar/data/1058090/000105809020000020/cmg-20200331x10q.htm"
  },
  {
    "date": "2019-12-31",
    "symbol": "CMG",
    "reportedCurrency": "USD",
    "cik": "0001058090",
    "fillingDate": "2020-02-05",
    "acceptedDate": "2020-02-04 21:00:06",
    "calendarYear": "2019",
    "period": "Q4",
    "revenue": 1440224000,
    "costOfRevenue": 1163779000,
    "grossProfit": 276445000,
    "grossProfitRatio": 0.1919458362,
    "researchAndDevelopmentExpenses": 0,
    "generalAndAdministrativeExpenses": 112416000,
    "sellingAndMarketingExpenses": 0,
    "sellingGeneralAndAdministrativeExpenses": 112416000,
    "otherExpenses": 65873000,
    "operatingExpenses": 178289000,
    "costAndExpenses": 1342068000,
    "interestIncome": 2840000,
    "interestExpense": 0,
    "depreciationAndAmortization": 101479000,
    "ebitda": 210359000,
    "ebitdaratio": 0.1460599185,
    "operatingIncome": 98156000,
    "operatingIncomeRatio": 0.0681532873,
    "totalOtherIncomeExpensesNet": 2840000,
    "incomeBeforeTax": 100996000,
    "incomeBeforeTaxRatio": 0.0701252027,
    "incomeTaxExpense": 28580000,
    "netIncome": 72416000,
    "netIncomeRatio": 0.0502810674,
    "eps": 0.0522,
    "epsdiluted": 0.051,
    "weightedAverageShsOut": 1388450000,
    "weightedAverageShsOutDil": 1418600000,
    "link": "https://www.sec.gov/Archives/edgar/data/1058090/000105809020000010/0001058090-20-000010-index.htm",
    "finalLink": "https://www.sec.gov/Archives/edgar/data/1058090/000105809020000010/cmg-20191231x10k.htm"
  },
  {
    "date": "2019-09-30",
    "symbol": "CMG",
    "reportedCurrency": "USD",
    "cik": "0001058090",
    "fillingDate": "2019-10-23",
    "acceptedDate": "2019-10-22 18:42:15",
    "calendarYear": "2019",
    "period": "Q3",
    "revenue": 1403697000,
    "costOfRevenue": 1111809000,
    "grossProfit": 291888000,
    "grossProfitRatio": 0.2079423123,
    "researchAndDevelopmentExpenses": 0,
    "generalAndAdministrativeExpenses": 115070000,
    "sellingAndMarketingExpenses": 0,
    "sellingGeneralAndAdministrativeExpenses": 115070000,
    "otherExpenses": 61197000,
    "operatingExpenses": 176267000,
    "costAndExpenses": 1288076000,
    "interestIncome": 4411000,
    "interestExpense": 0,
    "depreciationAndAmortization": 92390000,
    "ebitda": 217002000,
    "ebitdaratio": 0.1545931921,
    "operatingIncome": 115621000,
    "operatingIncomeRatio": 0.0823689158,
    "totalOtherIncomeExpensesNet": 4411000,
    "incomeBeforeTax": 120032000,
    "incomeBeforeTaxRatio": 0.0855113319,
    "incomeTaxExpense": 21450000,
    "netIncome": 98582000,
    "netIncomeRatio": 0.0702302562,
    "eps": 0.071,
    "epsdiluted": 0.0694,
    "weightedAverageShsOut": 1388750000,
    "weightedAverageShsOutDil": 1419400000,
    "link": "https://www.sec.gov/Archives/edgar/data/1058090/000105809019000038/0001058090-19-000038-index.htm",
    "finalLink": "https://www.sec.gov/Archives/edgar/data/1058090/000105809019000038/cmg-20190930x10q.htm"
  },
  {
    "date": "2019-06-30",
    "symbol": "CMG",
    "reportedCurrency": "USD",
    "cik": "0001058090",
    "fillingDate": "2019-07-24",
    "acceptedDate": "2019-07-23 17:53:00",
    "calendarYear": "2019",
    "period": "Q2",
    "revenue": 1434231000,
    "costOfRevenue": 1134569000,
    "grossProfit": 299662000,
    "grossProfitRatio": 0.2089356596,
    "researchAndDevelopmentExpenses": 0,
    "generalAndAdministrativeExpenses": 121395000,
    "sellingAndMarketingExpenses": 0,
    "sellingGeneralAndAdministrativeExpenses": 121395000,
    "otherExpenses": 58247000,
    "operatingExpenses": 179642000,
    "costAndExpenses": 1314211000,
    "interestIncome": 3947000,
    "interestExpense": 0,
    "depreciationAndAmortization": 90975000,
    "ebitda": 217600000,
    "ebitdaratio": 0.1517189351,
    "operatingIncome": 120020000,
    "operatingIncomeRatio": 0.0836824751,
    "totalOtherIncomeExpensesNet": 3947000,
    "incomeBeforeTax": 123967000,
    "incomeBeforeTaxRatio": 0.0864344726,
    "incomeTaxExpense": 32939000,
    "netIncome": 91028000,
    "netIncomeRatio": 0.0634681582,
    "eps": 0.0656,
    "epsdiluted": 0.0644,
    "weightedAverageShsOut": 1386000000,
    "weightedAverageShsOutDil": 1415000000,
    "link": "https://www.sec.gov/Archives/edgar/data/1058090/000105809019000029/0001058090-19-000029-index.htm",
    "finalLink": "https://www.sec.gov/Archives/edgar/data/1058090/000105809019000029/cmg-20190630x10q.htm"
  },
  {
    "date": "2019-03-31",
    "symbol": "CMG",
    "reportedCurrency": "USD",
    "cik": "0001058090",
    "fillingDate": "2019-04-25",
    "acceptedDate": "2019-04-24 19:27:48",
    "calendarYear": "2019",
    "period": "Q1",
    "revenue": 1308217000,
    "costOfRevenue": 1033722000,
    "grossProfit": 274495000,
    "grossProfitRatio": 0.2098237525,
    "researchAndDevelopmentExpenses": 0,
    "generalAndAdministrativeExpenses": 102671000,
    "sellingAndMarketingExpenses": 0,
    "sellingGeneralAndAdministrativeExpenses": 102671000,
    "otherExpenses": 61663000,
    "operatingExpenses": 164334000,
    "costAndExpenses": 1198056000,
    "interestIncome": 3129000,
    "interestExpense": 0,
    "depreciationAndAmortization": 91886000,
    "ebitda": 209929000,
    "ebitdaratio": 0.1604695551,
    "operatingIncome": 110161000,
    "operatingIncomeRatio": 0.0842069779,
    "totalOtherIncomeExpensesNet": 3129000,
    "incomeBeforeTax": 113290000,
    "incomeBeforeTaxRatio": 0.0865987829,
    "incomeTaxExpense": 25158000,
    "netIncome": 88132000,
    "netIncomeRatio": 0.0673680284,
    "eps": 0.0636,
    "epsdiluted": 0.0626,
    "weightedAverageShsOut": 1384800000,
    "weightedAverageShsOutDil": 1405900000,
    "link": "https://www.sec.gov/Archives/edgar/data/1058090/000105809019000015/0001058090-19-000015-index.htm",
    "finalLink": "https://www.sec.gov/Archives/edgar/data/1058090/000105809019000015/cmg-20190331x10q.htm"
  },
  {
    "date": "2018-12-31",
    "symbol": "CMG",
    "reportedCurrency": "USD",
    "cik": "0001058090",
    "fillingDate": "2019-02-08",
    "acceptedDate": "2019-02-07 21:44:15",
    "calendarYear": "2018",
    "period": "Q4",
    "revenue": 1225061000,
    "costOfRevenue": 1016752000,
    "grossProfit": 208309000,
    "grossProfitRatio": 0.170039696,
    "researchAndDevelopmentExpenses": 0,
    "generalAndAdministrativeExpenses": 103720000,
    "sellingAndMarketingExpenses": 0,
    "sellingGeneralAndAdministrativeExpenses": 103720000,
    "otherExpenses": 64977000,
    "operatingExpenses": 168697000,
    "costAndExpenses": 1185449000,
    "interestIncome": 3858000,
    "interestExpense": 0,
    "depreciationAndAmortization": 53217000,
    "ebitda": 104589000,
    "ebitdaratio": 0.0853745242,
    "operatingIncome": 39612000,
    "operatingIncomeRatio": 0.0323347164,
    "totalOtherIncomeExpensesNet": 3858000,
    "incomeBeforeTax": 43470000,
    "incomeBeforeTaxRatio": 0.0354839473,
    "incomeTaxExpense": 11451000,
    "netIncome": 32019000,
    "netIncomeRatio": 0.0261366577,
    "eps": 0.023,
    "epsdiluted": 0.023,
    "weightedAverageShsOut": 1388150000,
    "weightedAverageShsOutDil": 1397300000,
    "link": "https://www.sec.gov/Archives/edgar/data/1058090/000105809019000007/0001058090-19-000007-index.htm",
    "finalLink": "https://www.sec.gov/Archives/edgar/data/1058090/000105809019000007/cmg-20181231x10k.htm"
  },
  {
    "date": "2018-09-30",
    "symbol": "CMG",
    "reportedCurrency": "USD",
    "cik": "0001058090",
    "fillingDate": "2018-10-26",
    "acceptedDate": "2018-10-25 18:33:09",
    "calendarYear": "2018",
    "period": "Q3",
    "revenue": 1225007000,
    "costOfRevenue": 996257000,
    "grossProfit": 228750000,
    "grossProfitRatio": 0.1867336268,
    "researchAndDevelopmentExpenses": 0,
    "generalAndAdministrativeExpenses": 109524000,
    "sellingAndMarketingExpenses": 0,
    "sellingGeneralAndAdministrativeExpenses": 109524000,
    "otherExpenses": 61235000,
    "operatingExpenses": 170759000,
    "costAndExpenses": 1167016000,
    "interestIncome": 2493000,
    "interestExpense": 0,
    "depreciationAndAmortization": 52654000,
    "ebitda": 119226000,
    "ebitdaratio": 0.0973267908,
    "operatingIncome": 57991000,
    "operatingIncomeRatio": 0.0473393213,
    "totalOtherIncomeExpensesNet": 2493000,
    "incomeBeforeTax": 60484000,
    "incomeBeforeTaxRatio": 0.0493744117,
    "incomeTaxExpense": 22280000,
    "netIncome": 38204000,
    "netIncomeRatio": 0.0311867606,
    "eps": 0.0274,
    "epsdiluted": 0.0272,
    "weightedAverageShsOut": 1390100000,
    "weightedAverageShsOutDil": 1400850000,
    "link": "https://www.sec.gov/Archives/edgar/data/1058090/000105809018000055/0001058090-18-000055-index.htm",
    "finalLink": "https://www.sec.gov/Archives/edgar/data/1058090/000105809018000055/cmg-20180930x10q.htm"
  },
  {
    "date": "2018-06-30",
    "symbol": "CMG",
    "reportedCurrency": "USD",
    "cik": "0001058090",
    "fillingDate": "2018-07-27",
    "acceptedDate": "2018-07-26 19:06:29",
    "calendarYear": "2018",
    "period": "Q2",
    "revenue": 1266520000,
    "costOfRevenue": 1016881000,
    "grossProfit": 249639000,
    "grossProfitRatio": 0.1971062439,
    "researchAndDevelopmentExpenses": 0,
    "generalAndAdministrativeExpenses": 85153000,
    "sellingAndMarketingExpenses": 0,
    "sellingGeneralAndAdministrativeExpenses": 85153000,
    "otherExpenses": 96529000,
    "operatingExpenses": 181682000,
    "costAndExpenses": 1198563000,
    "interestIncome": 2323000,
    "interestExpense": 0,
    "depreciationAndAmortization": 49193000,
    "ebitda": 164486000,
    "ebitdaratio": 0.1298724063,
    "operatingIncome": 67957000,
    "operatingIncomeRatio": 0.053656476,
    "totalOtherIncomeExpensesNet": 2323000,
    "incomeBeforeTax": 70280000,
    "incomeBeforeTaxRatio": 0.0554906358,
    "incomeTaxExpense": 23396000,
    "netIncome": 46884000,
    "netIncomeRatio": 0.0370179705,
    "eps": 0.0338,
    "epsdiluted": 0.0336,
    "weightedAverageShsOut": 1390950000,
    "weightedAverageShsOutDil": 1396750000,
    "link": "https://www.sec.gov/Archives/edgar/data/1058090/000105809018000047/0001058090-18-000047-index.htm",
    "finalLink": "https://www.sec.gov/Archives/edgar/data/1058090/000105809018000047/cmg-20180630x10q.htm"
  },
  {
    "date": "2018-03-31",
    "symbol": "CMG",
    "reportedCurrency": "USD",
    "cik": "0001058090",
    "fillingDate": "2018-04-26",
    "acceptedDate": "2018-04-25 18:49:03",
    "calendarYear": "2018",
    "period": "Q1",
    "revenue": 1148397000,
    "costOfRevenue": 924103000,
    "grossProfit": 224294000,
    "grossProfitRatio": 0.1953105067,
    "researchAndDevelopmentExpenses": 0,
    "generalAndAdministrativeExpenses": 77063000,
    "sellingAndMarketingExpenses": 0,
    "sellingGeneralAndAdministrativeExpenses": 77063000,
    "otherExpenses": 54423000,
    "operatingExpenses": 131486000,
    "costAndExpenses": 1055589000,
    "interestIncome": 1394000,
    "interestExpense": 0,
    "depreciationAndAmortization": 46915000,
    "ebitda": 147231000,
    "ebitdaratio": 0.1282056641,
    "operatingIncome": 92808000,
    "operatingIncomeRatio": 0.0808152581,
    "totalOtherIncomeExpensesNet": 1394000,
    "incomeBeforeTax": 94202000,
    "incomeBeforeTaxRatio": 0.0820291241,
    "incomeTaxExpense": 34756000,
    "netIncome": 59446000,
    "netIncomeRatio": 0.0517643289,
    "eps": 0.0426,
    "epsdiluted": 0.0426,
    "weightedAverageShsOut": 1395550000,
    "weightedAverageShsOutDil": 1397500000,
    "link": "https://www.sec.gov/Archives/edgar/data/1058090/000105809018000042/0001058090-18-000042-index.htm",
    "finalLink": "https://www.sec.gov/Archives/edgar/data/1058090/000105809018000042/cmg-20180331x10q.htm"
  },
  {
    "date": "2017-12-31",
    "symbol": "CMG",
    "reportedCurrency": "USD",
    "cik": "0001058090",
    "fillingDate": "2018-02-08",
    "acceptedDate": "2018-02-08 17:17:44",
    "calendarYear": "2017",
    "period": "Q4",
    "revenue": 1110100000,
    "costOfRevenue": 945030000,
    "grossProfit": 165070000,
    "grossProfitRatio": 0.1486983155,
    "researchAndDevelopmentExpenses": 0,
    "generalAndAdministrativeExpenses": 57690000,
    "sellingAndMarketingExpenses": 0,
    "sellingGeneralAndAdministrativeExpenses": 57690000,
    "otherExpenses": 47351000,
    "operatingExpenses": 105041000,
    "costAndExpenses": 1050071000,
    "interestIncome": 1437000,
    "interestExpense": 0,
    "depreciationAndAmortization": 41442000,
    "ebitda": 107380000,
    "ebitdaratio": 0.0967300243,
    "operatingIncome": 60029000,
    "operatingIncomeRatio": 0.0540753085,
    "totalOtherIncomeExpensesNet": 1437000,
    "incomeBeforeTax": 61466000,
    "incomeBeforeTaxRatio": 0.0553697865,
    "incomeTaxExpense": 17673000,
    "netIncome": 43793000,
    "netIncomeRatio": 0.0394495991,
    "eps": 0.0314,
    "epsdiluted": 0.0314,
    "weightedAverageShsOut": 1395550000,
    "weightedAverageShsOutDil": 1395550000,
    "link": "https://www.sec.gov/Archives/edgar/data/1058090/000105809018000018/0001058090-18-000018-index.htm",
    "finalLink": "https://www.sec.gov/Archives/edgar/data/1058090/000105809018000018/cmg-20171231x10k.htm"
  },
  {
    "date": "2017-09-30",
    "symbol": "CMG",
    "reportedCurrency": "USD",
    "cik": "0001058090",
    "fillingDate": "2017-10-25",
    "acceptedDate": "2017-10-24 18:12:19",
    "calendarYear": "2017",
    "period": "Q3",
    "revenue": 1128074000,
    "costOfRevenue": 946940000,
    "grossProfit": 181134000,
    "grossProfitRatio": 0.1605692534,
    "researchAndDevelopmentExpenses": 0,
    "generalAndAdministrativeExpenses": 99182000,
    "sellingAndMarketingExpenses": 0,
    "sellingGeneralAndAdministrativeExpenses": 99182000,
    "otherExpenses": 51085000,
    "operatingExpenses": 150267000,
    "costAndExpenses": 1097207000,
    "interestIncome": 1275000,
    "interestExpense": 0,
    "depreciationAndAmortization": 41546000,
    "ebitda": 81952000,
    "ebitdaratio": 0.0726477164,
    "operatingIncome": 30867000,
    "operatingIncomeRatio": 0.0273625666,
    "totalOtherIncomeExpensesNet": 1275000,
    "incomeBeforeTax": 32142000,
    "incomeBeforeTaxRatio": 0.0284928116,
    "incomeTaxExpense": 12532000,
    "netIncome": 19610000,
    "netIncomeRatio": 0.0173836114,
    "eps": 0.0138,
    "epsdiluted": 0.0138,
    "weightedAverageShsOut": 1420750000,
    "weightedAverageShsOutDil": 1421950000,
    "link": "https://www.sec.gov/Archives/edgar/data/1058090/000105809017000044/0001058090-17-000044-index.htm",
    "finalLink": "https://www.sec.gov/Archives/edgar/data/1058090/000105809017000044/cmg-20170930x10q.htm"
  },
  {
    "date": "2017-06-30",
    "symbol": "CMG",
    "reportedCurrency": "USD",
    "cik": "0001058090",
    "fillingDate": "2017-07-26",
    "acceptedDate": "2017-07-25 18:37:04",
    "calendarYear": "2017",
    "period": "Q2",
    "revenue": 1169409000,
    "costOfRevenue": 949009000,
    "grossProfit": 220400000,
    "grossProfitRatio": 0.1884712705,
    "researchAndDevelopmentExpenses": 0,
    "generalAndAdministrativeExpenses": 70075000,
    "sellingAndMarketingExpenses": 0,
    "sellingGeneralAndAdministrativeExpenses": 70075000,
    "otherExpenses": 43600000,
    "operatingExpenses": 113675000,
    "costAndExpenses": 1062684000,
    "interestIncome": 1049000,
    "interestExpense": 0,
    "depreciationAndAmortization": 41081000,
    "ebitda": 150325000,
    "ebitdaratio": 0.1285478391,
    "operatingIncome": 106725000,
    "operatingIncomeRatio": 0.0912640488,
    "totalOtherIncomeExpensesNet": 1049000,
    "incomeBeforeTax": 107774000,
    "incomeBeforeTaxRatio": 0.0921610831,
    "incomeTaxExpense": 41044000,
    "netIncome": 66730000,
    "netIncomeRatio": 0.0570630122,
    "eps": 0.0466,
    "epsdiluted": 0.0464,
    "weightedAverageShsOut": 1432450000,
    "weightedAverageShsOutDil": 1440000000,
    "link": "https://www.sec.gov/Archives/edgar/data/1058090/000105809017000033/0001058090-17-000033-index.htm",
    "finalLink": "https://www.sec.gov/Archives/edgar/data/1058090/000105809017000033/cmg-20170630x10q.htm"
  },
  {
    "date": "2017-03-31",
    "symbol": "CMG",
    "reportedCurrency": "USD",
    "cik": "0001058090",
    "fillingDate": "2017-04-26",
    "acceptedDate": "2017-04-25 19:54:31",
    "calendarYear": "2017",
    "period": "Q1",
    "revenue": 1068829000,
    "costOfRevenue": 879217000,
    "grossProfit": 189612000,
    "grossProfitRatio": 0.1774016236,
    "researchAndDevelopmentExpenses": 0,
    "generalAndAdministrativeExpenses": 69441000,
    "sellingAndMarketingExpenses": 0,
    "sellingGeneralAndAdministrativeExpenses": 69441000,
    "otherExpenses": 46998000,
    "operatingExpenses": 116439000,
    "costAndExpenses": 995656000,
    "interestIncome": 1188000,
    "interestExpense": 0,
    "depreciationAndAmortization": 39279000,
    "ebitda": 120171000,
    "ebitdaratio": 0.112432391,
    "operatingIncome": 73173000,
    "operatingIncomeRatio": 0.0684609044,
    "totalOtherIncomeExpensesNet": 1188000,
    "incomeBeforeTax": 74361000,
    "incomeBeforeTaxRatio": 0.0695724012,
    "incomeTaxExpense": 28241000,
    "netIncome": 46120000,
    "netIncomeRatio": 0.0431500268,
    "eps": 0.032,
    "epsdiluted": 0.032,
    "weightedAverageShsOut": 1437500000,
    "weightedAverageShsOutDil": 1442500000,
    "link": "https://www.sec.gov/Archives/edgar/data/1058090/000105809017000021/0001058090-17-000021-index.htm",
    "finalLink": "https://www.sec.gov/Archives/edgar/data/1058090/000105809017000021/cmg-20170331x10q.htm"
  },
  {
    "date": "2016-12-31",
    "symbol": "CMG",
    "reportedCurrency": "USD",
    "cik": "0001058090",
    "fillingDate": "2017-02-07",
    "acceptedDate": "2017-02-06 19:05:02",
    "calendarYear": "2016",
    "period": "Q4",
    "revenue": 1034560000,
    "costOfRevenue": 894914000,
    "grossProfit": 139646000,
    "grossProfitRatio": 0.1349810547,
    "researchAndDevelopmentExpenses": 0,
    "generalAndAdministrativeExpenses": 65069000,
    "sellingAndMarketingExpenses": 0,
    "sellingGeneralAndAdministrativeExpenses": 65069000,
    "otherExpenses": 44027000,
    "operatingExpenses": 109096000,
    "costAndExpenses": 1004010000,
    "interestIncome": 588000,
    "interestExpense": 0,
    "depreciationAndAmortization": 38072000,
    "ebitda": 74577000,
    "ebitdaratio": 0.0720857176,
    "operatingIncome": 30550000,
    "operatingIncomeRatio": 0.0295294618,
    "totalOtherIncomeExpensesNet": 588000,
    "incomeBeforeTax": 31138000,
    "incomeBeforeTaxRatio": 0.0300978194,
    "incomeTaxExpense": 15163000,
    "netIncome": 15975000,
    "netIncomeRatio": 0.015441347,
    "eps": 0.011,
    "epsdiluted": 0.011,
    "weightedAverageShsOut": 1445150000,
    "weightedAverageShsOutDil": 1450150000,
    "link": "https://www.sec.gov/Archives/edgar/data/1058090/000105809017000009/0001058090-17-000009-index.htm",
    "finalLink": "https://www.sec.gov/Archives/edgar/data/1058090/000105809017000009/cmg-20161231x10k.htm"
  },
  {
    "date": "2016-09-30",
    "symbol": "CMG",
    "reportedCurrency": "USD",
    "cik": "0001058090",
    "fillingDate": "2016-10-26",
    "acceptedDate": "2016-10-25 19:36:50",
    "calendarYear": "2016",
    "period": "Q3",
    "revenue": 1036982000,
    "costOfRevenue": 890290000,
    "grossProfit": 146692000,
    "grossProfitRatio": 0.1414605075,
    "researchAndDevelopmentExpenses": 0,
    "generalAndAdministrativeExpenses": 78405000,
    "sellingAndMarketingExpenses": 0,
    "sellingGeneralAndAdministrativeExpenses": 78405000,
    "otherExpenses": 58561000,
    "operatingExpenses": 136966000,
    "costAndExpenses": 1027256000,
    "interestIncome": 672000,
    "interestExpense": 0,
    "depreciationAndAmortization": 37434000,
    "ebitda": 68287000,
    "ebitdaratio": 0.0658516734,
    "operatingIncome": 9726000,
    "operatingIncomeRatio": 0.0093791406,
    "totalOtherIncomeExpensesNet": 672000,
    "incomeBeforeTax": 10398000,
    "incomeBeforeTaxRatio": 0.010027175,
    "incomeTaxExpense": 2599000,
    "netIncome": 7799000,
    "netIncomeRatio": 0.0075208634,
    "eps": 0.0054,
    "epsdiluted": 0.0054,
    "weightedAverageShsOut": 1453150000,
    "weightedAverageShsOutDil": 1458550000,
    "link": "https://www.sec.gov/Archives/edgar/data/1058090/000105809016000088/0001058090-16-000088-index.htm",
    "finalLink": "https://www.sec.gov/Archives/edgar/data/1058090/000105809016000088/cmg-20160930x10q.htm"
  },
  {
    "date": "2016-06-30",
    "symbol": "CMG",
    "reportedCurrency": "USD",
    "cik": "0001058090",
    "fillingDate": "2016-07-22",
    "acceptedDate": "2016-07-21 18:11:16",
    "calendarYear": "2016",
    "period": "Q2",
    "revenue": 998383000,
    "costOfRevenue": 843338000,
    "grossProfit": 155045000,
    "grossProfitRatio": 0.1552961138,
    "researchAndDevelopmentExpenses": 0,
    "generalAndAdministrativeExpenses": 70756000,
    "sellingAndMarketingExpenses": 0,
    "sellingGeneralAndAdministrativeExpenses": 70756000,
    "otherExpenses": 43394000,
    "operatingExpenses": 114150000,
    "costAndExpenses": 957488000,
    "interestIncome": 0,
    "interestExpense": 786000,
    "depreciationAndAmortization": 36074000,
    "ebitda": 84289000,
    "ebitdaratio": 0.0844255161,
    "operatingIncome": 40895000,
    "operatingIncomeRatio": 0.0409612343,
    "totalOtherIncomeExpensesNet": 786000,
    "incomeBeforeTax": 41681000,
    "incomeBeforeTaxRatio": 0.0417485073,
    "incomeTaxExpense": 16085000,
    "netIncome": 25596000,
    "netIncomeRatio": 0.0256374558,
    "eps": 0.0176,
    "epsdiluted": 0.0174,
    "weightedAverageShsOut": 1460350000,
    "weightedAverageShsOutDil": 1467000000,
    "link": "https://www.sec.gov/Archives/edgar/data/1058090/000105809016000081/0001058090-16-000081-index.htm",
    "finalLink": "https://www.sec.gov/Archives/edgar/data/1058090/000105809016000081/cmg-20160630x10q.htm"
  },
  {
    "date": "2016-03-31",
    "symbol": "CMG",
    "reportedCurrency": "USD",
    "cik": "0001058090",
    "fillingDate": "2016-04-27",
    "acceptedDate": "2016-04-26 19:19:48",
    "calendarYear": "2016",
    "period": "Q1",
    "revenue": 834459000,
    "costOfRevenue": 777628000,
    "grossProfit": 56831000,
    "grossProfitRatio": 0.0681052035,
    "researchAndDevelopmentExpenses": 0,
    "generalAndAdministrativeExpenses": 62010000,
    "sellingAndMarketingExpenses": 0,
    "sellingGeneralAndAdministrativeExpenses": 62010000,
    "otherExpenses": 41425000,
    "operatingExpenses": 103435000,
    "costAndExpenses": 881063000,
    "interestIncome": 0,
    "interestExpense": 2126000,
    "depreciationAndAmortization": 34788000,
    "ebitda": -5179000,
    "ebitdaratio": -0.0062064164,
    "operatingIncome": -46604000,
    "operatingIncomeRatio": -0.0558493587,
    "totalOtherIncomeExpensesNet": 2126000,
    "incomeBeforeTax": -44478000,
    "incomeBeforeTaxRatio": -0.0533016002,
    "incomeTaxExpense": -18046000,
    "netIncome": -26432000,
    "netIncomeRatio": -0.0316756126,
    "eps": -0.0177,
    "epsdiluted": -0.0177,
    "weightedAverageShsOut": 1494650000,
    "weightedAverageShsOutDil": 1494650000,
    "link": "https://www.sec.gov/Archives/edgar/data/1058090/000105809016000069/0001058090-16-000069-index.htm",
    "finalLink": "https://www.sec.gov/Archives/edgar/data/1058090/000105809016000069/cmg-20160331x10q.htm"
  },
  {
    "date": "2015-12-31",
    "symbol": "CMG",
    "reportedCurrency": "USD",
    "cik": "0001058090",
    "fillingDate": "2016-02-05",
    "acceptedDate": "2016-02-04 20:00:11",
    "calendarYear": "2015",
    "period": "Q4",
    "revenue": 997507000,
    "costOfRevenue": 801977000,
    "grossProfit": 195530000,
    "grossProfitRatio": 0.1960186746,
    "researchAndDevelopmentExpenses": 0,
    "generalAndAdministrativeExpenses": 46875000,
    "sellingAndMarketingExpenses": 0,
    "sellingGeneralAndAdministrativeExpenses": 46875000,
    "otherExpenses": 45042000,
    "operatingExpenses": 91917000,
    "costAndExpenses": 893894000,
    "interestIncome": 0,
    "interestExpense": 6278000,
    "depreciationAndAmortization": 34140000,
    "ebitda": 148655000,
    "ebitdaratio": 0.1490265231,
    "operatingIncome": 103613000,
    "operatingIncomeRatio": 0.1038719528,
    "totalOtherIncomeExpensesNet": 1795000,
    "incomeBeforeTax": 105408000,
    "incomeBeforeTaxRatio": 0.1056714389,
    "incomeTaxExpense": 37534000,
    "netIncome": 67874000,
    "netIncomeRatio": 0.0680436328,
    "eps": 0.0438,
    "epsdiluted": 0.0434,
    "weightedAverageShsOut": 1551350000,
    "weightedAverageShsOutDil": 1565600000,
    "link": "https://www.sec.gov/Archives/edgar/data/1058090/000105809016000058/0001058090-16-000058-index.htm",
    "finalLink": "https://www.sec.gov/Archives/edgar/data/1058090/000105809016000058/cmg-20151231x10k.htm"
  },
  {
    "date": "2015-09-30",
    "symbol": "CMG",
    "reportedCurrency": "USD",
    "cik": "0001058090",
    "fillingDate": "2015-10-21",
    "acceptedDate": "2015-10-20 18:52:57",
    "calendarYear": "2015",
    "period": "Q3",
    "revenue": 1216890000,
    "costOfRevenue": 872397000,
    "grossProfit": 344493000,
    "grossProfitRatio": 0.2830929665,
    "researchAndDevelopmentExpenses": 0,
    "generalAndAdministrativeExpenses": 70066000,
    "sellingAndMarketingExpenses": 0,
    "sellingGeneralAndAdministrativeExpenses": 70066000,
    "otherExpenses": 39668000,
    "operatingExpenses": 109734000,
    "costAndExpenses": 982131000,
    "interestIncome": 0,
    "interestExpense": 1518000,
    "depreciationAndAmortization": 33145000,
    "ebitda": 274427000,
    "ebitdaratio": 0.2255150424,
    "operatingIncome": 234759000,
    "operatingIncomeRatio": 0.1929171905,
    "totalOtherIncomeExpensesNet": 1518000,
    "incomeBeforeTax": 236277000,
    "incomeBeforeTaxRatio": 0.1941646328,
    "incomeTaxExpense": 91394000,
    "netIncome": 144883000,
    "netIncomeRatio": 0.1190600629,
    "eps": 0.093,
    "epsdiluted": 0.0918,
    "weightedAverageShsOut": 1559350000,
    "weightedAverageShsOutDil": 1577400000,
    "link": "https://www.sec.gov/Archives/edgar/data/1058090/000105809015000044/0001058090-15-000044-index.htm",
    "finalLink": "https://www.sec.gov/Archives/edgar/data/1058090/000105809015000044/cmg-20150930x10q.htm"
  },
  {
    "date": "2015-06-30",
    "symbol": "CMG",
    "reportedCurrency": "USD",
    "cik": "0001058090",
    "fillingDate": "2015-07-22",
    "acceptedDate": "2015-07-21 18:18:34",
    "calendarYear": "2015",
    "period": "Q2",
    "revenue": 1197783000,
    "costOfRevenue": 862659000,
    "grossProfit": 335124000,
    "grossProfitRatio": 0.2797869063,
    "researchAndDevelopmentExpenses": 0,
    "generalAndAdministrativeExpenses": 70212000,
    "sellingAndMarketingExpenses": 0,
    "sellingGeneralAndAdministrativeExpenses": 70212000,
    "otherExpenses": 37496000,
    "operatingExpenses": 107708000,
    "costAndExpenses": 970367000,
    "interestIncome": 0,
    "interestExpense": 1742000,
    "depreciationAndAmortization": 32440000,
    "ebitda": 264912000,
    "ebitdaratio": 0.221168609,
    "operatingIncome": 227416000,
    "operatingIncomeRatio": 0.1898641073,
    "totalOtherIncomeExpensesNet": 1742000,
    "incomeBeforeTax": 229158000,
    "incomeBeforeTaxRatio": 0.1913184609,
    "incomeTaxExpense": 88954000,
    "netIncome": 140204000,
    "netIncomeRatio": 0.1170529219,
    "eps": 0.0902,
    "epsdiluted": 0.089,
    "weightedAverageShsOut": 1556000000,
    "weightedAverageShsOutDil": 1576300000,
    "link": "https://www.sec.gov/Archives/edgar/data/1058090/000105809015000031/0001058090-15-000031-index.htm",
    "finalLink": "https://www.sec.gov/Archives/edgar/data/1058090/000105809015000031/cmg-20150630x10q.htm"
  },
  {
    "date": "2015-03-31",
    "symbol": "CMG",
    "reportedCurrency": "USD",
    "cik": "0001058090",
    "fillingDate": "2015-04-22",
    "acceptedDate": "2015-04-21 18:13:05",
    "calendarYear": "2015",
    "period": "Q1",
    "revenue": 1089043000,
    "costOfRevenue": 789903000,
    "grossProfit": 299140000,
    "grossProfitRatio": 0.2746815323,
    "researchAndDevelopmentExpenses": 0,
    "generalAndAdministrativeExpenses": 63061000,
    "sellingAndMarketingExpenses": 0,
    "sellingGeneralAndAdministrativeExpenses": 63061000,
    "otherExpenses": 38278000,
    "operatingExpenses": 101339000,
    "costAndExpenses": 891242000,
    "interestIncome": 0,
    "interestExpense": 1223000,
    "depreciationAndAmortization": 30643000,
    "ebitda": 236079000,
    "ebitdaratio": 0.2167765644,
    "operatingIncome": 197801000,
    "operatingIncomeRatio": 0.1816282736,
    "totalOtherIncomeExpensesNet": 1223000,
    "incomeBeforeTax": 199024000,
    "incomeBeforeTaxRatio": 0.182751278,
    "incomeTaxExpense": 76383000,
    "netIncome": 122641000,
    "netIncomeRatio": 0.1126135515,
    "eps": 0.079,
    "epsdiluted": 0.0776,
    "weightedAverageShsOut": 1551800000,
    "weightedAverageShsOutDil": 1579600000,
    "link": "https://www.sec.gov/Archives/edgar/data/1058090/000105809015000012/0001058090-15-000012-index.htm",
    "finalLink": "https://www.sec.gov/Archives/edgar/data/1058090/000105809015000012/cmg-20150331x10q.htm"
  },
  {
    "date": "2014-12-31",
    "symbol": "CMG",
    "reportedCurrency": "USD",
    "cik": "0001058090",
    "fillingDate": "2015-02-04",
    "acceptedDate": "2015-02-04 16:40:22",
    "calendarYear": "2014",
    "period": "Q4",
    "revenue": 1069811000,
    "costOfRevenue": 784963000,
    "grossProfit": 284848000,
    "grossProfitRatio": 0.2662601151,
    "researchAndDevelopmentExpenses": 0,
    "generalAndAdministrativeExpenses": 60929000,
    "sellingAndMarketingExpenses": 0,
    "sellingGeneralAndAdministrativeExpenses": 60929000,
    "otherExpenses": 36047000,
    "operatingExpenses": 96976000,
    "costAndExpenses": 881939000,
    "interestIncome": 0,
    "interestExpense": 0,
    "depreciationAndAmortization": 29750000,
    "ebitda": 223919000,
    "ebitdaratio": 0.2093070645,
    "operatingIncome": 187872000,
    "operatingIncomeRatio": 0.1756123278,
    "totalOtherIncomeExpensesNet": 885000,
    "incomeBeforeTax": 188757000,
    "incomeBeforeTaxRatio": 0.1764395767,
    "incomeTaxExpense": 67523000,
    "netIncome": 121234000,
    "netIncomeRatio": 0.1133228206,
    "eps": 0.0782,
    "epsdiluted": 0.0768,
    "weightedAverageShsOut": 1551200000,
    "weightedAverageShsOutDil": 1577100000,
    "link": "https://www.sec.gov/Archives/edgar/data/1058090/000119312515033771/0001193125-15-033771-index.htm",
    "finalLink": "https://www.sec.gov/Archives/edgar/data/1058090/000119312515033771/d861905d10k.htm"
  },
  {
    "date": "2014-09-30",
    "symbol": "CMG",
    "reportedCurrency": "USD",
    "cik": "0001058090",
    "fillingDate": "2014-10-21",
    "acceptedDate": "2014-10-20 20:23:52",
    "calendarYear": "2014",
    "period": "Q3",
    "revenue": 1084222000,
    "costOfRevenue": 772218000,
    "grossProfit": 312004000,
    "grossProfitRatio": 0.2877676343,
    "researchAndDevelopmentExpenses": 0,
    "generalAndAdministrativeExpenses": 71172000,
    "sellingAndMarketingExpenses": 0,
    "sellingGeneralAndAdministrativeExpenses": 71172000,
    "otherExpenses": 33396000,
    "operatingExpenses": 104568000,
    "costAndExpenses": 876786000,
    "interestIncome": 0,
    "interestExpense": 785000,
    "depreciationAndAmortization": 27961000,
    "ebitda": 240832000,
    "ebitdaratio": 0.2221242513,
    "operatingIncome": 207436000,
    "operatingIncomeRatio": 0.1913224413,
    "totalOtherIncomeExpensesNet": 785000,
    "incomeBeforeTax": 208221000,
    "incomeBeforeTaxRatio": 0.1920464628,
    "incomeTaxExpense": 77420000,
    "netIncome": 130801000,
    "netIncomeRatio": 0.1206404223,
    "eps": 0.0844,
    "epsdiluted": 0.083,
    "weightedAverageShsOut": 1551000000,
    "weightedAverageShsOutDil": 1577350000,
    "link": "https://www.sec.gov/Archives/edgar/data/1058090/000119312514376599/0001193125-14-376599-index.htm",
    "finalLink": "https://www.sec.gov/Archives/edgar/data/1058090/000119312514376599/d736480d10q.htm"
  },
  {
    "date": "2014-06-30",
    "symbol": "CMG",
    "reportedCurrency": "USD",
    "cik": "0001058090",
    "fillingDate": "2014-07-22",
    "acceptedDate": "2014-07-21 17:57:21",
    "calendarYear": "2014",
    "period": "Q2",
    "revenue": 1050073000,
    "costOfRevenue": 763349000,
    "grossProfit": 286724000,
    "grossProfitRatio": 0.2730514926,
    "researchAndDevelopmentExpenses": 0,
    "generalAndAdministrativeExpenses": 74879000,
    "sellingAndMarketingExpenses": 0,
    "sellingGeneralAndAdministrativeExpenses": 74879000,
    "otherExpenses": 32003000,
    "operatingExpenses": 106882000,
    "costAndExpenses": 870231000,
    "interestIncome": 0,
    "interestExpense": 1144000,
    "depreciationAndAmortization": 27009000,
    "ebitda": 211845000,
    "ebitdaratio": 0.2017431169,
    "operatingIncome": 179842000,
    "operatingIncomeRatio": 0.1712661882,
    "totalOtherIncomeExpensesNet": 1144000,
    "incomeBeforeTax": 180986000,
    "incomeBeforeTaxRatio": 0.1723556362,
    "incomeTaxExpense": 70716000,
    "netIncome": 110270000,
    "netIncomeRatio": 0.1050117468,
    "eps": 0.071,
    "epsdiluted": 0.07,
    "weightedAverageShsOut": 1552450000,
    "weightedAverageShsOutDil": 1573700000,
    "link": "https://www.sec.gov/Archives/edgar/data/1058090/000119312514274455/0001193125-14-274455-index.htm",
    "finalLink": "https://www.sec.gov/Archives/edgar/data/1058090/000119312514274455/d760141d10q.htm"
  },
  {
    "date": "2014-03-31",
    "symbol": "CMG",
    "reportedCurrency": "USD",
    "cik": "0001058090",
    "fillingDate": "2014-04-17",
    "acceptedDate": "2014-04-17 17:01:46",
    "calendarYear": "2014",
    "period": "Q1",
    "revenue": 904163000,
    "costOfRevenue": 669983000,
    "grossProfit": 234180000,
    "grossProfitRatio": 0.259001972,
    "researchAndDevelopmentExpenses": 0,
    "generalAndAdministrativeExpenses": 66917000,
    "sellingAndMarketingExpenses": 0,
    "sellingGeneralAndAdministrativeExpenses": 66917000,
    "otherExpenses": 31613000,
    "operatingExpenses": 98530000,
    "costAndExpenses": 768513000,
    "interestIncome": 0,
    "interestExpense": 689000,
    "depreciationAndAmortization": 25754000,
    "ebitda": 167263000,
    "ebitdaratio": 0.1849920866,
    "operatingIncome": 135650000,
    "operatingIncomeRatio": 0.1500282582,
    "totalOtherIncomeExpensesNet": 689000,
    "incomeBeforeTax": 136339000,
    "incomeBeforeTaxRatio": 0.1507902889,
    "incomeTaxExpense": 53270000,
    "netIncome": 83069000,
    "netIncomeRatio": 0.091873921,
    "eps": 0.0534,
    "epsdiluted": 0.0528,
    "weightedAverageShsOut": 1553050000,
    "weightedAverageShsOutDil": 1574300000,
    "link": "https://www.sec.gov/Archives/edgar/data/1058090/000119312514147849/0001193125-14-147849-index.htm",
    "finalLink": "https://www.sec.gov/Archives/edgar/data/1058090/000119312514147849/d698182d10q.htm"
  },
  {
    "date": "2013-12-31",
    "symbol": "CMG",
    "reportedCurrency": "USD",
    "cik": "0001058090",
    "fillingDate": "2014-02-05",
    "acceptedDate": "2014-02-04 20:22:21",
    "calendarYear": "2013",
    "period": "Q4",
    "revenue": 844147000,
    "costOfRevenue": 627914000,
    "grossProfit": 216233000,
    "grossProfitRatio": 0.2561556222,
    "researchAndDevelopmentExpenses": 0,
    "generalAndAdministrativeExpenses": 55844000,
    "sellingAndMarketingExpenses": 0,
    "sellingGeneralAndAdministrativeExpenses": 55844000,
    "otherExpenses": 31285000,
    "operatingExpenses": 87129000,
    "costAndExpenses": 715043000,
    "interestIncome": 0,
    "interestExpense": 0,
    "depreciationAndAmortization": 24903000,
    "ebitda": 160389000,
    "ebitdaratio": 0.1900012676,
    "operatingIncome": 129104000,
    "operatingIncomeRatio": 0.152940187,
    "totalOtherIncomeExpensesNet": 390000,
    "incomeBeforeTax": 129494000,
    "incomeBeforeTaxRatio": 0.1534021918,
    "incomeTaxExpense": 49872000,
    "netIncome": 79622000,
    "netIncomeRatio": 0.0943224344,
    "eps": 0.0514,
    "epsdiluted": 0.0506,
    "weightedAverageShsOut": 1550950000,
    "weightedAverageShsOutDil": 1571250000,
    "link": "https://www.sec.gov/Archives/edgar/data/1058090/000119312514035451/0001193125-14-035451-index.htm",
    "finalLink": "https://www.sec.gov/Archives/edgar/data/1058090/000119312514035451/d629534d10k.htm"
  },
  {
    "date": "2013-09-30",
    "symbol": "CMG",
    "reportedCurrency": "USD",
    "cik": "0001058090",
    "fillingDate": "2013-10-18",
    "acceptedDate": "2013-10-17 18:16:19",
    "calendarYear": "2013",
    "period": "Q3",
    "revenue": 826907000,
    "costOfRevenue": 605400000,
    "grossProfit": 221507000,
    "grossProfitRatio": 0.2678741382,
    "researchAndDevelopmentExpenses": 0,
    "generalAndAdministrativeExpenses": 52726000,
    "sellingAndMarketingExpenses": 0,
    "sellingGeneralAndAdministrativeExpenses": 52726000,
    "otherExpenses": 31627000,
    "operatingExpenses": 84353000,
    "costAndExpenses": 689753000,
    "interestIncome": 0,
    "interestExpense": 0,
    "depreciationAndAmortization": 24618000,
    "ebitda": 168781000,
    "ebitdaratio": 0.2041112241,
    "operatingIncome": 137154000,
    "operatingIncomeRatio": 0.1658638759,
    "totalOtherIncomeExpensesNet": 765000,
    "incomeBeforeTax": 137919000,
    "incomeBeforeTaxRatio": 0.1667890101,
    "incomeTaxExpense": 54540000,
    "netIncome": 83379000,
    "netIncomeRatio": 0.100832379,
    "eps": 0.054,
    "epsdiluted": 0.0532,
    "weightedAverageShsOut": 1544850000,
    "weightedAverageShsOutDil": 1564800000,
    "link": "https://www.sec.gov/Archives/edgar/data/1058090/000119312513402791/0001193125-13-402791-index.htm",
    "finalLink": "https://www.sec.gov/Archives/edgar/data/1058090/000119312513402791/d601430d10q.htm"
  },
  {
    "date": "2013-06-30",
    "symbol": "CMG",
    "reportedCurrency": "USD",
    "cik": "0001058090",
    "fillingDate": "2013-07-19",
    "acceptedDate": "2013-07-18 18:33:13",
    "calendarYear": "2013",
    "period": "Q2",
    "revenue": 816786000,
    "costOfRevenue": 591174000,
    "grossProfit": 225612000,
    "grossProfitRatio": 0.27621923,
    "researchAndDevelopmentExpenses": 0,
    "generalAndAdministrativeExpenses": 50952000,
    "sellingAndMarketingExpenses": 0,
    "sellingGeneralAndAdministrativeExpenses": 50952000,
    "otherExpenses": 28242000,
    "operatingExpenses": 79194000,
    "costAndExpenses": 670368000,
    "interestIncome": 0,
    "interestExpense": 0,
    "depreciationAndAmortization": 23597000,
    "ebitda": 174660000,
    "ebitdaratio": 0.2138381412,
    "operatingIncome": 146418000,
    "operatingIncomeRatio": 0.1792611529,
    "totalOtherIncomeExpensesNet": 330000,
    "incomeBeforeTax": 146748000,
    "incomeBeforeTaxRatio": 0.1796651755,
    "incomeTaxExpense": 58895000,
    "netIncome": 87853000,
    "netIncomeRatio": 0.1075593852,
    "eps": 0.0568,
    "epsdiluted": 0.0564,
    "weightedAverageShsOut": 1545050000,
    "weightedAverageShsOutDil": 1558800000,
    "link": "https://www.sec.gov/Archives/edgar/data/1058090/000119312513294535/0001193125-13-294535-index.htm",
    "finalLink": "https://www.sec.gov/Archives/edgar/data/1058090/000119312513294535/d540633d10q.htm"
  },
  {
    "date": "2013-03-31",
    "symbol": "CMG",
    "reportedCurrency": "USD",
    "cik": "0001058090",
    "fillingDate": "2013-04-19",
    "acceptedDate": "2013-04-18 18:06:13",
    "calendarYear": "2013",
    "period": "Q1",
    "revenue": 726751000,
    "costOfRevenue": 535334000,
    "grossProfit": 191417000,
    "grossProfitRatio": 0.2633873225,
    "researchAndDevelopmentExpenses": 0,
    "generalAndAdministrativeExpenses": 44211000,
    "sellingAndMarketingExpenses": 0,
    "sellingGeneralAndAdministrativeExpenses": 44211000,
    "otherExpenses": 27162000,
    "operatingExpenses": 71373000,
    "costAndExpenses": 606707000,
    "interestIncome": 0,
    "interestExpense": 0,
    "depreciationAndAmortization": 22936000,
    "ebitda": 147206000,
    "ebitdaratio": 0.2025535569,
    "operatingIncome": 120044000,
    "operatingIncomeRatio": 0.1651789953,
    "totalOtherIncomeExpensesNet": 266000,
    "incomeBeforeTax": 120310000,
    "incomeBeforeTaxRatio": 0.1655450079,
    "incomeTaxExpense": 43726000,
    "netIncome": 76584000,
    "netIncomeRatio": 0.105378596,
    "eps": 0.0494,
    "epsdiluted": 0.049,
    "weightedAverageShsOut": 1550600000,
    "weightedAverageShsOutDil": 1561450000,
    "link": "https://www.sec.gov/Archives/edgar/data/1058090/000119312513161154/0001193125-13-161154-index.htm",
    "finalLink": "https://www.sec.gov/Archives/edgar/data/1058090/000119312513161154/d496863d10q.htm"
  },
  {
    "date": "2012-12-31",
    "symbol": "CMG",
    "reportedCurrency": "USD",
    "cik": "0001058090",
    "fillingDate": "2013-02-08",
    "acceptedDate": "2013-02-08 17:19:53",
    "calendarYear": "2012",
    "period": "Q4",
    "revenue": 699161000,
    "costOfRevenue": 527372000,
    "grossProfit": 171789000,
    "grossProfitRatio": 0.245707355,
    "researchAndDevelopmentExpenses": 0,
    "generalAndAdministrativeExpenses": 0,
    "sellingAndMarketingExpenses": 0,
    "sellingGeneralAndAdministrativeExpenses": 34648000,
    "otherExpenses": 34953000,
    "operatingExpenses": 69601000,
    "costAndExpenses": 596973000,
    "interestIncome": 0,
    "interestExpense": 0,
    "depreciationAndAmortization": 22141000,
    "ebitda": 137141000,
    "ebitdaratio": 0.196150815,
    "operatingIncome": 102188000,
    "operatingIncomeRatio": 0.146158038,
    "totalOtherIncomeExpensesNet": 462000,
    "incomeBeforeTax": 102650000,
    "incomeBeforeTaxRatio": 0.14681883,
    "incomeTaxExpense": 41297000,
    "netIncome": 61353000,
    "netIncomeRatio": 0.0877523203,
    "eps": 0.0396,
    "epsdiluted": 0.0396,
    "weightedAverageShsOut": 1550600000,
    "weightedAverageShsOutDil": 1550600000,
    "link": "https://www.sec.gov/Archives/edgar/data/1058090/000119312513046377/0001193125-13-046377-index.htm",
    "finalLink": "https://www.sec.gov/Archives/edgar/data/1058090/000119312513046377/d445653d10k.htm"
  },
  {
    "date": "2012-09-30",
    "symbol": "CMG",
    "reportedCurrency": "USD",
    "cik": "0001058090",
    "fillingDate": "2012-10-19",
    "acceptedDate": "2012-10-18 18:29:14",
    "calendarYear": "2012",
    "period": "Q3",
    "revenue": 700528000,
    "costOfRevenue": 508726000,
    "grossProfit": 191802000,
    "grossProfitRatio": 0.2737963365,
    "researchAndDevelopmentExpenses": 0,
    "generalAndAdministrativeExpenses": 48606000,
    "sellingAndMarketingExpenses": 0,
    "sellingGeneralAndAdministrativeExpenses": 48606000,
    "otherExpenses": 25533000,
    "operatingExpenses": 74139000,
    "costAndExpenses": 582865000,
    "interestIncome": 0,
    "interestExpense": 0,
    "depreciationAndAmortization": 21362000,
    "ebitda": 143196000,
    "ebitdaratio": 0.2044115296,
    "operatingIncome": 117663000,
    "operatingIncomeRatio": 0.1679633077,
    "totalOtherIncomeExpensesNet": 547000,
    "incomeBeforeTax": 118210000,
    "incomeBeforeTaxRatio": 0.1687441473,
    "incomeTaxExpense": 45910000,
    "netIncome": 72300000,
    "netIncomeRatio": 0.1032078661,
    "eps": 0.0456,
    "epsdiluted": 0.0454,
    "weightedAverageShsOut": 1582150000,
    "weightedAverageShsOutDil": 1592300000,
    "link": "https://www.sec.gov/Archives/edgar/data/1058090/000119312512427457/0001193125-12-427457-index.htm",
    "finalLink": "https://www.sec.gov/Archives/edgar/data/1058090/000119312512427457/d404279d10q.htm"
  },
  {
    "date": "2012-06-30",
    "symbol": "CMG",
    "reportedCurrency": "USD",
    "cik": "0001058090",
    "fillingDate": "2012-07-20",
    "acceptedDate": "2012-07-19 18:40:25",
    "calendarYear": "2012",
    "period": "Q2",
    "revenue": 690932000,
    "costOfRevenue": 489523000,
    "grossProfit": 201409000,
    "grossProfitRatio": 0.2915033607,
    "researchAndDevelopmentExpenses": 0,
    "generalAndAdministrativeExpenses": 42295000,
    "sellingAndMarketingExpenses": 0,
    "sellingGeneralAndAdministrativeExpenses": 42295000,
    "otherExpenses": 25324000,
    "operatingExpenses": 67619000,
    "costAndExpenses": 557142000,
    "interestIncome": 0,
    "interestExpense": 0,
    "depreciationAndAmortization": 20543000,
    "ebitda": 159114000,
    "ebitdaratio": 0.2302889431,
    "operatingIncome": 133790000,
    "operatingIncomeRatio": 0.1936370005,
    "totalOtherIncomeExpensesNet": 377000,
    "incomeBeforeTax": 134167000,
    "incomeBeforeTaxRatio": 0.1941826403,
    "incomeTaxExpense": 52484000,
    "netIncome": 81683000,
    "netIncomeRatio": 0.1182214748,
    "eps": 0.0516,
    "epsdiluted": 0.0512,
    "weightedAverageShsOut": 1584800000,
    "weightedAverageShsOutDil": 1597550000,
    "link": "https://www.sec.gov/Archives/edgar/data/1058090/000119312512307689/0001193125-12-307689-index.htm",
    "finalLink": "https://www.sec.gov/Archives/edgar/data/1058090/000119312512307689/d365423d10q.htm"
  },
  {
    "date": "2012-03-31",
    "symbol": "CMG",
    "reportedCurrency": "USD",
    "cik": "0001058090",
    "fillingDate": "2012-04-20",
    "acceptedDate": "2012-04-19 17:41:06",
    "calendarYear": "2012",
    "period": "Q1",
    "revenue": 640603000,
    "costOfRevenue": 465263000,
    "grossProfit": 175340000,
    "grossProfitRatio": 0.273710863,
    "researchAndDevelopmentExpenses": 0,
    "generalAndAdministrativeExpenses": 49334000,
    "sellingAndMarketingExpenses": 0,
    "sellingGeneralAndAdministrativeExpenses": 49334000,
    "otherExpenses": 23782000,
    "operatingExpenses": 73116000,
    "costAndExpenses": 538379000,
    "interestIncome": 0,
    "interestExpense": 0,
    "depreciationAndAmortization": 20084000,
    "ebitda": 126006000,
    "ebitdaratio": 0.1966990476,
    "operatingIncome": 102224000,
    "operatingIncomeRatio": 0.1595746508,
    "totalOtherIncomeExpensesNet": 434000,
    "incomeBeforeTax": 102658000,
    "incomeBeforeTaxRatio": 0.1602521374,
    "incomeTaxExpense": 39994000,
    "netIncome": 62664000,
    "netIncomeRatio": 0.0978203349,
    "eps": 0.04,
    "epsdiluted": 0.0394,
    "weightedAverageShsOut": 1570500000,
    "weightedAverageShsOutDil": 1592300000,
    "link": "https://www.sec.gov/Archives/edgar/data/1058090/000119312512170975/0001193125-12-170975-index.htm",
    "finalLink": "https://www.sec.gov/Archives/edgar/data/1058090/000119312512170975/d329098d10q.htm"
  },
  {
    "date": "2011-12-31",
    "symbol": "CMG",
    "reportedCurrency": "USD",
    "cik": "0001058090",
    "fillingDate": "2012-02-10",
    "acceptedDate": "2012-02-10 17:21:46",
    "calendarYear": "2011",
    "period": "Q4",
    "revenue": 596749000,
    "costOfRevenue": 441060000,
    "grossProfit": 155689000,
    "grossProfitRatio": 0.2608952843,
    "researchAndDevelopmentExpenses": 0,
    "generalAndAdministrativeExpenses": 0,
    "sellingAndMarketingExpenses": 0,
    "sellingGeneralAndAdministrativeExpenses": 41133000,
    "otherExpenses": 20688000,
    "operatingExpenses": 61821000,
    "costAndExpenses": 502881000,
    "interestIncome": 571000,
    "interestExpense": 157000,
    "depreciationAndAmortization": 19198000,
    "ebitda": 113637000,
    "ebitdaratio": 0.1904267959,
    "operatingIncome": 93868000,
    "operatingIncomeRatio": 0.1572989649,
    "totalOtherIncomeExpensesNet": 414000,
    "incomeBeforeTax": 94282000,
    "incomeBeforeTaxRatio": 0.1579927239,
    "incomeTaxExpense": 36809000,
    "netIncome": 57473000,
    "netIncomeRatio": 0.096310174,
    "eps": 0.0368,
    "epsdiluted": 0.0362,
    "weightedAverageShsOut": 1564050000,
    "weightedAverageShsOutDil": 1589200000,
    "link": "https://www.sec.gov/Archives/edgar/data/1058090/000119312512052969/0001193125-12-052969-index.htm",
    "finalLink": "https://www.sec.gov/Archives/edgar/data/1058090/000119312512052969/d280751d10k.htm"
  },
  {
    "date": "2011-09-30",
    "symbol": "CMG",
    "reportedCurrency": "USD",
    "cik": "0001058090",
    "fillingDate": "2011-10-21",
    "acceptedDate": "2011-10-21 13:42:28",
    "calendarYear": "2011",
    "period": "Q3",
    "revenue": 591854000,
    "costOfRevenue": 434123000,
    "grossProfit": 157731000,
    "grossProfitRatio": 0.2665032255,
    "researchAndDevelopmentExpenses": 0,
    "generalAndAdministrativeExpenses": 0,
    "sellingAndMarketingExpenses": 0,
    "sellingGeneralAndAdministrativeExpenses": 39702000,
    "otherExpenses": 20019000,
    "operatingExpenses": 59721000,
    "costAndExpenses": 493844000,
    "interestIncome": 567000,
    "interestExpense": 119000,
    "depreciationAndAmortization": 18741000,
    "ebitda": 118029000,
    "ebitdaratio": 0.1994224927,
    "operatingIncome": 98010000,
    "operatingIncomeRatio": 0.1655982725,
    "totalOtherIncomeExpensesNet": 448000,
    "incomeBeforeTax": 98458000,
    "incomeBeforeTaxRatio": 0.166355216,
    "incomeTaxExpense": 38025000,
    "netIncome": 60433000,
    "netIncomeRatio": 0.1021079523,
    "eps": 0.0386,
    "epsdiluted": 0.038,
    "weightedAverageShsOut": 1566550000,
    "weightedAverageShsOutDil": 1591600000,
    "link": "https://www.sec.gov/Archives/edgar/data/1058090/000119312511277141/0001193125-11-277141-index.htm",
    "finalLink": "https://www.sec.gov/Archives/edgar/data/1058090/000119312511277141/d227353d10q.htm"
  },
  {
    "date": "2011-06-30",
    "symbol": "CMG",
    "reportedCurrency": "USD",
    "cik": "0001058090",
    "fillingDate": "2011-07-21",
    "acceptedDate": "2011-07-21 17:15:32",
    "calendarYear": "2011",
    "period": "Q2",
    "revenue": 188121000,
    "costOfRevenue": 424242000,
    "grossProfit": 147319000,
    "grossProfitRatio": 0.7831076807,
    "researchAndDevelopmentExpenses": 0,
    "generalAndAdministrativeExpenses": 0,
    "sellingAndMarketingExpenses": 0,
    "sellingGeneralAndAdministrativeExpenses": 43574000,
    "otherExpenses": 19882000,
    "operatingExpenses": 63456000,
    "costAndExpenses": 487698000,
    "interestIncome": 475000,
    "interestExpense": 2481000,
    "depreciationAndAmortization": 18505000,
    "ebitda": 103745000,
    "ebitdaratio": 0.5514801644,
    "operatingIncome": 83863000,
    "operatingIncomeRatio": 0.4457928674,
    "totalOtherIncomeExpensesNet": -2006000,
    "incomeBeforeTax": 81857000,
    "incomeBeforeTaxRatio": 0.4351295177,
    "incomeTaxExpense": 31200000,
    "netIncome": 50657000,
    "netIncomeRatio": 0.2692788152,
    "eps": 0.0326,
    "epsdiluted": 0.0318,
    "weightedAverageShsOut": 1558350000,
    "weightedAverageShsOutDil": 1588050000,
    "link": "https://www.sec.gov/Archives/edgar/data/1058090/000119312511193785/0001193125-11-193785-index.htm",
    "finalLink": "https://www.sec.gov/Archives/edgar/data/1058090/000119312511193785/d10q.htm"
  },
  {
    "date": "2011-03-31",
    "symbol": "CMG",
    "reportedCurrency": "USD",
    "cik": "0001058090",
    "fillingDate": "2011-04-21",
    "acceptedDate": "2011-04-21 14:23:47",
    "calendarYear": "2011",
    "period": "Q1",
    "revenue": 509384000,
    "costOfRevenue": 380896000,
    "grossProfit": 128488000,
    "grossProfitRatio": 0.2522419236,
    "researchAndDevelopmentExpenses": 0,
    "generalAndAdministrativeExpenses": 0,
    "sellingAndMarketingExpenses": 0,
    "sellingGeneralAndAdministrativeExpenses": 33512000,
    "otherExpenses": 20155000,
    "operatingExpenses": 53667000,
    "costAndExpenses": 434563000,
    "interestIncome": 475000,
    "interestExpense": 188000,
    "depreciationAndAmortization": 18494000,
    "ebitda": 94976000,
    "ebitdaratio": 0.1864526565,
    "operatingIncome": 74821000,
    "operatingIncomeRatio": 0.1468852575,
    "totalOtherIncomeExpensesNet": 287000,
    "incomeBeforeTax": 75108000,
    "incomeBeforeTaxRatio": 0.1474486831,
    "incomeTaxExpense": 28726000,
    "netIncome": 46382000,
    "netIncomeRatio": 0.0910550783,
    "eps": 0.0298,
    "epsdiluted": 0.0292,
    "weightedAverageShsOut": 1554100000,
    "weightedAverageShsOutDil": 1585850000,
    "link": "https://www.sec.gov/Archives/edgar/data/1058090/000119312511105016/0001193125-11-105016-index.htm",
    "finalLink": "https://www.sec.gov/Archives/edgar/data/1058090/000119312511105016/d10q.htm"
  },
  {
    "date": "2010-12-31",
    "symbol": "CMG",
    "reportedCurrency": "USD",
    "cik": "0001058090",
    "fillingDate": "2011-02-17",
    "acceptedDate": "2011-02-17 15:19:20",
    "calendarYear": "2010",
    "period": "Q4",
    "revenue": 482521000,
    "costOfRevenue": 357379000,
    "grossProfit": 125142000,
    "grossProfitRatio": 0.2593503702,
    "researchAndDevelopmentExpenses": 0,
    "generalAndAdministrativeExpenses": 0,
    "sellingAndMarketingExpenses": 0,
    "sellingGeneralAndAdministrativeExpenses": 31331000,
    "otherExpenses": 19819000,
    "operatingExpenses": 51150000,
    "costAndExpenses": 408529000,
    "interestIncome": 402000,
    "interestExpense": 91000,
    "depreciationAndAmortization": 17815000,
    "ebitda": 92209000,
    "ebitdaratio": 0.1910984185,
    "operatingIncome": 73992000,
    "operatingIncomeRatio": 0.1533446213,
    "totalOtherIncomeExpensesNet": 311000,
    "incomeBeforeTax": 74303000,
    "incomeBeforeTaxRatio": 0.1539891528,
    "incomeTaxExpense": 27858000,
    "netIncome": 46445000,
    "netIncomeRatio": 0.096254878,
    "eps": 0.0298,
    "epsdiluted": 0.0298,
    "weightedAverageShsOut": 1554100000,
    "weightedAverageShsOutDil": 1554100000,
    "link": "https://www.sec.gov/Archives/edgar/data/1058090/000119312511039010/0001193125-11-039010-index.htm",
    "finalLink": "https://www.sec.gov/Archives/edgar/data/1058090/000119312511039010/d10k.htm"
  },
  {
    "date": "2010-09-30",
    "symbol": "CMG",
    "reportedCurrency": "USD",
    "cik": "0001058090",
    "fillingDate": "2010-10-22",
    "acceptedDate": "2010-10-22 14:52:03",
    "calendarYear": "2010",
    "period": "Q3",
    "revenue": 476874000,
    "costOfRevenue": 344995000,
    "grossProfit": 131879000,
    "grossProfitRatio": 0.2765489416,
    "researchAndDevelopmentExpenses": 0,
    "generalAndAdministrativeExpenses": 0,
    "sellingAndMarketingExpenses": 0,
    "sellingGeneralAndAdministrativeExpenses": 35465000,
    "otherExpenses": 18830000,
    "operatingExpenses": 54295000,
    "costAndExpenses": 399290000,
    "interestIncome": 395000,
    "interestExpense": 14000,
    "depreciationAndAmortization": 17319000,
    "ebitda": 95298000,
    "ebitdaratio": 0.1998389512,
    "operatingIncome": 77584000,
    "operatingIncomeRatio": 0.1626928707,
    "totalOtherIncomeExpensesNet": 381000,
    "incomeBeforeTax": 77965000,
    "incomeBeforeTaxRatio": 0.1634918238,
    "incomeTaxExpense": 29737000,
    "netIncome": 48228000,
    "netIncomeRatio": 0.1011336328,
    "eps": 0.031,
    "epsdiluted": 0.0304,
    "weightedAverageShsOut": 1551550000,
    "weightedAverageShsOutDil": 1581450000,
    "link": "https://www.sec.gov/Archives/edgar/data/1058090/000119312510234548/0001193125-10-234548-index.htm",
    "finalLink": "https://www.sec.gov/Archives/edgar/data/1058090/000119312510234548/d10q.htm"
  },
  {
    "date": "2010-06-30",
    "symbol": "CMG",
    "reportedCurrency": "USD",
    "cik": "0001058090",
    "fillingDate": "2010-07-27",
    "acceptedDate": "2010-07-27 11:55:40",
    "calendarYear": "2010",
    "period": "Q2",
    "revenue": 466841000,
    "costOfRevenue": 341452000,
    "grossProfit": 125389000,
    "grossProfitRatio": 0.2685903766,
    "researchAndDevelopmentExpenses": 0,
    "generalAndAdministrativeExpenses": 0,
    "sellingAndMarketingExpenses": 0,
    "sellingGeneralAndAdministrativeExpenses": 31865000,
    "otherExpenses": 18565000,
    "operatingExpenses": 50430000,
    "costAndExpenses": 391882000,
    "interestIncome": 427000,
    "interestExpense": 85000,
    "depreciationAndAmortization": 17053000,
    "ebitda": 92439000,
    "ebitdaratio": 0.1980096007,
    "operatingIncome": 74959000,
    "operatingIncomeRatio": 0.1605664455,
    "totalOtherIncomeExpensesNet": 342000,
    "incomeBeforeTax": 75301000,
    "incomeBeforeTaxRatio": 0.161299029,
    "incomeTaxExpense": 28840000,
    "netIncome": 46461000,
    "netIncomeRatio": 0.0995221071,
    "eps": 0.0296,
    "epsdiluted": 0.0292,
    "weightedAverageShsOut": 1568650000,
    "weightedAverageShsOutDil": 1590100000,
    "link": "https://www.sec.gov/Archives/edgar/data/1058090/000119312510167036/0001193125-10-167036-index.htm",
    "finalLink": "https://www.sec.gov/Archives/edgar/data/1058090/000119312510167036/d10q.htm"
  },
  {
    "date": "2010-03-31",
    "symbol": "CMG",
    "reportedCurrency": "USD",
    "cik": "0001058090",
    "fillingDate": "2010-04-23",
    "acceptedDate": "2010-04-23 13:54:46",
    "calendarYear": "2010",
    "period": "Q1",
    "revenue": 409686000,
    "costOfRevenue": 302691000,
    "grossProfit": 106995000,
    "grossProfitRatio": 0.2611634276,
    "researchAndDevelopmentExpenses": 0,
    "generalAndAdministrativeExpenses": 0,
    "sellingAndMarketingExpenses": 0,
    "sellingGeneralAndAdministrativeExpenses": 27696000,
    "otherExpenses": 18003000,
    "operatingExpenses": 45699000,
    "costAndExpenses": 348390000,
    "interestIncome": 275000,
    "interestExpense": 79000,
    "depreciationAndAmortization": 16734000,
    "ebitda": 78305000,
    "ebitdaratio": 0.1911341857,
    "operatingIncome": 61296000,
    "operatingIncomeRatio": 0.1496170238,
    "totalOtherIncomeExpensesNet": 196000,
    "incomeBeforeTax": 61492000,
    "incomeBeforeTaxRatio": 0.1500954389,
    "incomeTaxExpense": 23645000,
    "netIncome": 37847000,
    "netIncomeRatio": 0.092380506,
    "eps": 0.024,
    "epsdiluted": 0.0238,
    "weightedAverageShsOut": 1574150000,
    "weightedAverageShsOutDil": 1590700000,
    "link": "https://www.sec.gov/Archives/edgar/data/1058090/000119312510091448/0001193125-10-091448-index.htm",
    "finalLink": "https://www.sec.gov/Archives/edgar/data/1058090/000119312510091448/d10q.htm"
  },
  {
    "date": "2009-12-31",
    "symbol": "CMG",
    "reportedCurrency": "USD",
    "cik": "0001058090",
    "fillingDate": "2010-02-19",
    "acceptedDate": "2010-02-19 13:29:38",
    "calendarYear": "2009",
    "period": "Q4",
    "revenue": 387544000,
    "costOfRevenue": 292532000,
    "grossProfit": 95012000,
    "grossProfitRatio": 0.24516442,
    "researchAndDevelopmentExpenses": 0,
    "generalAndAdministrativeExpenses": 0,
    "sellingAndMarketingExpenses": 0,
    "sellingGeneralAndAdministrativeExpenses": 27483000,
    "otherExpenses": 17144000,
    "operatingExpenses": 44627000,
    "costAndExpenses": 337159000,
    "interestIncome": 302000,
    "interestExpense": 72000,
    "depreciationAndAmortization": 15940000,
    "ebitda": 66627000,
    "ebitdaratio": 0.1719211238,
    "operatingIncome": 50385000,
    "operatingIncomeRatio": 0.1300110439,
    "totalOtherIncomeExpensesNet": 230000,
    "incomeBeforeTax": 50615000,
    "incomeBeforeTaxRatio": 0.1306045249,
    "incomeTaxExpense": 19019000,
    "netIncome": 31596000,
    "netIncomeRatio": 0.0815288071,
    "eps": 0.02,
    "epsdiluted": 0.02,
    "weightedAverageShsOut": 1574150000,
    "weightedAverageShsOutDil": 1574150000,
    "link": "https://www.sec.gov/Archives/edgar/data/1058090/000119312510035029/0001193125-10-035029-index.htm",
    "finalLink": "https://www.sec.gov/Archives/edgar/data/1058090/000119312510035029/d10k.htm"
  },
  {
    "date": "2009-09-30",
    "symbol": "CMG",
    "reportedCurrency": "USD",
    "cik": "0001058090",
    "fillingDate": "2009-10-27",
    "acceptedDate": "2009-10-27 16:07:18",
    "calendarYear": "2009",
    "period": "Q3",
    "revenue": 387581000,
    "costOfRevenue": 288687000,
    "grossProfit": 98894000,
    "grossProfitRatio": 0.2551569865,
    "researchAndDevelopmentExpenses": 0,
    "generalAndAdministrativeExpenses": 0,
    "sellingAndMarketingExpenses": 0,
    "sellingGeneralAndAdministrativeExpenses": 27090000,
    "otherExpenses": 16995000,
    "operatingExpenses": 44085000,
    "costAndExpenses": 332772000,
    "interestIncome": 132000,
    "interestExpense": 74000,
    "depreciationAndAmortization": 15451000,
    "ebitda": 70392000,
    "ebitdaratio": 0.18161881,
    "operatingIncome": 54809000,
    "operatingIncomeRatio": 0.1414130208,
    "totalOtherIncomeExpensesNet": 58000,
    "incomeBeforeTax": 54867000,
    "incomeBeforeTaxRatio": 0.1415626669,
    "incomeTaxExpense": 20403000,
    "netIncome": 34464000,
    "netIncomeRatio": 0.0889207675,
    "eps": 0.0218,
    "epsdiluted": 0.0216,
    "weightedAverageShsOut": 1581250000,
    "weightedAverageShsOutDil": 1597450000,
    "link": "https://www.sec.gov/Archives/edgar/data/1058090/000119312509214832/0001193125-09-214832-index.htm",
    "finalLink": "https://www.sec.gov/Archives/edgar/data/1058090/000119312509214832/d10q.htm"
  },
  {
    "date": "2009-06-30",
    "symbol": "CMG",
    "reportedCurrency": "USD",
    "cik": "0001058090",
    "fillingDate": "2009-07-24",
    "acceptedDate": "2009-07-24 13:37:28",
    "calendarYear": "2009",
    "period": "Q2",
    "revenue": 388836000,
    "costOfRevenue": 287608000,
    "grossProfit": 101228000,
    "grossProfitRatio": 0.2603359771,
    "researchAndDevelopmentExpenses": 0,
    "generalAndAdministrativeExpenses": 0,
    "sellingAndMarketingExpenses": 0,
    "sellingGeneralAndAdministrativeExpenses": 27365000,
    "otherExpenses": 16541000,
    "operatingExpenses": 43906000,
    "costAndExpenses": 331514000,
    "interestIncome": 293000,
    "interestExpense": 186000,
    "depreciationAndAmortization": 15197000,
    "ebitda": 72812000,
    "ebitdaratio": 0.187256324,
    "operatingIncome": 57322000,
    "operatingIncomeRatio": 0.1474194776,
    "totalOtherIncomeExpensesNet": 107000,
    "incomeBeforeTax": 57429000,
    "incomeBeforeTaxRatio": 0.1476946579,
    "incomeTaxExpense": 22036000,
    "netIncome": 35393000,
    "netIncomeRatio": 0.0910229505,
    "eps": 0.0222,
    "epsdiluted": 0.022,
    "weightedAverageShsOut": 1592800000,
    "weightedAverageShsOutDil": 1609750000,
    "link": "https://www.sec.gov/Archives/edgar/data/1058090/000119312509154760/0001193125-09-154760-index.htm",
    "finalLink": "https://www.sec.gov/Archives/edgar/data/1058090/000119312509154760/d10q.htm"
  },
  {
    "date": "2009-03-31",
    "symbol": "CMG",
    "reportedCurrency": "USD",
    "cik": "0001058090",
    "fillingDate": "2009-04-23",
    "acceptedDate": "2009-04-22 18:25:11",
    "calendarYear": "2009",
    "period": "Q1",
    "revenue": 354456000,
    "costOfRevenue": 271071000,
    "grossProfit": 83385000,
    "grossProfitRatio": 0.2352478164,
    "researchAndDevelopmentExpenses": 0,
    "generalAndAdministrativeExpenses": 0,
    "sellingAndMarketingExpenses": 0,
    "sellingGeneralAndAdministrativeExpenses": 25612000,
    "otherExpenses": 16584000,
    "operatingExpenses": 42196000,
    "costAndExpenses": 313267000,
    "interestIncome": 198000,
    "interestExpense": 73000,
    "depreciationAndAmortization": 14720000,
    "ebitda": 56107000,
    "ebitdaratio": 0.1582904507,
    "operatingIncome": 41189000,
    "operatingIncomeRatio": 0.1162034216,
    "totalOtherIncomeExpensesNet": 125000,
    "incomeBeforeTax": 41314000,
    "incomeBeforeTaxRatio": 0.1165560747,
    "incomeTaxExpense": 15922000,
    "netIncome": 25392000,
    "netIncomeRatio": 0.071636536,
    "eps": 0.0158,
    "epsdiluted": 0.0156,
    "weightedAverageShsOut": 1600150000,
    "weightedAverageShsOutDil": 1618100000,
    "link": "https://www.sec.gov/Archives/edgar/data/1058090/000119312509084791/0001193125-09-084791-index.htm",
    "finalLink": "https://www.sec.gov/Archives/edgar/data/1058090/000119312509084791/d10q.htm"
  },
  {
    "date": "2008-12-31",
    "symbol": "CMG",
    "reportedCurrency": "USD",
    "cik": "0001058090",
    "fillingDate": "2009-02-19",
    "acceptedDate": "2009-02-19 17:25:05",
    "calendarYear": "2008",
    "period": "Q4",
    "revenue": 345344000,
    "costOfRevenue": 272447000,
    "grossProfit": 72897000,
    "grossProfitRatio": 0.2110851788,
    "researchAndDevelopmentExpenses": 0,
    "generalAndAdministrativeExpenses": 0,
    "sellingAndMarketingExpenses": 0,
    "sellingGeneralAndAdministrativeExpenses": 35890000,
    "otherExpenses": 14345000,
    "operatingExpenses": 50235000,
    "costAndExpenses": 322682000,
    "interestIncome": 0,
    "interestExpense": 0,
    "depreciationAndAmortization": 14124000,
    "ebitda": 31137000,
    "ebitdaratio": 0.090162273,
    "operatingIncome": 22662000,
    "operatingIncomeRatio": 0.0656215252,
    "totalOtherIncomeExpensesNet": 5407000,
    "incomeBeforeTax": 28069000,
    "incomeBeforeTaxRatio": 0.0812783775,
    "incomeTaxExpense": 11096000,
    "netIncome": 16973000,
    "netIncomeRatio": 0.0491480958,
    "eps": 0.0106,
    "epsdiluted": 0.0106,
    "weightedAverageShsOut": 1600150000,
    "weightedAverageShsOutDil": 1600150000,
    "link": "https://www.sec.gov/Archives/edgar/data/1058090/000119312509033199/0001193125-09-033199-index.htm",
    "finalLink": "https://www.sec.gov/Archives/edgar/data/1058090/000119312509033199/d10k.htm"
  },
  {
    "date": "2008-09-30",
    "symbol": "CMG",
    "reportedCurrency": "USD",
    "cik": "0001058090",
    "fillingDate": "2008-10-23",
    "acceptedDate": "2008-10-22 19:31:14",
    "calendarYear": "2008",
    "period": "Q3",
    "revenue": 340543000,
    "costOfRevenue": 267808000,
    "grossProfit": 72735000,
    "grossProfitRatio": 0.2135853622,
    "researchAndDevelopmentExpenses": 0,
    "generalAndAdministrativeExpenses": 0,
    "sellingAndMarketingExpenses": 0,
    "sellingGeneralAndAdministrativeExpenses": 25529000,
    "otherExpenses": 16148000,
    "operatingExpenses": 41677000,
    "costAndExpenses": 309485000,
    "interestIncome": 931000,
    "interestExpense": 78000,
    "depreciationAndAmortization": 13769000,
    "ebitda": 45758000,
    "ebitdaratio": 0.1343677597,
    "operatingIncome": 31058000,
    "operatingIncomeRatio": 0.0912014048,
    "totalOtherIncomeExpensesNet": 853000,
    "incomeBeforeTax": 31911000,
    "incomeBeforeTaxRatio": 0.093706228,
    "incomeTaxExpense": 12434000,
    "netIncome": 19477000,
    "netIncomeRatio": 0.057193952,
    "eps": 0.0118,
    "epsdiluted": 0.0118,
    "weightedAverageShsOut": 1643100000,
    "weightedAverageShsOutDil": 1658500000,
    "link": "https://www.sec.gov/Archives/edgar/data/1058090/000119312508214577/0001193125-08-214577-index.htm",
    "finalLink": "https://www.sec.gov/Archives/edgar/data/1058090/000119312508214577/d10q.htm"
  },
  {
    "date": "2008-06-30",
    "symbol": "CMG",
    "reportedCurrency": "USD",
    "cik": "0001058090",
    "fillingDate": "2008-07-24",
    "acceptedDate": "2008-07-23 19:48:38",
    "calendarYear": "2008",
    "period": "Q2",
    "revenue": 340754000,
    "costOfRevenue": 264276000,
    "grossProfit": 76478000,
    "grossProfitRatio": 0.2244375708,
    "researchAndDevelopmentExpenses": 0,
    "generalAndAdministrativeExpenses": 0,
    "sellingAndMarketingExpenses": 0,
    "sellingGeneralAndAdministrativeExpenses": 24087000,
    "otherExpenses": 14077000,
    "operatingExpenses": 38164000,
    "costAndExpenses": 302440000,
    "interestIncome": 925000,
    "interestExpense": 75000,
    "depreciationAndAmortization": 12707000,
    "ebitda": 51946000,
    "ebitdaratio": 0.1524442853,
    "operatingIncome": 38314000,
    "operatingIncomeRatio": 0.1124388855,
    "totalOtherIncomeExpensesNet": 850000,
    "incomeBeforeTax": 39164000,
    "incomeBeforeTaxRatio": 0.1149333537,
    "incomeTaxExpense": 14696000,
    "netIncome": 24468000,
    "netIncomeRatio": 0.0718054667,
    "eps": 0.0148,
    "epsdiluted": 0.0148,
    "weightedAverageShsOut": 1642800000,
    "weightedAverageShsOutDil": 1664200000,
    "link": "https://www.sec.gov/Archives/edgar/data/1058090/000119312508156509/0001193125-08-156509-index.htm",
    "finalLink": "https://www.sec.gov/Archives/edgar/data/1058090/000119312508156509/d10q.htm"
  },
  {
    "date": "2008-03-31",
    "symbol": "CMG",
    "reportedCurrency": "USD",
    "cik": "0001058090",
    "fillingDate": "2008-04-24",
    "acceptedDate": "2008-04-24 10:31:09",
    "calendarYear": "2008",
    "period": "Q1",
    "revenue": 305327000,
    "costOfRevenue": 278534000,
    "grossProfit": 26793000,
    "grossProfitRatio": 0.0877518202,
    "researchAndDevelopmentExpenses": 0,
    "generalAndAdministrativeExpenses": 0,
    "sellingAndMarketingExpenses": 0,
    "sellingGeneralAndAdministrativeExpenses": 24391000,
    "otherExpenses": 13633000,
    "operatingExpenses": 38024000,
    "costAndExpenses": 316558000,
    "interestIncome": 1343000,
    "interestExpense": 74000,
    "depreciationAndAmortization": 12170000,
    "ebitda": 40306000,
    "ebitdaratio": 0.1320092884,
    "operatingIncome": 26793000,
    "operatingIncomeRatio": 0.0877518202,
    "totalOtherIncomeExpensesNet": 1269000,
    "incomeBeforeTax": 28062000,
    "incomeBeforeTaxRatio": 0.0919080199,
    "incomeTaxExpense": 10778000,
    "netIncome": 17284000,
    "netIncomeRatio": 0.0566081611,
    "eps": 0.0106,
    "epsdiluted": 0.0104,
    "weightedAverageShsOut": 1640400000,
    "weightedAverageShsOutDil": 1666500000,
    "link": "https://www.sec.gov/Archives/edgar/data/1058090/000119312508088851/0001193125-08-088851-index.htm",
    "finalLink": "https://www.sec.gov/Archives/edgar/data/1058090/000119312508088851/d10q.htm"
  },
  {
    "date": "2007-12-31",
    "symbol": "CMG",
    "reportedCurrency": "USD",
    "cik": "0001058090",
    "fillingDate": "2008-02-26",
    "acceptedDate": "2008-02-26 16:41:24",
    "calendarYear": "2007",
    "period": "Q4",
    "revenue": 288910000,
    "costOfRevenue": 225021000,
    "grossProfit": 63889000,
    "grossProfitRatio": 0.2211380707,
    "researchAndDevelopmentExpenses": 0,
    "generalAndAdministrativeExpenses": 0,
    "sellingAndMarketingExpenses": 0,
    "sellingGeneralAndAdministrativeExpenses": 13911000,
    "otherExpenses": 22067000,
    "operatingExpenses": 35978000,
    "costAndExpenses": 260999000,
    "interestIncome": 0,
    "interestExpense": 0,
    "depreciationAndAmortization": 11688000,
    "ebitda": 49184000,
    "ebitdaratio": 0.1702398671,
    "operatingIncome": 27911000,
    "operatingIncomeRatio": 0.0966079402,
    "totalOtherIncomeExpensesNet": 970000,
    "incomeBeforeTax": 28881000,
    "incomeBeforeTaxRatio": 0.0999653871,
    "incomeTaxExpense": 11343000,
    "netIncome": 17538000,
    "netIncomeRatio": 0.0607040255,
    "eps": 0.0106,
    "epsdiluted": 0.0106,
    "weightedAverageShsOut": 1640400000,
    "weightedAverageShsOutDil": 1640400000,
    "link": "https://www.sec.gov/Archives/edgar/data/1058090/000119312508038764/0001193125-08-038764-index.htm",
    "finalLink": "https://www.sec.gov/Archives/edgar/data/1058090/000119312508038764/d10k.htm"
  },
  {
    "date": "2007-09-30",
    "symbol": "CMG",
    "reportedCurrency": "USD",
    "cik": "0001058090",
    "fillingDate": "2007-10-31",
    "acceptedDate": "2007-10-31 16:57:02",
    "calendarYear": "2007",
    "period": "Q3",
    "revenue": 286431000,
    "costOfRevenue": 220455000,
    "grossProfit": 65976000,
    "grossProfitRatio": 0.2303381966,
    "researchAndDevelopmentExpenses": 0,
    "generalAndAdministrativeExpenses": 0,
    "sellingAndMarketingExpenses": 0,
    "sellingGeneralAndAdministrativeExpenses": 21629000,
    "otherExpenses": 12951000,
    "operatingExpenses": 34580000,
    "costAndExpenses": 255035000,
    "interestIncome": 0,
    "interestExpense": 0,
    "depreciationAndAmortization": 11167000,
    "ebitda": 42563000,
    "ebitdaratio": 0.1485977426,
    "operatingIncome": 31396000,
    "operatingIncomeRatio": 0.1096110407,
    "totalOtherIncomeExpensesNet": 1523000,
    "incomeBeforeTax": 32919000,
    "incomeBeforeTaxRatio": 0.1149282026,
    "incomeTaxExpense": 12315000,
    "netIncome": 20604000,
    "netIncomeRatio": 0.0719335547,
    "eps": 0.0126,
    "epsdiluted": 0.0124,
    "weightedAverageShsOut": 1635300000,
    "weightedAverageShsOutDil": 1658550000,
    "link": "https://www.sec.gov/Archives/edgar/data/1058090/000119312507231213/0001193125-07-231213-index.htm",
    "finalLink": "https://www.sec.gov/Archives/edgar/data/1058090/000119312507231213/d10q.htm"
  },
  {
    "date": "2007-06-30",
    "symbol": "CMG",
    "reportedCurrency": "USD",
    "cik": "0001058090",
    "fillingDate": "2007-08-01",
    "acceptedDate": "2007-07-31 18:35:56",
    "calendarYear": "2007",
    "period": "Q2",
    "revenue": 274346000,
    "costOfRevenue": 210566000,
    "grossProfit": 63780000,
    "grossProfitRatio": 0.2324801528,
    "researchAndDevelopmentExpenses": 0,
    "generalAndAdministrativeExpenses": 0,
    "sellingAndMarketingExpenses": 0,
    "sellingGeneralAndAdministrativeExpenses": 20679000,
    "otherExpenses": 12419000,
    "operatingExpenses": 33098000,
    "costAndExpenses": 243664000,
    "interestIncome": 0,
    "interestExpense": 0,
    "depreciationAndAmortization": 10576000,
    "ebitda": 41258000,
    "ebitdaratio": 0.1503867379,
    "operatingIncome": 30682000,
    "operatingIncomeRatio": 0.1118368775,
    "totalOtherIncomeExpensesNet": 1456000,
    "incomeBeforeTax": 32138000,
    "incomeBeforeTaxRatio": 0.1171440444,
    "incomeTaxExpense": 12157000,
    "netIncome": 19981000,
    "netIncomeRatio": 0.0728313881,
    "eps": 0.0122,
    "epsdiluted": 0.012,
    "weightedAverageShsOut": 1632100000,
    "weightedAverageShsOutDil": 1653250000,
    "link": "https://www.sec.gov/Archives/edgar/data/1058090/000119312507166908/0001193125-07-166908-index.htm",
    "finalLink": "https://www.sec.gov/Archives/edgar/data/1058090/000119312507166908/d10q.htm"
  },
  {
    "date": "2007-03-31",
    "symbol": "CMG",
    "reportedCurrency": "USD",
    "cik": "0001058090",
    "fillingDate": "2007-05-02",
    "acceptedDate": "2007-05-01 19:58:40",
    "calendarYear": "2007",
    "period": "Q1",
    "revenue": 236095000,
    "costOfRevenue": 187171000,
    "grossProfit": 48924000,
    "grossProfitRatio": 0.2072216692,
    "researchAndDevelopmentExpenses": 0,
    "generalAndAdministrativeExpenses": 0,
    "sellingAndMarketingExpenses": 0,
    "sellingGeneralAndAdministrativeExpenses": 18819000,
    "otherExpenses": 11456000,
    "operatingExpenses": 30275000,
    "costAndExpenses": 217446000,
    "interestIncome": 0,
    "interestExpense": 0,
    "depreciationAndAmortization": 10164000,
    "ebitda": 28813000,
    "ebitdaratio": 0.1220398568,
    "operatingIncome": 18649000,
    "operatingIncomeRatio": 0.0789893899,
    "totalOtherIncomeExpensesNet": 1415000,
    "incomeBeforeTax": 20064000,
    "incomeBeforeTaxRatio": 0.08498274,
    "incomeTaxExpense": 7624000,
    "netIncome": 12440000,
    "netIncomeRatio": 0.0526906542,
    "eps": 0.0076,
    "epsdiluted": 0.0076,
    "weightedAverageShsOut": 1627900000,
    "weightedAverageShsOutDil": 1647650000,
    "link": "https://www.sec.gov/Archives/edgar/data/1058090/000119312507098149/0001193125-07-098149-index.htm",
    "finalLink": "https://www.sec.gov/Archives/edgar/data/1058090/000119312507098149/d10q.htm"
  },
  {
    "date": "2006-12-31",
    "symbol": "CMG",
    "reportedCurrency": "USD",
    "cik": "0001058090",
    "fillingDate": "2007-02-23",
    "acceptedDate": "2007-02-23 15:46:42",
    "calendarYear": "2006",
    "period": "Q4",
    "revenue": 219719000,
    "costOfRevenue": 175060000,
    "grossProfit": 44659000,
    "grossProfitRatio": 0.2032550667,
    "researchAndDevelopmentExpenses": 0,
    "generalAndAdministrativeExpenses": 0,
    "sellingAndMarketingExpenses": 0,
    "sellingGeneralAndAdministrativeExpenses": 11983000,
    "otherExpenses": 17180000,
    "operatingExpenses": 29163000,
    "costAndExpenses": 204223000,
    "interestIncome": 0,
    "interestExpense": 0,
    "depreciationAndAmortization": 9265000,
    "ebitda": 24761000,
    "ebitdaratio": 0.1126939409,
    "operatingIncome": 15496000,
    "operatingIncomeRatio": 0.0705264451,
    "totalOtherIncomeExpensesNet": 1893000,
    "incomeBeforeTax": 17389000,
    "incomeBeforeTaxRatio": 0.079141995,
    "incomeTaxExpense": 6548000,
    "netIncome": 10841000,
    "netIncomeRatio": 0.0493402937,
    "eps": 0.0066,
    "epsdiluted": 0.0066,
    "weightedAverageShsOut": 1627000000,
    "weightedAverageShsOutDil": 1627900000,
    "link": "https://www.sec.gov/Archives/edgar/data/1058090/000119312507038325/0001193125-07-038325-index.htm",
    "finalLink": "https://www.sec.gov/Archives/edgar/data/1058090/000119312507038325/d10k.htm"
  },
  {
    "date": "2006-09-30",
    "symbol": "CMG",
    "reportedCurrency": "USD",
    "cik": "0001058090",
    "fillingDate": "2006-11-01",
    "acceptedDate": "2006-10-31 18:09:27",
    "calendarYear": "2006",
    "period": "Q3",
    "revenue": 211260000,
    "costOfRevenue": 165849000,
    "grossProfit": 45411000,
    "grossProfitRatio": 0.2149531383,
    "researchAndDevelopmentExpenses": 0,
    "generalAndAdministrativeExpenses": 0,
    "sellingAndMarketingExpenses": 0,
    "sellingGeneralAndAdministrativeExpenses": 17776000,
    "otherExpenses": 9782000,
    "operatingExpenses": 27558000,
    "costAndExpenses": 193407000,
    "interestIncome": 0,
    "interestExpense": 0,
    "depreciationAndAmortization": 8676000,
    "ebitda": 26529000,
    "ebitdaratio": 0.1255751207,
    "operatingIncome": 17853000,
    "operatingIncomeRatio": 0.0845072423,
    "totalOtherIncomeExpensesNet": 1947000,
    "incomeBeforeTax": 19800000,
    "incomeBeforeTaxRatio": 0.093723374,
    "incomeTaxExpense": 7998000,
    "netIncome": 11802000,
    "netIncomeRatio": 0.0558648111,
    "eps": 0.0072,
    "epsdiluted": 0.0072,
    "weightedAverageShsOut": 1624950000,
    "weightedAverageShsOutDil": 1644250000,
    "link": "https://www.sec.gov/Archives/edgar/data/1058090/000110465906070000/0001104659-06-070000-index.htm",
    "finalLink": "https://www.sec.gov/Archives/edgar/data/1058090/000110465906070000/a06-22136_110q.htm"
  },
  {
    "date": "2006-06-30",
    "symbol": "CMG",
    "reportedCurrency": "USD",
    "cik": "0001058090",
    "fillingDate": "2006-08-08",
    "acceptedDate": "2006-08-08 12:52:47",
    "calendarYear": "2006",
    "period": "Q2",
    "revenue": 204936000,
    "costOfRevenue": 160493000,
    "grossProfit": 44443000,
    "grossProfitRatio": 0.2168628255,
    "researchAndDevelopmentExpenses": 0,
    "generalAndAdministrativeExpenses": 0,
    "sellingAndMarketingExpenses": 0,
    "sellingGeneralAndAdministrativeExpenses": 19148000,
    "otherExpenses": 9425000,
    "operatingExpenses": 28573000,
    "costAndExpenses": 189066000,
    "interestIncome": 0,
    "interestExpense": 0,
    "depreciationAndAmortization": 8309000,
    "ebitda": 24179000,
    "ebitdaratio": 0.1179831752,
    "operatingIncome": 15870000,
    "operatingIncomeRatio": 0.0774388102,
    "totalOtherIncomeExpensesNet": 1557000,
    "incomeBeforeTax": 17427000,
    "incomeBeforeTaxRatio": 0.085036304,
    "incomeTaxExpense": 6635000,
    "netIncome": 10792000,
    "netIncomeRatio": 0.0526603427,
    "eps": 0.0066,
    "epsdiluted": 0.0066,
    "weightedAverageShsOut": 1623100000,
    "weightedAverageShsOutDil": 1645150000,
    "link": "https://www.sec.gov/Archives/edgar/data/1058090/000110465906052374/0001104659-06-052374-index.htm",
    "finalLink": "https://www.sec.gov/Archives/edgar/data/1058090/000110465906052374/a06-16694_210q.htm"
  },
  {
    "date": "2006-03-31",
    "symbol": "CMG",
    "reportedCurrency": "USD",
    "cik": "0001058090",
    "fillingDate": "2006-05-09",
    "acceptedDate": "2006-05-08 21:57:04",
    "calendarYear": "2006",
    "period": "Q1",
    "revenue": 187015000,
    "costOfRevenue": 149279000,
    "grossProfit": 37736000,
    "grossProfitRatio": 0.2017806058,
    "researchAndDevelopmentExpenses": 0,
    "generalAndAdministrativeExpenses": 0,
    "sellingAndMarketingExpenses": 0,
    "sellingGeneralAndAdministrativeExpenses": 16377000,
    "otherExpenses": 8626000,
    "operatingExpenses": 25003000,
    "costAndExpenses": 174282000,
    "interestIncome": 0,
    "interestExpense": 0,
    "depreciationAndAmortization": 8003000,
    "ebitda": 20736000,
    "ebitdaratio": 0.1108788065,
    "operatingIncome": 12733000,
    "operatingIncomeRatio": 0.0680854477,
    "totalOtherIncomeExpensesNet": 906000,
    "incomeBeforeTax": 13639000,
    "incomeBeforeTaxRatio": 0.0729299789,
    "incomeTaxExpense": 5651000,
    "netIncome": 7988000,
    "netIncomeRatio": 0.0427131514,
    "eps": 0.0052,
    "epsdiluted": 0.0052,
    "weightedAverageShsOut": 1534150000,
    "weightedAverageShsOutDil": 1553900000,
    "link": "https://www.sec.gov/Archives/edgar/data/1058090/000119312506103972/0001193125-06-103972-index.htm",
    "finalLink": "https://www.sec.gov/Archives/edgar/data/1058090/000119312506103972/d10q.htm"
  },
  {
    "date": "2005-12-31",
    "symbol": "CMG",
    "reportedCurrency": "USD",
    "cik": "0001058090",
    "fillingDate": "2006-03-17",
    "acceptedDate": "2006-03-17 13:06:43",
    "calendarYear": "2005",
    "period": "Q4",
    "revenue": 173313000,
    "costOfRevenue": 141155000,
    "grossProfit": 32158000,
    "grossProfitRatio": 0.1855486894,
    "researchAndDevelopmentExpenses": 0,
    "generalAndAdministrativeExpenses": 0,
    "sellingAndMarketingExpenses": 0,
    "sellingGeneralAndAdministrativeExpenses": 15476000,
    "otherExpenses": 8947000,
    "operatingExpenses": 24423000,
    "costAndExpenses": 165578000,
    "interestIncome": 0,
    "interestExpense": 0,
    "depreciationAndAmortization": 7634000,
    "ebitda": 15369000,
    "ebitdaratio": 0.0886777103,
    "operatingIncome": 7735000,
    "operatingIncomeRatio": 0.0446302355,
    "totalOtherIncomeExpensesNet": -114000,
    "incomeBeforeTax": 7621000,
    "incomeBeforeTaxRatio": 0.043972466,
    "incomeTaxExpense": 3359000,
    "netIncome": 4262000,
    "netIncomeRatio": 0.0245913463,
    "eps": 0.0032,
    "epsdiluted": 0.0032,
    "weightedAverageShsOut": 1314050000,
    "weightedAverageShsOutDil": 1317950000,
    "link": "https://www.sec.gov/Archives/edgar/data/1058090/000104746906003640/0001047469-06-003640-index.htm",
    "finalLink": "https://www.sec.gov/Archives/edgar/data/1058090/000104746906003640/a2168474z10-k.htm"
  },
  {
    "date": "2005-09-30",
    "symbol": "CMG",
    "reportedCurrency": "USD",
    "cik": "0001058090",
    "fillingDate": "2005-09-30",
    "acceptedDate": "2005-09-29 20:00:00",
    "calendarYear": "2005",
    "period": "Q3",
    "revenue": 151461000,
    "costOfRevenue": 134626000,
    "grossProfit": 30044000,
    "grossProfitRatio": 0.1983612943,
    "researchAndDevelopmentExpenses": 0,
    "generalAndAdministrativeExpenses": 0,
    "sellingAndMarketingExpenses": 0,
    "sellingGeneralAndAdministrativeExpenses": 12649000,
    "otherExpenses": 7896000,
    "operatingExpenses": 20545000,
    "costAndExpenses": 155171000,
    "interestIncome": 0,
    "interestExpense": 0,
    "depreciationAndAmortization": 7206000,
    "ebitda": 16705000,
    "ebitdaratio": 0.1102924185,
    "operatingIncome": 9499000,
    "operatingIncomeRatio": 0.0627158146,
    "totalOtherIncomeExpensesNet": -248000,
    "incomeBeforeTax": 9251000,
    "incomeBeforeTaxRatio": 0.0610784294,
    "incomeTaxExpense": 4168000,
    "netIncome": 5083000,
    "netIncomeRatio": 0.0335597943,
    "eps": 0.0038,
    "epsdiluted": 0.0038,
    "weightedAverageShsOut": 1314050000,
    "weightedAverageShsOutDil": 1317200000,
    "link": "",
    "finalLink": ""
  }
]