[
  {
    "date": "2025-06-30",
    "symbol": "CMI",
    "reportedCurrency": "USD",
    "cik": "0000026172",
    "fillingDate": "2025-08-05",
    "acceptedDate": "2025-08-05 12:59:18",
    "calendarYear": "2025",
    "period": "Q2",
    "revenue": 8643000000,
    "costOfRevenue": 6362000000,
    "grossProfit": 2281000000,
    "grossProfitRatio": 0.2639129932,
    "researchAndDevelopmentExpenses": 357000000,
    "generalAndAdministrativeExpenses": 0,
    "sellingAndMarketingExpenses": 0,
    "sellingGeneralAndAdministrativeExpenses": 779000000,
    "otherExpenses": -81000000,
    "operatingExpenses": 1055000000,
    "costAndExpenses": 7417000000,
    "interestIncome": 52000000,
    "interestExpense": 87000000,
    "depreciationAndAmortization": 279000000,
    "ebitda": 1591000000,
    "ebitdaratio": 0.184079602,
    "operatingIncome": 1226000000,
    "operatingIncomeRatio": 0.1418488951,
    "totalOtherIncomeExpensesNet": -1000000,
    "incomeBeforeTax": 1225000000,
    "incomeBeforeTaxRatio": 0.1417331945,
    "incomeTaxExpense": 297000000,
    "netIncome": 890000000,
    "netIncomeRatio": 0.1029735046,
    "eps": 6.46,
    "epsdiluted": 6.42,
    "weightedAverageShsOut": 137700000,
    "weightedAverageShsOutDil": 138400000,
    "link": "https://www.sec.gov/Archives/edgar/data/26172/000002617225000031/0000026172-25-000031-index.htm",
    "finalLink": "https://www.sec.gov/Archives/edgar/data/26172/000002617225000031/cmi-20250630.htm"
  },
  {
    "date": "2025-03-31",
    "symbol": "CMI",
    "reportedCurrency": "USD",
    "cik": "0000026172",
    "fillingDate": "2025-05-05",
    "acceptedDate": "2025-05-05 14:42:48",
    "calendarYear": "2025",
    "period": "Q1",
    "revenue": 8174000000,
    "costOfRevenue": 6019000000,
    "grossProfit": 2155000000,
    "grossProfitRatio": 0.2636408123,
    "researchAndDevelopmentExpenses": 344000000,
    "generalAndAdministrativeExpenses": 754000000,
    "sellingAndMarketingExpenses": 0,
    "sellingGeneralAndAdministrativeExpenses": 754000000,
    "otherExpenses": -77000000,
    "operatingExpenses": 1021000000,
    "costAndExpenses": 7040000000,
    "interestIncome": 60000000,
    "interestExpense": 77000000,
    "depreciationAndAmortization": 269000000,
    "ebitda": 1463000000,
    "ebitdaratio": 0.1789821385,
    "operatingIncome": 1134000000,
    "operatingIncomeRatio": 0.1387325667,
    "totalOtherIncomeExpensesNet": -17000000,
    "incomeBeforeTax": 1117000000,
    "incomeBeforeTaxRatio": 0.1366528016,
    "incomeTaxExpense": 267000000,
    "netIncome": 824000000,
    "netIncomeRatio": 0.1008074382,
    "eps": 5.99,
    "epsdiluted": 5.96,
    "weightedAverageShsOut": 137600000,
    "weightedAverageShsOutDil": 138300000,
    "link": "https://www.sec.gov/Archives/edgar/data/26172/000002617225000013/0000026172-25-000013-index.htm",
    "finalLink": "https://www.sec.gov/Archives/edgar/data/26172/000002617225000013/cmi-20250331.htm"
  },
  {
    "date": "2024-12-31",
    "symbol": "CMI",
    "reportedCurrency": "USD",
    "cik": "0000026172",
    "fillingDate": "2025-02-11",
    "acceptedDate": "2025-02-11 15:57:42",
    "calendarYear": "2024",
    "period": "Q4",
    "revenue": 8447000000,
    "costOfRevenue": 6413000000,
    "grossProfit": 2034000000,
    "grossProfitRatio": 0.2407955487,
    "researchAndDevelopmentExpenses": 356000000,
    "generalAndAdministrativeExpenses": 0,
    "sellingAndMarketingExpenses": 0,
    "sellingGeneralAndAdministrativeExpenses": 801000000,
    "otherExpenses": 145000000,
    "operatingExpenses": 1302000000,
    "costAndExpenses": 7715000000,
    "interestIncome": 34000000,
    "interestExpense": 89000000,
    "depreciationAndAmortization": 271000000,
    "ebitda": 1022000000,
    "ebitdaratio": 0.1209897005,
    "operatingIncome": 732000000,
    "operatingIncomeRatio": 0.0866579851,
    "totalOtherIncomeExpensesNet": -70000000,
    "incomeBeforeTax": 662000000,
    "incomeBeforeTaxRatio": 0.0783710193,
    "incomeTaxExpense": 217000000,
    "netIncome": 418000000,
    "netIncomeRatio": 0.0494850243,
    "eps": 3.04,
    "epsdiluted": 3.02,
    "weightedAverageShsOut": 137400000,
    "weightedAverageShsOutDil": 138400000,
    "link": "https://www.sec.gov/Archives/edgar/data/26172/000002617225000007/0000026172-25-000007-index.htm",
    "finalLink": "https://www.sec.gov/Archives/edgar/data/26172/000002617225000007/cmi-20241231.htm"
  },
  {
    "date": "2024-09-30",
    "symbol": "CMI",
    "reportedCurrency": "USD",
    "cik": "0000026172",
    "fillingDate": "2024-11-05",
    "acceptedDate": "2024-11-05 14:37:29",
    "calendarYear": "2024",
    "period": "Q3",
    "revenue": 8456000000,
    "costOfRevenue": 6285000000,
    "grossProfit": 2171000000,
    "grossProfitRatio": 0.2567407758,
    "researchAndDevelopmentExpenses": 359000000,
    "generalAndAdministrativeExpenses": 0,
    "sellingAndMarketingExpenses": 0,
    "sellingGeneralAndAdministrativeExpenses": 807000000,
    "otherExpenses": -45000000,
    "operatingExpenses": 1121000000,
    "costAndExpenses": 7406000000,
    "interestIncome": 47000000,
    "interestExpense": 83000000,
    "depreciationAndAmortization": 266000000,
    "ebitda": 1392000000,
    "ebitdaratio": 0.1646168401,
    "operatingIncome": 1050000000,
    "operatingIncomeRatio": 0.1241721854,
    "totalOtherIncomeExpensesNet": -7000000,
    "incomeBeforeTax": 1043000000,
    "incomeBeforeTaxRatio": 0.1233443709,
    "incomeTaxExpense": 200000000,
    "netIncome": 809000000,
    "netIncomeRatio": 0.0956717124,
    "eps": 5.9,
    "epsdiluted": 5.86,
    "weightedAverageShsOut": 137200000,
    "weightedAverageShsOutDil": 138100000,
    "link": "https://www.sec.gov/Archives/edgar/data/26172/000002617224000046/0000026172-24-000046-index.htm",
    "finalLink": "https://www.sec.gov/Archives/edgar/data/26172/000002617224000046/cmi-20240930.htm"
  },
  {
    "date": "2024-06-30",
    "symbol": "CMI",
    "reportedCurrency": "USD",
    "cik": "0000026172",
    "fillingDate": "2024-08-01",
    "acceptedDate": "2024-08-01 11:27:37",
    "calendarYear": "2024",
    "period": "Q2",
    "revenue": 8796000000,
    "costOfRevenue": 6603000000,
    "grossProfit": 2193000000,
    "grossProfitRatio": 0.2493178718,
    "researchAndDevelopmentExpenses": 379000000,
    "generalAndAdministrativeExpenses": 830000000,
    "sellingAndMarketingExpenses": -2000000,
    "sellingGeneralAndAdministrativeExpenses": 828000000,
    "otherExpenses": -59000000,
    "operatingExpenses": 1148000000,
    "costAndExpenses": 7751000000,
    "interestIncome": 53000000,
    "interestExpense": 109000000,
    "depreciationAndAmortization": 263000000,
    "ebitda": 1349000000,
    "ebitdaratio": 0.153365166,
    "operatingIncome": 1045000000,
    "operatingIncomeRatio": 0.1188040018,
    "totalOtherIncomeExpensesNet": -68000000,
    "incomeBeforeTax": 977000000,
    "incomeBeforeTaxRatio": 0.1110732151,
    "incomeTaxExpense": 225000000,
    "netIncome": 726000000,
    "netIncomeRatio": 0.0825375171,
    "eps": 5.3,
    "epsdiluted": 5.26,
    "weightedAverageShsOut": 137100000,
    "weightedAverageShsOutDil": 137900000,
    "link": "https://www.sec.gov/Archives/edgar/data/26172/000002617224000037/0000026172-24-000037-index.htm",
    "finalLink": "https://www.sec.gov/Archives/edgar/data/26172/000002617224000037/cmi-20240630.htm"
  },
  {
    "date": "2024-03-31",
    "symbol": "CMI",
    "reportedCurrency": "USD",
    "cik": "0000026172",
    "fillingDate": "2024-05-02",
    "acceptedDate": "2024-05-02 12:13:54",
    "calendarYear": "2024",
    "period": "Q1",
    "revenue": 8403000000,
    "costOfRevenue": 6362000000,
    "grossProfit": 2041000000,
    "grossProfitRatio": 0.2428894442,
    "researchAndDevelopmentExpenses": 369000000,
    "generalAndAdministrativeExpenses": 809000000,
    "sellingAndMarketingExpenses": 0,
    "sellingGeneralAndAdministrativeExpenses": 809000000,
    "otherExpenses": -60000000,
    "operatingExpenses": 1118000000,
    "costAndExpenses": 7480000000,
    "interestIncome": 52000000,
    "interestExpense": 89000000,
    "depreciationAndAmortization": 265000000,
    "ebitda": 2575000000,
    "ebitdaratio": 0.3064381768,
    "operatingIncome": 923000000,
    "operatingIncomeRatio": 0.1098417232,
    "totalOtherIncomeExpensesNet": 1298000000,
    "incomeBeforeTax": 2221000000,
    "incomeBeforeTaxRatio": 0.2643103653,
    "incomeTaxExpense": 193000000,
    "netIncome": 1993000000,
    "netIncomeRatio": 0.2371771986,
    "eps": 14.1,
    "epsdiluted": 14.03,
    "weightedAverageShsOut": 141300000,
    "weightedAverageShsOutDil": 142100000,
    "link": "https://www.sec.gov/Archives/edgar/data/26172/000002617224000023/0000026172-24-000023-index.htm",
    "finalLink": "https://www.sec.gov/Archives/edgar/data/26172/000002617224000023/cmi-20240331.htm"
  },
  {
    "date": "2023-12-31",
    "symbol": "CMI",
    "reportedCurrency": "USD",
    "cik": "0000026172",
    "fillingDate": "2024-02-12",
    "acceptedDate": "2024-02-12 15:24:59",
    "calendarYear": "2023",
    "period": "Q4",
    "revenue": 8543000000,
    "costOfRevenue": 6542000000,
    "grossProfit": 2001000000,
    "grossProfitRatio": 0.2342268524,
    "researchAndDevelopmentExpenses": 390000000,
    "generalAndAdministrativeExpenses": 0,
    "sellingAndMarketingExpenses": 0,
    "sellingGeneralAndAdministrativeExpenses": 751000000,
    "otherExpenses": 2072000000,
    "operatingExpenses": 3213000000,
    "costAndExpenses": 9755000000,
    "interestIncome": 56000000,
    "interestExpense": 92000000,
    "depreciationAndAmortization": 264000000,
    "ebitda": -874000000,
    "ebitdaratio": -0.1023059815,
    "operatingIncome": -1212000000,
    "operatingIncomeRatio": -0.1418705373,
    "totalOtherIncomeExpensesNet": -18000000,
    "incomeBeforeTax": -1230000000,
    "incomeBeforeTaxRatio": -0.1439775255,
    "incomeTaxExpense": 163000000,
    "netIncome": -1431000000,
    "netIncomeRatio": -0.1675055601,
    "eps": -10.08,
    "epsdiluted": -10.08,
    "weightedAverageShsOut": 141900000,
    "weightedAverageShsOutDil": 141900000,
    "link": "https://www.sec.gov/Archives/edgar/data/26172/000002617224000012/0000026172-24-000012-index.htm",
    "finalLink": "https://www.sec.gov/Archives/edgar/data/26172/000002617224000012/cmi-20231231.htm"
  },
  {
    "date": "2023-09-30",
    "symbol": "CMI",
    "reportedCurrency": "USD",
    "cik": "0000026172",
    "fillingDate": "2023-11-02",
    "acceptedDate": "2023-11-02 12:34:30",
    "calendarYear": "2023",
    "period": "Q3",
    "revenue": 8431000000,
    "costOfRevenue": 6360000000,
    "grossProfit": 2071000000,
    "grossProfitRatio": 0.2456410865,
    "researchAndDevelopmentExpenses": 376000000,
    "generalAndAdministrativeExpenses": 0,
    "sellingAndMarketingExpenses": 0,
    "sellingGeneralAndAdministrativeExpenses": 831000000,
    "otherExpenses": -86000000,
    "operatingExpenses": 1121000000,
    "costAndExpenses": 7481000000,
    "interestIncome": 72000000,
    "interestExpense": 97000000,
    "depreciationAndAmortization": 257000000,
    "ebitda": 1232000000,
    "ebitdaratio": 0.146127387,
    "operatingIncome": 950000000,
    "operatingIncomeRatio": 0.1126793975,
    "totalOtherIncomeExpensesNet": -72000000,
    "incomeBeforeTax": 878000000,
    "incomeBeforeTaxRatio": 0.1041394852,
    "incomeTaxExpense": 188000000,
    "netIncome": 656000000,
    "netIncomeRatio": 0.0778080892,
    "eps": 4.63,
    "epsdiluted": 4.59,
    "weightedAverageShsOut": 141800000,
    "weightedAverageShsOutDil": 142800000,
    "link": "https://www.sec.gov/Archives/edgar/data/26172/000002617223000045/0000026172-23-000045-index.htm",
    "finalLink": "https://www.sec.gov/Archives/edgar/data/26172/000002617223000045/cmi-20230930.htm"
  },
  {
    "date": "2023-06-30",
    "symbol": "CMI",
    "reportedCurrency": "USD",
    "cik": "0000026172",
    "fillingDate": "2023-08-03",
    "acceptedDate": "2023-08-03 13:16:50",
    "calendarYear": "2023",
    "period": "Q2",
    "revenue": 8638000000,
    "costOfRevenue": 6490000000,
    "grossProfit": 2148000000,
    "grossProfitRatio": 0.2486686733,
    "researchAndDevelopmentExpenses": 384000000,
    "generalAndAdministrativeExpenses": 0,
    "sellingAndMarketingExpenses": 0,
    "sellingGeneralAndAdministrativeExpenses": 873000000,
    "otherExpenses": -106000000,
    "operatingExpenses": 1151000000,
    "costAndExpenses": 7641000000,
    "interestIncome": 62000000,
    "interestExpense": 99000000,
    "depreciationAndAmortization": 257000000,
    "ebitda": 1305000000,
    "ebitdaratio": 0.1510766381,
    "operatingIncome": 997000000,
    "operatingIncomeRatio": 0.1154202362,
    "totalOtherIncomeExpensesNet": -48000000,
    "incomeBeforeTax": 949000000,
    "incomeBeforeTaxRatio": 0.1098633943,
    "incomeTaxExpense": 212000000,
    "netIncome": 720000000,
    "netIncomeRatio": 0.0833526279,
    "eps": 5.08,
    "epsdiluted": 5.05,
    "weightedAverageShsOut": 141700000,
    "weightedAverageShsOutDil": 142500000,
    "link": "https://www.sec.gov/Archives/edgar/data/26172/000002617223000035/0000026172-23-000035-index.htm",
    "finalLink": "https://www.sec.gov/Archives/edgar/data/26172/000002617223000035/cmi-20230630.htm"
  },
  {
    "date": "2023-03-31",
    "symbol": "CMI",
    "reportedCurrency": "USD",
    "cik": "0000026172",
    "fillingDate": "2023-05-02",
    "acceptedDate": "2023-05-02 13:09:36",
    "calendarYear": "2023",
    "period": "Q1",
    "revenue": 8453000000,
    "costOfRevenue": 6424000000,
    "grossProfit": 2029000000,
    "grossProfitRatio": 0.2400331243,
    "researchAndDevelopmentExpenses": 350000000,
    "generalAndAdministrativeExpenses": 722000000,
    "sellingAndMarketingExpenses": 0,
    "sellingGeneralAndAdministrativeExpenses": 722000000,
    "otherExpenses": -69000000,
    "operatingExpenses": 1003000000,
    "costAndExpenses": 7427000000,
    "interestIncome": 49000000,
    "interestExpense": 87000000,
    "depreciationAndAmortization": 246000000,
    "ebitda": 1362000000,
    "ebitdaratio": 0.1611262274,
    "operatingIncome": 1026000000,
    "operatingIncomeRatio": 0.1213770259,
    "totalOtherIncomeExpensesNet": 3000000,
    "incomeBeforeTax": 1029000000,
    "incomeBeforeTaxRatio": 0.1217319295,
    "incomeTaxExpense": 223000000,
    "netIncome": 790000000,
    "netIncomeRatio": 0.0934579439,
    "eps": 5.58,
    "epsdiluted": 5.55,
    "weightedAverageShsOut": 141500000,
    "weightedAverageShsOutDil": 142400000,
    "link": "https://www.sec.gov/Archives/edgar/data/26172/000002617223000016/0000026172-23-000016-index.htm",
    "finalLink": "https://www.sec.gov/Archives/edgar/data/26172/000002617223000016/cmi-20230331.htm"
  },
  {
    "date": "2022-12-31",
    "symbol": "CMI",
    "reportedCurrency": "USD",
    "cik": "0000026172",
    "fillingDate": "2023-02-14",
    "acceptedDate": "2023-02-14 15:15:10",
    "calendarYear": "2022",
    "period": "Q4",
    "revenue": 7770000000,
    "costOfRevenue": 5951000000,
    "grossProfit": 1819000000,
    "grossProfitRatio": 0.2341055341,
    "researchAndDevelopmentExpenses": 333000000,
    "generalAndAdministrativeExpenses": 0,
    "sellingAndMarketingExpenses": 0,
    "sellingGeneralAndAdministrativeExpenses": 742000000,
    "otherExpenses": -58000000,
    "operatingExpenses": 1017000000,
    "costAndExpenses": 6968000000,
    "interestIncome": 49000000,
    "interestExpense": 87000000,
    "depreciationAndAmortization": 240000000,
    "ebitda": 1105000000,
    "ebitdaratio": 0.1422136422,
    "operatingIncome": 802000000,
    "operatingIncomeRatio": 0.1032175032,
    "totalOtherIncomeExpensesNet": -24000000,
    "incomeBeforeTax": 778000000,
    "incomeBeforeTaxRatio": 0.1001287001,
    "incomeTaxExpense": 134000000,
    "netIncome": 631000000,
    "netIncomeRatio": 0.0812097812,
    "eps": 4.47,
    "epsdiluted": 4.43,
    "weightedAverageShsOut": 141300000,
    "weightedAverageShsOutDil": 142300000,
    "link": "https://www.sec.gov/Archives/edgar/data/26172/000002617223000005/0000026172-23-000005-index.htm",
    "finalLink": "https://www.sec.gov/Archives/edgar/data/26172/000002617223000005/cmi-20221231.htm"
  },
  {
    "date": "2022-09-30",
    "symbol": "CMI",
    "reportedCurrency": "USD",
    "cik": "0000026172",
    "fillingDate": "2022-11-04",
    "acceptedDate": "2022-11-03 17:44:57",
    "calendarYear": "2022",
    "period": "Q3",
    "revenue": 7333000000,
    "costOfRevenue": 5691000000,
    "grossProfit": 1642000000,
    "grossProfitRatio": 0.2239192691,
    "researchAndDevelopmentExpenses": 348000000,
    "generalAndAdministrativeExpenses": 0,
    "sellingAndMarketingExpenses": 0,
    "sellingGeneralAndAdministrativeExpenses": 708000000,
    "otherExpenses": -40000000,
    "operatingExpenses": 1016000000,
    "costAndExpenses": 6707000000,
    "interestIncome": 31000000,
    "interestExpense": 61000000,
    "depreciationAndAmortization": 216000000,
    "ebitda": 885000000,
    "ebitdaratio": 0.120687304,
    "operatingIncome": 626000000,
    "operatingIncomeRatio": 0.0853675167,
    "totalOtherIncomeExpensesNet": -18000000,
    "incomeBeforeTax": 608000000,
    "incomeBeforeTaxRatio": 0.0829128597,
    "incomeTaxExpense": 199000000,
    "netIncome": 400000000,
    "netIncomeRatio": 0.054547934,
    "eps": 2.83,
    "epsdiluted": 2.82,
    "weightedAverageShsOut": 141100000,
    "weightedAverageShsOutDil": 142000000,
    "link": "https://www.sec.gov/Archives/edgar/data/26172/000002617222000057/0000026172-22-000057-index.htm",
    "finalLink": "https://www.sec.gov/Archives/edgar/data/26172/000002617222000057/cmi-20220930.htm"
  },
  {
    "date": "2022-06-30",
    "symbol": "CMI",
    "reportedCurrency": "USD",
    "cik": "0000026172",
    "fillingDate": "2022-08-03",
    "acceptedDate": "2022-08-03 13:53:14",
    "calendarYear": "2022",
    "period": "Q2",
    "revenue": 6586000000,
    "costOfRevenue": 4860000000,
    "grossProfit": 1726000000,
    "grossProfitRatio": 0.2620710598,
    "researchAndDevelopmentExpenses": 299000000,
    "generalAndAdministrativeExpenses": 0,
    "sellingAndMarketingExpenses": 0,
    "sellingGeneralAndAdministrativeExpenses": 622000000,
    "otherExpenses": -92000000,
    "operatingExpenses": 829000000,
    "costAndExpenses": 5689000000,
    "interestIncome": 7000000,
    "interestExpense": 34000000,
    "depreciationAndAmortization": 167000000,
    "ebitda": 1056000000,
    "ebitdaratio": 0.1603401154,
    "operatingIncome": 897000000,
    "operatingIncomeRatio": 0.1361979957,
    "totalOtherIncomeExpensesNet": -42000000,
    "incomeBeforeTax": 855000000,
    "incomeBeforeTaxRatio": 0.1298208321,
    "incomeTaxExpense": 148000000,
    "netIncome": 702000000,
    "netIncomeRatio": 0.1065897358,
    "eps": 4.97,
    "epsdiluted": 4.94,
    "weightedAverageShsOut": 141200000,
    "weightedAverageShsOutDil": 142000000,
    "link": "https://www.sec.gov/Archives/edgar/data/26172/000002617222000046/0000026172-22-000046-index.htm",
    "finalLink": "https://www.sec.gov/Archives/edgar/data/26172/000002617222000046/cmi-20220630.htm"
  },
  {
    "date": "2022-03-31",
    "symbol": "CMI",
    "reportedCurrency": "USD",
    "cik": "0000026172",
    "fillingDate": "2022-05-03",
    "acceptedDate": "2022-05-03 13:19:30",
    "calendarYear": "2022",
    "period": "Q1",
    "revenue": 6385000000,
    "costOfRevenue": 4853000000,
    "grossProfit": 1532000000,
    "grossProfitRatio": 0.2399373532,
    "researchAndDevelopmentExpenses": 298000000,
    "generalAndAdministrativeExpenses": 0,
    "sellingAndMarketingExpenses": 0,
    "sellingGeneralAndAdministrativeExpenses": 615000000,
    "otherExpenses": 15000000,
    "operatingExpenses": 928000000,
    "costAndExpenses": 5781000000,
    "interestIncome": 8000000,
    "interestExpense": 17000000,
    "depreciationAndAmortization": 161000000,
    "ebitda": 756000000,
    "ebitdaratio": 0.1184025059,
    "operatingIncome": 604000000,
    "operatingIncomeRatio": 0.094596711,
    "totalOtherIncomeExpensesNet": -26000000,
    "incomeBeforeTax": 578000000,
    "incomeBeforeTaxRatio": 0.0905246672,
    "incomeTaxExpense": 155000000,
    "netIncome": 418000000,
    "netIncomeRatio": 0.0654659358,
    "eps": 2.94,
    "epsdiluted": 2.92,
    "weightedAverageShsOut": 142200000,
    "weightedAverageShsOutDil": 143100000,
    "link": "https://www.sec.gov/Archives/edgar/data/26172/000002617222000021/0000026172-22-000021-index.htm",
    "finalLink": "https://www.sec.gov/Archives/edgar/data/26172/000002617222000021/cmi-20220331.htm"
  },
  {
    "date": "2021-12-31",
    "symbol": "CMI",
    "reportedCurrency": "USD",
    "cik": "0000026172",
    "fillingDate": "2022-02-08",
    "acceptedDate": "2022-02-08 10:23:15",
    "calendarYear": "2021",
    "period": "Q4",
    "revenue": 5850000000,
    "costOfRevenue": 4533000000,
    "grossProfit": 1317000000,
    "grossProfitRatio": 0.2251282051,
    "researchAndDevelopmentExpenses": 288000000,
    "generalAndAdministrativeExpenses": 0,
    "sellingAndMarketingExpenses": 0,
    "sellingGeneralAndAdministrativeExpenses": 629000000,
    "otherExpenses": -95000000,
    "operatingExpenses": 822000000,
    "costAndExpenses": 5355000000,
    "interestIncome": 37000000,
    "interestExpense": 26000000,
    "depreciationAndAmortization": 165000000,
    "ebitda": 705000000,
    "ebitdaratio": 0.1205128205,
    "operatingIncome": 495000000,
    "operatingIncomeRatio": 0.0846153846,
    "totalOtherIncomeExpensesNet": 19000000,
    "incomeBeforeTax": 514000000,
    "incomeBeforeTaxRatio": 0.0878632479,
    "incomeTaxExpense": 114000000,
    "netIncome": 394000000,
    "netIncomeRatio": 0.0673504274,
    "eps": 2.76,
    "epsdiluted": 2.76,
    "weightedAverageShsOut": 142500000,
    "weightedAverageShsOutDil": 142500000,
    "link": "https://www.sec.gov/Archives/edgar/data/26172/000002617222000008/0000026172-22-000008-index.htm",
    "finalLink": "https://www.sec.gov/Archives/edgar/data/26172/000002617222000008/cmi-20211231.htm"
  },
  {
    "date": "2021-10-03",
    "symbol": "CMI",
    "reportedCurrency": "USD",
    "cik": "0000026172",
    "fillingDate": "2021-11-02",
    "acceptedDate": "2021-11-02 11:09:18",
    "calendarYear": "2021",
    "period": "Q3",
    "revenue": 5968000000,
    "costOfRevenue": 4554000000,
    "grossProfit": 1414000000,
    "grossProfitRatio": 0.2369302949,
    "researchAndDevelopmentExpenses": 266000000,
    "generalAndAdministrativeExpenses": 0,
    "sellingAndMarketingExpenses": 0,
    "sellingGeneralAndAdministrativeExpenses": 571000000,
    "otherExpenses": -89000000,
    "operatingExpenses": 748000000,
    "costAndExpenses": 5302000000,
    "interestIncome": 22000000,
    "interestExpense": 28000000,
    "depreciationAndAmortization": 160000000,
    "ebitda": 863000000,
    "ebitdaratio": 0.1446045576,
    "operatingIncome": 666000000,
    "operatingIncomeRatio": 0.1115951743,
    "totalOtherIncomeExpensesNet": 9000000,
    "incomeBeforeTax": 675000000,
    "incomeBeforeTaxRatio": 0.1131032172,
    "incomeTaxExpense": 134000000,
    "netIncome": 534000000,
    "netIncomeRatio": 0.0894772118,
    "eps": 3.72,
    "epsdiluted": 3.69,
    "weightedAverageShsOut": 143500000,
    "weightedAverageShsOutDil": 144700000,
    "link": "https://www.sec.gov/Archives/edgar/data/26172/000002617221000057/0000026172-21-000057-index.htm",
    "finalLink": "https://www.sec.gov/Archives/edgar/data/26172/000002617221000057/cmi-20211003.htm"
  },
  {
    "date": "2021-07-04",
    "symbol": "CMI",
    "reportedCurrency": "USD",
    "cik": "0000026172",
    "fillingDate": "2021-08-03",
    "acceptedDate": "2021-08-03 11:13:48",
    "calendarYear": "2021",
    "period": "Q2",
    "revenue": 6111000000,
    "costOfRevenue": 4633000000,
    "grossProfit": 1478000000,
    "grossProfitRatio": 0.2418589429,
    "researchAndDevelopmentExpenses": 276000000,
    "generalAndAdministrativeExpenses": 0,
    "sellingAndMarketingExpenses": 0,
    "sellingGeneralAndAdministrativeExpenses": 600000000,
    "otherExpenses": -133000000,
    "operatingExpenses": 743000000,
    "costAndExpenses": 5376000000,
    "interestIncome": 26000000,
    "interestExpense": 29000000,
    "depreciationAndAmortization": 167000000,
    "ebitda": 975000000,
    "ebitdaratio": 0.1595483554,
    "operatingIncome": 735000000,
    "operatingIncomeRatio": 0.1202749141,
    "totalOtherIncomeExpensesNet": 44000000,
    "incomeBeforeTax": 779000000,
    "incomeBeforeTaxRatio": 0.127475045,
    "incomeTaxExpense": 167000000,
    "netIncome": 600000000,
    "netIncomeRatio": 0.0981836033,
    "eps": 4.14,
    "epsdiluted": 4.1,
    "weightedAverageShsOut": 145100000,
    "weightedAverageShsOutDil": 146500000,
    "link": "https://www.sec.gov/Archives/edgar/data/26172/000002617221000043/0000026172-21-000043-index.htm",
    "finalLink": "https://www.sec.gov/Archives/edgar/data/26172/000002617221000043/cmi-20210704.htm"
  },
  {
    "date": "2021-04-04",
    "symbol": "CMI",
    "reportedCurrency": "USD",
    "cik": "0000026172",
    "fillingDate": "2021-05-04",
    "acceptedDate": "2021-05-04 11:01:12",
    "calendarYear": "2021",
    "period": "Q1",
    "revenue": 6092000000,
    "costOfRevenue": 4606000000,
    "grossProfit": 1486000000,
    "grossProfitRatio": 0.2439264609,
    "researchAndDevelopmentExpenses": 260000000,
    "generalAndAdministrativeExpenses": 0,
    "sellingAndMarketingExpenses": 0,
    "sellingGeneralAndAdministrativeExpenses": 574000000,
    "otherExpenses": -158000000,
    "operatingExpenses": 676000000,
    "costAndExpenses": 5282000000,
    "interestIncome": 22000000,
    "interestExpense": 28000000,
    "depreciationAndAmortization": 170000000,
    "ebitda": 981000000,
    "ebitdaratio": 0.1610308601,
    "operatingIncome": 810000000,
    "operatingIncomeRatio": 0.1329612607,
    "totalOtherIncomeExpensesNet": -27000000,
    "incomeBeforeTax": 783000000,
    "incomeBeforeTaxRatio": 0.1285292186,
    "incomeTaxExpense": 172000000,
    "netIncome": 603000000,
    "netIncomeRatio": 0.0989822718,
    "eps": 4.1,
    "epsdiluted": 4.07,
    "weightedAverageShsOut": 147000000,
    "weightedAverageShsOutDil": 148300000,
    "link": "https://www.sec.gov/Archives/edgar/data/26172/000002617221000027/0000026172-21-000027-index.htm",
    "finalLink": "https://www.sec.gov/Archives/edgar/data/26172/000002617221000027/cmi-20210404.htm"
  },
  {
    "date": "2020-12-31",
    "symbol": "CMI",
    "reportedCurrency": "USD",
    "cik": "0000026172",
    "fillingDate": "2021-02-10",
    "acceptedDate": "2021-02-10 10:48:44",
    "calendarYear": "2020",
    "period": "Q4",
    "revenue": 5830000000,
    "costOfRevenue": 4469000000,
    "grossProfit": 1361000000,
    "grossProfitRatio": 0.2334476844,
    "researchAndDevelopmentExpenses": 255000000,
    "generalAndAdministrativeExpenses": 0,
    "sellingAndMarketingExpenses": 0,
    "sellingGeneralAndAdministrativeExpenses": 576000000,
    "otherExpenses": -99000000,
    "operatingExpenses": 732000000,
    "costAndExpenses": 5201000000,
    "interestIncome": 24000000,
    "interestExpense": 29000000,
    "depreciationAndAmortization": 174000000,
    "ebitda": 838000000,
    "ebitdaratio": 0.1437392796,
    "operatingIncome": 629000000,
    "operatingIncomeRatio": 0.107890223,
    "totalOtherIncomeExpensesNet": 6000000,
    "incomeBeforeTax": 635000000,
    "incomeBeforeTaxRatio": 0.1089193825,
    "incomeTaxExpense": 125000000,
    "netIncome": 501000000,
    "netIncomeRatio": 0.0859348199,
    "eps": 3.39,
    "epsdiluted": 3.36,
    "weightedAverageShsOut": 148000000,
    "weightedAverageShsOutDil": 149300000,
    "link": "https://www.sec.gov/Archives/edgar/data/26172/000002617221000012/0000026172-21-000012-index.htm",
    "finalLink": "https://www.sec.gov/Archives/edgar/data/26172/000002617221000012/cmi-20201231.htm"
  },
  {
    "date": "2020-09-27",
    "symbol": "CMI",
    "reportedCurrency": "USD",
    "cik": "0000026172",
    "fillingDate": "2020-10-27",
    "acceptedDate": "2020-10-27 11:38:21",
    "calendarYear": "2020",
    "period": "Q3",
    "revenue": 5118000000,
    "costOfRevenue": 3769000000,
    "grossProfit": 1349000000,
    "grossProfitRatio": 0.2635795233,
    "researchAndDevelopmentExpenses": 224000000,
    "generalAndAdministrativeExpenses": 0,
    "sellingAndMarketingExpenses": 0,
    "sellingGeneralAndAdministrativeExpenses": 533000000,
    "otherExpenses": -78000000,
    "operatingExpenses": 679000000,
    "costAndExpenses": 4448000000,
    "interestIncome": 16000000,
    "interestExpense": 25000000,
    "depreciationAndAmortization": 166000000,
    "ebitda": 877000000,
    "ebitdaratio": 0.1713559984,
    "operatingIncome": 670000000,
    "operatingIncomeRatio": 0.1309105119,
    "totalOtherIncomeExpensesNet": 16000000,
    "incomeBeforeTax": 686000000,
    "incomeBeforeTaxRatio": 0.1340367331,
    "incomeTaxExpense": 182000000,
    "netIncome": 501000000,
    "netIncomeRatio": 0.0978898007,
    "eps": 3.39,
    "epsdiluted": 3.36,
    "weightedAverageShsOut": 147900000,
    "weightedAverageShsOutDil": 148900000,
    "link": "https://www.sec.gov/Archives/edgar/data/26172/000002617220000054/0000026172-20-000054-index.htm",
    "finalLink": "https://www.sec.gov/Archives/edgar/data/26172/000002617220000054/cmi-20200927.htm"
  },
  {
    "date": "2020-06-28",
    "symbol": "CMI",
    "reportedCurrency": "USD",
    "cik": "0000026172",
    "fillingDate": "2020-07-28",
    "acceptedDate": "2020-07-28 11:16:14",
    "calendarYear": "2020",
    "period": "Q2",
    "revenue": 3852000000,
    "costOfRevenue": 2962000000,
    "grossProfit": 890000000,
    "grossProfitRatio": 0.2310488058,
    "researchAndDevelopmentExpenses": 189000000,
    "generalAndAdministrativeExpenses": 0,
    "sellingAndMarketingExpenses": 0,
    "sellingGeneralAndAdministrativeExpenses": 470000000,
    "otherExpenses": -105000000,
    "operatingExpenses": 554000000,
    "costAndExpenses": 3516000000,
    "interestIncome": 18000000,
    "interestExpense": 23000000,
    "depreciationAndAmortization": 165000000,
    "ebitda": 550000000,
    "ebitdaratio": 0.1427829699,
    "operatingIncome": 336000000,
    "operatingIncomeRatio": 0.0872274143,
    "totalOtherIncomeExpensesNet": 26000000,
    "incomeBeforeTax": 362000000,
    "incomeBeforeTaxRatio": 0.0939771547,
    "incomeTaxExpense": 93000000,
    "netIncome": 276000000,
    "netIncomeRatio": 0.0716510903,
    "eps": 1.87,
    "epsdiluted": 1.86,
    "weightedAverageShsOut": 147600000,
    "weightedAverageShsOutDil": 148000000,
    "link": "https://www.sec.gov/Archives/edgar/data/26172/000002617220000042/0000026172-20-000042-index.htm",
    "finalLink": "https://www.sec.gov/Archives/edgar/data/26172/000002617220000042/cmi-20200628.htm"
  },
  {
    "date": "2020-03-29",
    "symbol": "CMI",
    "reportedCurrency": "USD",
    "cik": "0000026172",
    "fillingDate": "2020-04-28",
    "acceptedDate": "2020-04-28 11:32:34",
    "calendarYear": "2020",
    "period": "Q1",
    "revenue": 5011000000,
    "costOfRevenue": 3717000000,
    "grossProfit": 1294000000,
    "grossProfitRatio": 0.2582318898,
    "researchAndDevelopmentExpenses": 238000000,
    "generalAndAdministrativeExpenses": 0,
    "sellingAndMarketingExpenses": 0,
    "sellingGeneralAndAdministrativeExpenses": 546000000,
    "otherExpenses": -124000000,
    "operatingExpenses": 660000000,
    "costAndExpenses": 4377000000,
    "interestIncome": 37000000,
    "interestExpense": 23000000,
    "depreciationAndAmortization": 168000000,
    "ebitda": 846000000,
    "ebitdaratio": 0.1688285771,
    "operatingIncome": 634000000,
    "operatingIncomeRatio": 0.1265216524,
    "totalOtherIncomeExpensesNet": 21000000,
    "incomeBeforeTax": 655000000,
    "incomeBeforeTaxRatio": 0.1307124326,
    "incomeTaxExpense": 127000000,
    "netIncome": 511000000,
    "netIncomeRatio": 0.1019756536,
    "eps": 3.42,
    "epsdiluted": 3.41,
    "weightedAverageShsOut": 149300000,
    "weightedAverageShsOutDil": 149700000,
    "link": "https://www.sec.gov/Archives/edgar/data/26172/000002617220000019/0000026172-20-000019-index.htm",
    "finalLink": "https://www.sec.gov/Archives/edgar/data/26172/000002617220000019/cmi-20200329.htm"
  },
  {
    "date": "2019-12-31",
    "symbol": "CMI",
    "reportedCurrency": "USD",
    "cik": "0000026172",
    "fillingDate": "2020-02-11",
    "acceptedDate": "2020-02-11 13:46:32",
    "calendarYear": "2019",
    "period": "Q4",
    "revenue": 5578000000,
    "costOfRevenue": 4265000000,
    "grossProfit": 1313000000,
    "grossProfitRatio": 0.2353890283,
    "researchAndDevelopmentExpenses": 271000000,
    "generalAndAdministrativeExpenses": 0,
    "sellingAndMarketingExpenses": 0,
    "sellingGeneralAndAdministrativeExpenses": 632000000,
    "otherExpenses": 56000000,
    "operatingExpenses": 959000000,
    "costAndExpenses": 5224000000,
    "interestIncome": 34000000,
    "interestExpense": 22000000,
    "depreciationAndAmortization": 179000000,
    "ebitda": 564000000,
    "ebitdaratio": 0.1011115095,
    "operatingIncome": 354000000,
    "operatingIncomeRatio": 0.063463607,
    "totalOtherIncomeExpensesNet": 9000000,
    "incomeBeforeTax": 363000000,
    "incomeBeforeTaxRatio": 0.0650770886,
    "incomeTaxExpense": 65000000,
    "netIncome": 300000000,
    "netIncomeRatio": 0.0537827178,
    "eps": 1.98,
    "epsdiluted": 1.97,
    "weightedAverageShsOut": 151500000,
    "weightedAverageShsOutDil": 152400000,
    "link": "https://www.sec.gov/Archives/edgar/data/26172/000002617220000009/0000026172-20-000009-index.htm",
    "finalLink": "https://www.sec.gov/Archives/edgar/data/26172/000002617220000009/cmi201910-kdocument.htm"
  },
  {
    "date": "2019-09-29",
    "symbol": "CMI",
    "reportedCurrency": "USD",
    "cik": "0000026172",
    "fillingDate": "2019-10-29",
    "acceptedDate": "2019-10-29 14:03:11",
    "calendarYear": "2019",
    "period": "Q3",
    "revenue": 5768000000,
    "costOfRevenue": 4274000000,
    "grossProfit": 1494000000,
    "grossProfitRatio": 0.2590152566,
    "researchAndDevelopmentExpenses": 242000000,
    "generalAndAdministrativeExpenses": 0,
    "sellingAndMarketingExpenses": 0,
    "sellingGeneralAndAdministrativeExpenses": 600000000,
    "otherExpenses": -47000000,
    "operatingExpenses": 795000000,
    "costAndExpenses": 5069000000,
    "interestIncome": 19000000,
    "interestExpense": 26000000,
    "depreciationAndAmortization": 178000000,
    "ebitda": 959000000,
    "ebitdaratio": 0.1662621359,
    "operatingIncome": 699000000,
    "operatingIncomeRatio": 0.121185853,
    "totalOtherIncomeExpensesNet": 56000000,
    "incomeBeforeTax": 755000000,
    "incomeBeforeTaxRatio": 0.1308945908,
    "incomeTaxExpense": 139000000,
    "netIncome": 622000000,
    "netIncomeRatio": 0.1078363384,
    "eps": 3.99,
    "epsdiluted": 3.97,
    "weightedAverageShsOut": 155900000,
    "weightedAverageShsOutDil": 156600000,
    "link": "https://www.sec.gov/Archives/edgar/data/26172/000002617219000041/0000026172-19-000041-index.htm",
    "finalLink": "https://www.sec.gov/Archives/edgar/data/26172/000002617219000041/cmi2019q310-qdoc.htm"
  },
  {
    "date": "2019-06-30",
    "symbol": "CMI",
    "reportedCurrency": "USD",
    "cik": "0000026172",
    "fillingDate": "2019-07-30",
    "acceptedDate": "2019-07-30 13:45:48",
    "calendarYear": "2019",
    "period": "Q2",
    "revenue": 6221000000,
    "costOfRevenue": 4580000000,
    "grossProfit": 1641000000,
    "grossProfitRatio": 0.2637839576,
    "researchAndDevelopmentExpenses": 251000000,
    "generalAndAdministrativeExpenses": 0,
    "sellingAndMarketingExpenses": 0,
    "sellingGeneralAndAdministrativeExpenses": 629000000,
    "otherExpenses": -87000000,
    "operatingExpenses": 793000000,
    "costAndExpenses": 5373000000,
    "interestIncome": 27000000,
    "interestExpense": 29000000,
    "depreciationAndAmortization": 158000000,
    "ebitda": 1058000000,
    "ebitdaratio": 0.1700691207,
    "operatingIncome": 848000000,
    "operatingIncomeRatio": 0.13631249,
    "totalOtherIncomeExpensesNet": 23000000,
    "incomeBeforeTax": 871000000,
    "incomeBeforeTaxRatio": 0.1400096448,
    "incomeTaxExpense": 186000000,
    "netIncome": 675000000,
    "netIncomeRatio": 0.108503456,
    "eps": 4.29,
    "epsdiluted": 4.27,
    "weightedAverageShsOut": 157400000,
    "weightedAverageShsOutDil": 158000000,
    "link": "https://www.sec.gov/Archives/edgar/data/26172/000002617219000031/0000026172-19-000031-index.htm",
    "finalLink": "https://www.sec.gov/Archives/edgar/data/26172/000002617219000031/cmi2019q210-qdoc.htm"
  },
  {
    "date": "2019-03-31",
    "symbol": "CMI",
    "reportedCurrency": "USD",
    "cik": "0000026172",
    "fillingDate": "2019-04-30",
    "acceptedDate": "2019-04-30 13:16:48",
    "calendarYear": "2019",
    "period": "Q1",
    "revenue": 6004000000,
    "costOfRevenue": 4472000000,
    "grossProfit": 1532000000,
    "grossProfitRatio": 0.2551632245,
    "researchAndDevelopmentExpenses": 237000000,
    "generalAndAdministrativeExpenses": 0,
    "sellingAndMarketingExpenses": 0,
    "sellingGeneralAndAdministrativeExpenses": 593000000,
    "otherExpenses": -97000000,
    "operatingExpenses": 733000000,
    "costAndExpenses": 5205000000,
    "interestIncome": 25000000,
    "interestExpense": 32000000,
    "depreciationAndAmortization": 157000000,
    "ebitda": 1034000000,
    "ebitdaratio": 0.172218521,
    "operatingIncome": 799000000,
    "operatingIncomeRatio": 0.133077948,
    "totalOtherIncomeExpensesNet": 46000000,
    "incomeBeforeTax": 845000000,
    "incomeBeforeTaxRatio": 0.140739507,
    "incomeTaxExpense": 176000000,
    "netIncome": 663000000,
    "netIncomeRatio": 0.1104263824,
    "eps": 4.22,
    "epsdiluted": 4.2,
    "weightedAverageShsOut": 157200000,
    "weightedAverageShsOutDil": 157700000,
    "link": "https://www.sec.gov/Archives/edgar/data/26172/000002617219000015/0000026172-19-000015-index.htm",
    "finalLink": "https://www.sec.gov/Archives/edgar/data/26172/000002617219000015/cmi2019q110-qdoc.htm"
  },
  {
    "date": "2018-12-31",
    "symbol": "CMI",
    "reportedCurrency": "USD",
    "cik": "0000026172",
    "fillingDate": "2019-02-11",
    "acceptedDate": "2019-02-11 17:06:33",
    "calendarYear": "2018",
    "period": "Q4",
    "revenue": 6126000000,
    "costOfRevenue": 4580000000,
    "grossProfit": 1546000000,
    "grossProfitRatio": 0.2523669605,
    "researchAndDevelopmentExpenses": 244000000,
    "generalAndAdministrativeExpenses": 0,
    "sellingAndMarketingExpenses": 0,
    "sellingGeneralAndAdministrativeExpenses": 643000000,
    "otherExpenses": -72000000,
    "operatingExpenses": 815000000,
    "costAndExpenses": 5395000000,
    "interestIncome": 67000000,
    "interestExpense": 32000000,
    "depreciationAndAmortization": 155000000,
    "ebitda": 897000000,
    "ebitdaratio": 0.1464250735,
    "operatingIncome": 731000000,
    "operatingIncomeRatio": 0.1193274567,
    "totalOtherIncomeExpensesNet": -21000000,
    "incomeBeforeTax": 710000000,
    "incomeBeforeTaxRatio": 0.115899445,
    "incomeTaxExpense": 100000000,
    "netIncome": 579000000,
    "netIncomeRatio": 0.0945151812,
    "eps": 3.68,
    "epsdiluted": 3.68,
    "weightedAverageShsOut": 157200000,
    "weightedAverageShsOutDil": 157200000,
    "link": "https://www.sec.gov/Archives/edgar/data/26172/000002617219000009/0000026172-19-000009-index.htm",
    "finalLink": "https://www.sec.gov/Archives/edgar/data/26172/000002617219000009/cmi201810-kdocument.htm"
  },
  {
    "date": "2018-09-30",
    "symbol": "CMI",
    "reportedCurrency": "USD",
    "cik": "0000026172",
    "fillingDate": "2018-10-30",
    "acceptedDate": "2018-10-30 13:31:57",
    "calendarYear": "2018",
    "period": "Q3",
    "revenue": 5943000000,
    "costOfRevenue": 4392000000,
    "grossProfit": 1551000000,
    "grossProfitRatio": 0.2609793034,
    "researchAndDevelopmentExpenses": 229000000,
    "generalAndAdministrativeExpenses": 0,
    "sellingAndMarketingExpenses": 0,
    "sellingGeneralAndAdministrativeExpenses": 604000000,
    "otherExpenses": -85000000,
    "operatingExpenses": 748000000,
    "costAndExpenses": 5140000000,
    "interestIncome": 22000000,
    "interestExpense": 30000000,
    "depreciationAndAmortization": 148000000,
    "ebitda": 983000000,
    "ebitdaratio": 0.1654046778,
    "operatingIncome": 803000000,
    "operatingIncomeRatio": 0.1351169443,
    "totalOtherIncomeExpensesNet": 2000000,
    "incomeBeforeTax": 805000000,
    "incomeBeforeTaxRatio": 0.1354534747,
    "incomeTaxExpense": 107000000,
    "netIncome": 692000000,
    "netIncomeRatio": 0.1164395087,
    "eps": 4.29,
    "epsdiluted": 4.28,
    "weightedAverageShsOut": 161300000,
    "weightedAverageShsOutDil": 161800000,
    "link": "https://www.sec.gov/Archives/edgar/data/26172/000002617218000045/0000026172-18-000045-index.htm",
    "finalLink": "https://www.sec.gov/Archives/edgar/data/26172/000002617218000045/cmi2018q310-qdoc.htm"
  },
  {
    "date": "2018-07-01",
    "symbol": "CMI",
    "reportedCurrency": "USD",
    "cik": "0000026172",
    "fillingDate": "2018-07-31",
    "acceptedDate": "2018-07-31 13:31:17",
    "calendarYear": "2018",
    "period": "Q2",
    "revenue": 6132000000,
    "costOfRevenue": 4692000000,
    "grossProfit": 1440000000,
    "grossProfitRatio": 0.2348336595,
    "researchAndDevelopmentExpenses": 219000000,
    "generalAndAdministrativeExpenses": 0,
    "sellingAndMarketingExpenses": 0,
    "sellingGeneralAndAdministrativeExpenses": 613000000,
    "otherExpenses": -114000000,
    "operatingExpenses": 718000000,
    "costAndExpenses": 5410000000,
    "interestIncome": 24000000,
    "interestExpense": 28000000,
    "depreciationAndAmortization": 154000000,
    "ebitda": 897000000,
    "ebitdaratio": 0.1462818004,
    "operatingIncome": 722000000,
    "operatingIncomeRatio": 0.1177429876,
    "totalOtherIncomeExpensesNet": -7000000,
    "incomeBeforeTax": 715000000,
    "incomeBeforeTaxRatio": 0.1166014351,
    "incomeTaxExpense": 161000000,
    "netIncome": 545000000,
    "netIncomeRatio": 0.088878017,
    "eps": 3.33,
    "epsdiluted": 3.32,
    "weightedAverageShsOut": 163800000,
    "weightedAverageShsOutDil": 164300000,
    "link": "https://www.sec.gov/Archives/edgar/data/26172/000002617218000039/0000026172-18-000039-index.htm",
    "finalLink": "https://www.sec.gov/Archives/edgar/data/26172/000002617218000039/cmi2018q210-qdoc.htm"
  },
  {
    "date": "2018-04-01",
    "symbol": "CMI",
    "reportedCurrency": "USD",
    "cik": "0000026172",
    "fillingDate": "2018-05-01",
    "acceptedDate": "2018-05-01 13:55:06",
    "calendarYear": "2018",
    "period": "Q1",
    "revenue": 5570000000,
    "costOfRevenue": 4370000000,
    "grossProfit": 1200000000,
    "grossProfitRatio": 0.2154398564,
    "researchAndDevelopmentExpenses": 210000000,
    "generalAndAdministrativeExpenses": 0,
    "sellingAndMarketingExpenses": 0,
    "sellingGeneralAndAdministrativeExpenses": 577000000,
    "otherExpenses": -117000000,
    "operatingExpenses": 670000000,
    "costAndExpenses": 5040000000,
    "interestIncome": 24000000,
    "interestExpense": 24000000,
    "depreciationAndAmortization": 154000000,
    "ebitda": 701000000,
    "ebitdaratio": 0.1258527828,
    "operatingIncome": 530000000,
    "operatingIncomeRatio": 0.0951526032,
    "totalOtherIncomeExpensesNet": -7000000,
    "incomeBeforeTax": 523000000,
    "incomeBeforeTaxRatio": 0.0938958707,
    "incomeTaxExpense": 198000000,
    "netIncome": 325000000,
    "netIncomeRatio": 0.0583482944,
    "eps": 1.97,
    "epsdiluted": 1.96,
    "weightedAverageShsOut": 164900000,
    "weightedAverageShsOutDil": 165700000,
    "link": "https://www.sec.gov/Archives/edgar/data/26172/000002617218000019/0000026172-18-000019-index.htm",
    "finalLink": "https://www.sec.gov/Archives/edgar/data/26172/000002617218000019/cmi2018finalq110-qdoc.htm"
  },
  {
    "date": "2017-12-31",
    "symbol": "CMI",
    "reportedCurrency": "USD",
    "cik": "0000026172",
    "fillingDate": "2018-02-14",
    "acceptedDate": "2018-02-14 15:35:05",
    "calendarYear": "2017",
    "period": "Q4",
    "revenue": 5476000000,
    "costOfRevenue": 4102000000,
    "grossProfit": 1374000000,
    "grossProfitRatio": 0.2509130752,
    "researchAndDevelopmentExpenses": 207000000,
    "generalAndAdministrativeExpenses": 0,
    "sellingAndMarketingExpenses": 0,
    "sellingGeneralAndAdministrativeExpenses": 633000000,
    "otherExpenses": -61000000,
    "operatingExpenses": 779000000,
    "costAndExpenses": 4881000000,
    "interestIncome": 56000000,
    "interestExpense": 24000000,
    "depreciationAndAmortization": 150000000,
    "ebitda": 770000000,
    "ebitdaratio": 0.1406135866,
    "operatingIncome": 595000000,
    "operatingIncomeRatio": 0.1086559533,
    "totalOtherIncomeExpensesNet": 1000000,
    "incomeBeforeTax": 596000000,
    "incomeBeforeTaxRatio": 0.1088385683,
    "incomeTaxExpense": 905000000,
    "netIncome": -274000000,
    "netIncomeRatio": -0.050036523,
    "eps": -1.66,
    "epsdiluted": -1.65,
    "weightedAverageShsOut": 165400000,
    "weightedAverageShsOutDil": 166200000,
    "link": "https://www.sec.gov/Archives/edgar/data/26172/000002617218000011/0000026172-18-000011-index.htm",
    "finalLink": "https://www.sec.gov/Archives/edgar/data/26172/000002617218000011/cmi2017final10-kdocume.htm"
  },
  {
    "date": "2017-10-01",
    "symbol": "CMI",
    "reportedCurrency": "USD",
    "cik": "0000026172",
    "fillingDate": "2017-10-31",
    "acceptedDate": "2017-10-31 13:50:10",
    "calendarYear": "2017",
    "period": "Q3",
    "revenue": 5285000000,
    "costOfRevenue": 3944000000,
    "grossProfit": 1341000000,
    "grossProfitRatio": 0.2537369915,
    "researchAndDevelopmentExpenses": 213000000,
    "generalAndAdministrativeExpenses": 0,
    "sellingAndMarketingExpenses": 0,
    "sellingGeneralAndAdministrativeExpenses": 633000000,
    "otherExpenses": -127000000,
    "operatingExpenses": 719000000,
    "costAndExpenses": 4663000000,
    "interestIncome": 4000000,
    "interestExpense": 18000000,
    "depreciationAndAmortization": 149000000,
    "ebitda": 789000000,
    "ebitdaratio": 0.1492904447,
    "operatingIncome": 622000000,
    "operatingIncomeRatio": 0.1176915799,
    "totalOtherIncomeExpensesNet": 0,
    "incomeBeforeTax": 622000000,
    "incomeBeforeTaxRatio": 0.1176915799,
    "incomeTaxExpense": 165000000,
    "netIncome": 453000000,
    "netIncomeRatio": 0.0857142857,
    "eps": 2.72,
    "epsdiluted": 2.71,
    "weightedAverageShsOut": 166300000,
    "weightedAverageShsOutDil": 167000000,
    "link": "https://www.sec.gov/Archives/edgar/data/26172/000002617217000027/0000026172-17-000027-index.htm",
    "finalLink": "https://www.sec.gov/Archives/edgar/data/26172/000002617217000027/cmi2017finalq310-qdocu.htm"
  },
  {
    "date": "2017-07-02",
    "symbol": "CMI",
    "reportedCurrency": "USD",
    "cik": "0000026172",
    "fillingDate": "2017-08-01",
    "acceptedDate": "2017-08-01 13:55:29",
    "calendarYear": "2017",
    "period": "Q2",
    "revenue": 5078000000,
    "costOfRevenue": 3827000000,
    "grossProfit": 1251000000,
    "grossProfitRatio": 0.2463568334,
    "researchAndDevelopmentExpenses": 174000000,
    "generalAndAdministrativeExpenses": 0,
    "sellingAndMarketingExpenses": 0,
    "sellingGeneralAndAdministrativeExpenses": 606000000,
    "otherExpenses": -116000000,
    "operatingExpenses": 665000000,
    "costAndExpenses": 4492000000,
    "interestIncome": 5000000,
    "interestExpense": 21000000,
    "depreciationAndAmortization": 145000000,
    "ebitda": 765000000,
    "ebitdaratio": 0.1506498622,
    "operatingIncome": 586000000,
    "operatingIncomeRatio": 0.1153997637,
    "totalOtherIncomeExpensesNet": 13000000,
    "incomeBeforeTax": 599000000,
    "incomeBeforeTaxRatio": 0.1179598267,
    "incomeTaxExpense": 158000000,
    "netIncome": 424000000,
    "netIncomeRatio": 0.0834974399,
    "eps": 2.53,
    "epsdiluted": 2.53,
    "weightedAverageShsOut": 167300000,
    "weightedAverageShsOutDil": 167800000,
    "link": "https://www.sec.gov/Archives/edgar/data/26172/000002617217000019/0000026172-17-000019-index.htm",
    "finalLink": "https://www.sec.gov/Archives/edgar/data/26172/000002617217000019/cmi2017finalq210-qdocument.htm"
  },
  {
    "date": "2017-04-02",
    "symbol": "CMI",
    "reportedCurrency": "USD",
    "cik": "0000026172",
    "fillingDate": "2017-05-02",
    "acceptedDate": "2017-05-02 12:50:05",
    "calendarYear": "2017",
    "period": "Q1",
    "revenue": 4589000000,
    "costOfRevenue": 3457000000,
    "grossProfit": 1132000000,
    "grossProfitRatio": 0.2466768359,
    "researchAndDevelopmentExpenses": 158000000,
    "generalAndAdministrativeExpenses": 0,
    "sellingAndMarketingExpenses": 0,
    "sellingGeneralAndAdministrativeExpenses": 547000000,
    "otherExpenses": -113000000,
    "operatingExpenses": 592000000,
    "costAndExpenses": 4049000000,
    "interestIncome": 2000000,
    "interestExpense": 18000000,
    "depreciationAndAmortization": 139000000,
    "ebitda": 705000000,
    "ebitdaratio": 0.1536282414,
    "operatingIncome": 540000000,
    "operatingIncomeRatio": 0.1176726956,
    "totalOtherIncomeExpensesNet": 8000000,
    "incomeBeforeTax": 548000000,
    "incomeBeforeTaxRatio": 0.1194159948,
    "incomeTaxExpense": 143000000,
    "netIncome": 396000000,
    "netIncomeRatio": 0.0862933101,
    "eps": 2.36,
    "epsdiluted": 2.36,
    "weightedAverageShsOut": 167500000,
    "weightedAverageShsOutDil": 168000000,
    "link": "https://www.sec.gov/Archives/edgar/data/26172/000002617217000012/0000026172-17-000012-index.htm",
    "finalLink": "https://www.sec.gov/Archives/edgar/data/26172/000002617217000012/cmi2017finalq110-qdocument.htm"
  },
  {
    "date": "2016-12-31",
    "symbol": "CMI",
    "reportedCurrency": "USD",
    "cik": "0000026172",
    "fillingDate": "2017-02-13",
    "acceptedDate": "2017-02-13 14:08:52",
    "calendarYear": "2016",
    "period": "Q4",
    "revenue": 4503000000,
    "costOfRevenue": 3383000000,
    "grossProfit": 1120000000,
    "grossProfitRatio": 0.2487230735,
    "researchAndDevelopmentExpenses": 158000000,
    "generalAndAdministrativeExpenses": 0,
    "sellingAndMarketingExpenses": 0,
    "sellingGeneralAndAdministrativeExpenses": 519000000,
    "otherExpenses": -64000000,
    "operatingExpenses": 613000000,
    "costAndExpenses": 3996000000,
    "interestIncome": 46000000,
    "interestExpense": 18000000,
    "depreciationAndAmortization": 139000000,
    "ebitda": 665000000,
    "ebitdaratio": 0.1476793249,
    "operatingIncome": 507000000,
    "operatingIncomeRatio": 0.1125916056,
    "totalOtherIncomeExpensesNet": 1000000,
    "incomeBeforeTax": 508000000,
    "incomeBeforeTaxRatio": 0.1128136798,
    "incomeTaxExpense": 112000000,
    "netIncome": 378000000,
    "netIncomeRatio": 0.0839440373,
    "eps": 2.26,
    "epsdiluted": 2.25,
    "weightedAverageShsOut": 167600000,
    "weightedAverageShsOutDil": 168100000,
    "link": "https://www.sec.gov/Archives/edgar/data/26172/000002617217000007/0000026172-17-000007-index.htm",
    "finalLink": "https://www.sec.gov/Archives/edgar/data/26172/000002617217000007/cmi2016final10-kdocument.htm"
  },
  {
    "date": "2016-10-02",
    "symbol": "CMI",
    "reportedCurrency": "USD",
    "cik": "0000026172",
    "fillingDate": "2016-11-01",
    "acceptedDate": "2016-11-01 12:55:45",
    "calendarYear": "2016",
    "period": "Q3",
    "revenue": 4187000000,
    "costOfRevenue": 3108000000,
    "grossProfit": 1079000000,
    "grossProfitRatio": 0.2577024122,
    "researchAndDevelopmentExpenses": 157000000,
    "generalAndAdministrativeExpenses": 0,
    "sellingAndMarketingExpenses": 0,
    "sellingGeneralAndAdministrativeExpenses": 513000000,
    "otherExpenses": 25000000,
    "operatingExpenses": 695000000,
    "costAndExpenses": 3803000000,
    "interestIncome": 6000000,
    "interestExpense": 16000000,
    "depreciationAndAmortization": 132000000,
    "ebitda": 530000000,
    "ebitdaratio": 0.1265822785,
    "operatingIncome": 384000000,
    "operatingIncomeRatio": 0.0917124433,
    "totalOtherIncomeExpensesNet": -2000000,
    "incomeBeforeTax": 382000000,
    "incomeBeforeTaxRatio": 0.0912347743,
    "incomeTaxExpense": 82000000,
    "netIncome": 289000000,
    "netIncomeRatio": 0.0690231669,
    "eps": 1.72,
    "epsdiluted": 1.72,
    "weightedAverageShsOut": 167800000,
    "weightedAverageShsOutDil": 168200000,
    "link": "https://www.sec.gov/Archives/edgar/data/26172/000002617216000059/0000026172-16-000059-index.htm",
    "finalLink": "https://www.sec.gov/Archives/edgar/data/26172/000002617216000059/cmi2016finalq310-qdocument.htm"
  },
  {
    "date": "2016-07-03",
    "symbol": "CMI",
    "reportedCurrency": "USD",
    "cik": "0000026172",
    "fillingDate": "2016-08-02",
    "acceptedDate": "2016-08-02 13:14:46",
    "calendarYear": "2016",
    "period": "Q2",
    "revenue": 4528000000,
    "costOfRevenue": 3331000000,
    "grossProfit": 1197000000,
    "grossProfitRatio": 0.2643551237,
    "researchAndDevelopmentExpenses": 155000000,
    "generalAndAdministrativeExpenses": 0,
    "sellingAndMarketingExpenses": 0,
    "sellingGeneralAndAdministrativeExpenses": 524000000,
    "otherExpenses": -49000000,
    "operatingExpenses": 630000000,
    "costAndExpenses": 3961000000,
    "interestIncome": 6000000,
    "interestExpense": 16000000,
    "depreciationAndAmortization": 131000000,
    "ebitda": 722000000,
    "ebitdaratio": 0.1594522968,
    "operatingIncome": 567000000,
    "operatingIncomeRatio": 0.1252208481,
    "totalOtherIncomeExpensesNet": 8000000,
    "incomeBeforeTax": 575000000,
    "incomeBeforeTaxRatio": 0.1269876325,
    "incomeTaxExpense": 148000000,
    "netIncome": 406000000,
    "netIncomeRatio": 0.089664311,
    "eps": 2.41,
    "epsdiluted": 2.4,
    "weightedAverageShsOut": 168800000,
    "weightedAverageShsOutDil": 169000000,
    "link": "https://www.sec.gov/Archives/edgar/data/26172/000002617216000049/0000026172-16-000049-index.htm",
    "finalLink": "https://www.sec.gov/Archives/edgar/data/26172/000002617216000049/cmi2016finalq210-qdocument.htm"
  },
  {
    "date": "2016-04-03",
    "symbol": "CMI",
    "reportedCurrency": "USD",
    "cik": "0000026172",
    "fillingDate": "2016-05-03",
    "acceptedDate": "2016-05-03 13:21:55",
    "calendarYear": "2016",
    "period": "Q1",
    "revenue": 4291000000,
    "costOfRevenue": 3235000000,
    "grossProfit": 1056000000,
    "grossProfitRatio": 0.246096481,
    "researchAndDevelopmentExpenses": 166000000,
    "generalAndAdministrativeExpenses": 0,
    "sellingAndMarketingExpenses": 0,
    "sellingGeneralAndAdministrativeExpenses": 490000000,
    "otherExpenses": -70000000,
    "operatingExpenses": 586000000,
    "costAndExpenses": 3821000000,
    "interestIncome": 6000000,
    "interestExpense": 19000000,
    "depreciationAndAmortization": 128000000,
    "ebitda": 612000000,
    "ebitdaratio": 0.1426240969,
    "operatingIncome": 470000000,
    "operatingIncomeRatio": 0.1095315777,
    "totalOtherIncomeExpensesNet": -5000000,
    "incomeBeforeTax": 465000000,
    "incomeBeforeTaxRatio": 0.1083663482,
    "incomeTaxExpense": 132000000,
    "netIncome": 321000000,
    "netIncomeRatio": 0.0748077371,
    "eps": 1.87,
    "epsdiluted": 1.87,
    "weightedAverageShsOut": 171800000,
    "weightedAverageShsOutDil": 172000000,
    "link": "https://www.sec.gov/Archives/edgar/data/26172/000002617216000039/0000026172-16-000039-index.htm",
    "finalLink": "https://www.sec.gov/Archives/edgar/data/26172/000002617216000039/cmi2016finalq110-qdocument.htm"
  },
  {
    "date": "2015-12-31",
    "symbol": "CMI",
    "reportedCurrency": "USD",
    "cik": "0000026172",
    "fillingDate": "2016-02-12",
    "acceptedDate": "2016-02-12 16:56:03",
    "calendarYear": "2015",
    "period": "Q4",
    "revenue": 4766000000,
    "costOfRevenue": 3554000000,
    "grossProfit": 1212000000,
    "grossProfitRatio": 0.2543013009,
    "researchAndDevelopmentExpenses": 177000000,
    "generalAndAdministrativeExpenses": 0,
    "sellingAndMarketingExpenses": 0,
    "sellingGeneralAndAdministrativeExpenses": 508000000,
    "otherExpenses": 298000000,
    "operatingExpenses": 983000000,
    "costAndExpenses": 4537000000,
    "interestIncome": 46000000,
    "interestExpense": 18000000,
    "depreciationAndAmortization": 131000000,
    "ebitda": 361000000,
    "ebitdaratio": 0.0757448594,
    "operatingIncome": 229000000,
    "operatingIncomeRatio": 0.0480486781,
    "totalOtherIncomeExpensesNet": -17000000,
    "incomeBeforeTax": 212000000,
    "incomeBeforeTaxRatio": 0.0444817457,
    "incomeTaxExpense": 34000000,
    "netIncome": 161000000,
    "netIncomeRatio": 0.0337809484,
    "eps": 0.92,
    "epsdiluted": 0.92,
    "weightedAverageShsOut": 175500000,
    "weightedAverageShsOutDil": 175800000,
    "link": "https://www.sec.gov/Archives/edgar/data/26172/000002617216000033/0000026172-16-000033-index.htm",
    "finalLink": "https://www.sec.gov/Archives/edgar/data/26172/000002617216000033/cmi2015final10-kdocument.htm"
  },
  {
    "date": "2015-09-27",
    "symbol": "CMI",
    "reportedCurrency": "USD",
    "cik": "0000026172",
    "fillingDate": "2015-10-27",
    "acceptedDate": "2015-10-27 15:08:17",
    "calendarYear": "2015",
    "period": "Q3",
    "revenue": 4620000000,
    "costOfRevenue": 3412000000,
    "grossProfit": 1208000000,
    "grossProfitRatio": 0.2614718615,
    "researchAndDevelopmentExpenses": 197000000,
    "generalAndAdministrativeExpenses": 0,
    "sellingAndMarketingExpenses": 0,
    "sellingGeneralAndAdministrativeExpenses": 530000000,
    "otherExpenses": -76000000,
    "operatingExpenses": 651000000,
    "costAndExpenses": 4063000000,
    "interestIncome": 9000000,
    "interestExpense": 16000000,
    "depreciationAndAmortization": 129000000,
    "ebitda": 706000000,
    "ebitdaratio": 0.1528138528,
    "operatingIncome": 557000000,
    "operatingIncomeRatio": 0.1205627706,
    "totalOtherIncomeExpensesNet": 4000000,
    "incomeBeforeTax": 561000000,
    "incomeBeforeTaxRatio": 0.1214285714,
    "incomeTaxExpense": 169000000,
    "netIncome": 380000000,
    "netIncomeRatio": 0.0822510823,
    "eps": 2.15,
    "epsdiluted": 2.14,
    "weightedAverageShsOut": 177000000,
    "weightedAverageShsOutDil": 177400000,
    "link": "https://www.sec.gov/Archives/edgar/data/26172/000002617215000027/0000026172-15-000027-index.htm",
    "finalLink": "https://www.sec.gov/Archives/edgar/data/26172/000002617215000027/cmi2015finalq310-qdocument.htm"
  },
  {
    "date": "2015-06-28",
    "symbol": "CMI",
    "reportedCurrency": "USD",
    "cik": "0000026172",
    "fillingDate": "2015-07-29",
    "acceptedDate": "2015-07-28 17:46:21",
    "calendarYear": "2015",
    "period": "Q2",
    "revenue": 5015000000,
    "costOfRevenue": 3683000000,
    "grossProfit": 1332000000,
    "grossProfitRatio": 0.2656031904,
    "researchAndDevelopmentExpenses": 166000000,
    "generalAndAdministrativeExpenses": 0,
    "sellingAndMarketingExpenses": 0,
    "sellingGeneralAndAdministrativeExpenses": 537000000,
    "otherExpenses": -94000000,
    "operatingExpenses": 609000000,
    "costAndExpenses": 4292000000,
    "interestIncome": 6000000,
    "interestExpense": 17000000,
    "depreciationAndAmortization": 126000000,
    "ebitda": 847000000,
    "ebitdaratio": 0.16889332,
    "operatingIncome": 723000000,
    "operatingIncomeRatio": 0.1441674975,
    "totalOtherIncomeExpensesNet": -19000000,
    "incomeBeforeTax": 704000000,
    "incomeBeforeTaxRatio": 0.1403788634,
    "incomeTaxExpense": 208000000,
    "netIncome": 471000000,
    "netIncomeRatio": 0.0939182453,
    "eps": 2.63,
    "epsdiluted": 2.62,
    "weightedAverageShsOut": 179200000,
    "weightedAverageShsOutDil": 179600000,
    "link": "https://www.sec.gov/Archives/edgar/data/26172/000002617215000020/0000026172-15-000020-index.htm",
    "finalLink": "https://www.sec.gov/Archives/edgar/data/26172/000002617215000020/cmi2015currentq210-qdocume.htm"
  },
  {
    "date": "2015-03-29",
    "symbol": "CMI",
    "reportedCurrency": "USD",
    "cik": "0000026172",
    "fillingDate": "2015-04-29",
    "acceptedDate": "2015-04-28 19:15:00",
    "calendarYear": "2015",
    "period": "Q1",
    "revenue": 4709000000,
    "costOfRevenue": 3514000000,
    "grossProfit": 1195000000,
    "grossProfitRatio": 0.2537693778,
    "researchAndDevelopmentExpenses": 195000000,
    "generalAndAdministrativeExpenses": 0,
    "sellingAndMarketingExpenses": 0,
    "sellingGeneralAndAdministrativeExpenses": 517000000,
    "otherExpenses": -65000000,
    "operatingExpenses": 647000000,
    "costAndExpenses": 4161000000,
    "interestIncome": 5000000,
    "interestExpense": 14000000,
    "depreciationAndAmortization": 128000000,
    "ebitda": 690000000,
    "ebitdaratio": 0.1465279252,
    "operatingIncome": 548000000,
    "operatingIncomeRatio": 0.116372903,
    "totalOtherIncomeExpensesNet": 0,
    "incomeBeforeTax": 548000000,
    "incomeBeforeTaxRatio": 0.116372903,
    "incomeTaxExpense": 144000000,
    "netIncome": 387000000,
    "netIncomeRatio": 0.0821830537,
    "eps": 2.14,
    "epsdiluted": 2.14,
    "weightedAverageShsOut": 180600000,
    "weightedAverageShsOutDil": 181000000,
    "link": "https://www.sec.gov/Archives/edgar/data/26172/000002617215000014/0000026172-15-000014-index.htm",
    "finalLink": "https://www.sec.gov/Archives/edgar/data/26172/000002617215000014/cmi2015currentq110-qdocume.htm"
  },
  {
    "date": "2014-12-31",
    "symbol": "CMI",
    "reportedCurrency": "USD",
    "cik": "0000026172",
    "fillingDate": "2015-02-17",
    "acceptedDate": "2015-02-17 13:19:48",
    "calendarYear": "2014",
    "period": "Q4",
    "revenue": 5090000000,
    "costOfRevenue": 3817000000,
    "grossProfit": 1273000000,
    "grossProfitRatio": 0.2500982318,
    "researchAndDevelopmentExpenses": 187000000,
    "generalAndAdministrativeExpenses": 0,
    "sellingAndMarketingExpenses": 0,
    "sellingGeneralAndAdministrativeExpenses": 568000000,
    "otherExpenses": -63000000,
    "operatingExpenses": 692000000,
    "costAndExpenses": 4509000000,
    "interestIncome": 46000000,
    "interestExpense": 17000000,
    "depreciationAndAmortization": 125000000,
    "ebitda": 754000000,
    "ebitdaratio": 0.1481335953,
    "operatingIncome": 581000000,
    "operatingIncomeRatio": 0.1141453831,
    "totalOtherIncomeExpensesNet": 31000000,
    "incomeBeforeTax": 612000000,
    "incomeBeforeTaxRatio": 0.1202357564,
    "incomeTaxExpense": 145000000,
    "netIncome": 444000000,
    "netIncomeRatio": 0.0872298625,
    "eps": 2.45,
    "epsdiluted": 2.45,
    "weightedAverageShsOut": 181000000,
    "weightedAverageShsOutDil": 181000000,
    "link": "https://www.sec.gov/Archives/edgar/data/26172/000002617215000007/0000026172-15-000007-index.htm",
    "finalLink": "https://www.sec.gov/Archives/edgar/data/26172/000002617215000007/cmi2014currentq410-kdocume.htm"
  },
  {
    "date": "2014-09-28",
    "symbol": "CMI",
    "reportedCurrency": "USD",
    "cik": "0000026172",
    "fillingDate": "2014-10-29",
    "acceptedDate": "2014-10-28 18:31:59",
    "calendarYear": "2014",
    "period": "Q3",
    "revenue": 4890000000,
    "costOfRevenue": 3606000000,
    "grossProfit": 1284000000,
    "grossProfitRatio": 0.2625766871,
    "researchAndDevelopmentExpenses": 198000000,
    "generalAndAdministrativeExpenses": 0,
    "sellingAndMarketingExpenses": 0,
    "sellingGeneralAndAdministrativeExpenses": 529000000,
    "otherExpenses": -102000000,
    "operatingExpenses": 625000000,
    "costAndExpenses": 4231000000,
    "interestIncome": 6000000,
    "interestExpense": 15000000,
    "depreciationAndAmortization": 113000000,
    "ebitda": 797000000,
    "ebitdaratio": 0.1629856851,
    "operatingIncome": 659000000,
    "operatingIncomeRatio": 0.1347648262,
    "totalOtherIncomeExpensesNet": 10000000,
    "incomeBeforeTax": 669000000,
    "incomeBeforeTaxRatio": 0.136809816,
    "incomeTaxExpense": 230000000,
    "netIncome": 423000000,
    "netIncomeRatio": 0.0865030675,
    "eps": 2.32,
    "epsdiluted": 2.32,
    "weightedAverageShsOut": 182200000,
    "weightedAverageShsOutDil": 182700000,
    "link": "https://www.sec.gov/Archives/edgar/data/26172/000002617214000034/0000026172-14-000034-index.htm",
    "finalLink": "https://www.sec.gov/Archives/edgar/data/26172/000002617214000034/cmiq3201410-qdoc.htm"
  },
  {
    "date": "2014-06-29",
    "symbol": "CMI",
    "reportedCurrency": "USD",
    "cik": "0000026172",
    "fillingDate": "2014-07-29",
    "acceptedDate": "2014-07-29 10:29:36",
    "calendarYear": "2014",
    "period": "Q2",
    "revenue": 4835000000,
    "costOfRevenue": 3630000000,
    "grossProfit": 1205000000,
    "grossProfitRatio": 0.2492244054,
    "researchAndDevelopmentExpenses": 179000000,
    "generalAndAdministrativeExpenses": 0,
    "sellingAndMarketingExpenses": 0,
    "sellingGeneralAndAdministrativeExpenses": 513000000,
    "otherExpenses": -99000000,
    "operatingExpenses": 593000000,
    "costAndExpenses": 4223000000,
    "interestIncome": 6000000,
    "interestExpense": 15000000,
    "depreciationAndAmortization": 112000000,
    "ebitda": 769000000,
    "ebitdaratio": 0.1590486039,
    "operatingIncome": 612000000,
    "operatingIncomeRatio": 0.1265770424,
    "totalOtherIncomeExpensesNet": 30000000,
    "incomeBeforeTax": 642000000,
    "incomeBeforeTaxRatio": 0.1327817994,
    "incomeTaxExpense": 170000000,
    "netIncome": 446000000,
    "netIncomeRatio": 0.0922440538,
    "eps": 2.44,
    "epsdiluted": 2.43,
    "weightedAverageShsOut": 182800000,
    "weightedAverageShsOutDil": 183200000,
    "link": "https://www.sec.gov/Archives/edgar/data/26172/000002617214000028/0000026172-14-000028-index.htm",
    "finalLink": "https://www.sec.gov/Archives/edgar/data/26172/000002617214000028/cmiq2629201410-q.htm"
  },
  {
    "date": "2014-03-30",
    "symbol": "CMI",
    "reportedCurrency": "USD",
    "cik": "0000026172",
    "fillingDate": "2014-04-30",
    "acceptedDate": "2014-04-29 17:46:35",
    "calendarYear": "2014",
    "period": "Q1",
    "revenue": 4406000000,
    "costOfRevenue": 3307000000,
    "grossProfit": 1099000000,
    "grossProfitRatio": 0.2494325919,
    "researchAndDevelopmentExpenses": 190000000,
    "generalAndAdministrativeExpenses": 0,
    "sellingAndMarketingExpenses": 0,
    "sellingGeneralAndAdministrativeExpenses": 485000000,
    "otherExpenses": -89000000,
    "operatingExpenses": 586000000,
    "costAndExpenses": 3893000000,
    "interestIncome": 5000000,
    "interestExpense": 17000000,
    "depreciationAndAmortization": 105000000,
    "ebitda": 633000000,
    "ebitdaratio": 0.1436677258,
    "operatingIncome": 513000000,
    "operatingIncomeRatio": 0.116432138,
    "totalOtherIncomeExpensesNet": -2000000,
    "incomeBeforeTax": 511000000,
    "incomeBeforeTaxRatio": 0.1159782115,
    "incomeTaxExpense": 153000000,
    "netIncome": 338000000,
    "netIncomeRatio": 0.0767135724,
    "eps": 1.83,
    "epsdiluted": 1.83,
    "weightedAverageShsOut": 184300000,
    "weightedAverageShsOutDil": 184700000,
    "link": "https://www.sec.gov/Archives/edgar/data/26172/000002617214000017/0000026172-14-000017-index.htm",
    "finalLink": "https://www.sec.gov/Archives/edgar/data/26172/000002617214000017/cmi330201410-q.htm"
  },
  {
    "date": "2013-12-31",
    "symbol": "CMI",
    "reportedCurrency": "USD",
    "cik": "0000026172",
    "fillingDate": "2014-02-18",
    "acceptedDate": "2014-02-18 14:43:01",
    "calendarYear": "2013",
    "period": "Q4",
    "revenue": 4588000000,
    "costOfRevenue": 3424000000,
    "grossProfit": 1164000000,
    "grossProfitRatio": 0.2537053182,
    "researchAndDevelopmentExpenses": 181000000,
    "generalAndAdministrativeExpenses": 0,
    "sellingAndMarketingExpenses": 0,
    "sellingGeneralAndAdministrativeExpenses": 500000000,
    "otherExpenses": -70000000,
    "operatingExpenses": 611000000,
    "costAndExpenses": 4035000000,
    "interestIncome": 42000000,
    "interestExpense": 19000000,
    "depreciationAndAmortization": 102000000,
    "ebitda": 668000000,
    "ebitdaratio": 0.1455972101,
    "operatingIncome": 553000000,
    "operatingIncomeRatio": 0.1205318221,
    "totalOtherIncomeExpensesNet": -6000000,
    "incomeBeforeTax": 547000000,
    "incomeBeforeTaxRatio": 0.1192240628,
    "incomeTaxExpense": 86000000,
    "netIncome": 432000000,
    "netIncomeRatio": 0.0941586748,
    "eps": 2.34,
    "epsdiluted": 2.34,
    "weightedAverageShsOut": 184700000,
    "weightedAverageShsOutDil": 184700000,
    "link": "https://www.sec.gov/Archives/edgar/data/26172/000002617214000008/0000026172-14-000008-index.htm",
    "finalLink": "https://www.sec.gov/Archives/edgar/data/26172/000002617214000008/cmi1231201310k.htm"
  },
  {
    "date": "2013-09-29",
    "symbol": "CMI",
    "reportedCurrency": "USD",
    "cik": "0000026172",
    "fillingDate": "2013-10-30",
    "acceptedDate": "2013-10-30 09:08:17",
    "calendarYear": "2013",
    "period": "Q3",
    "revenue": 4266000000,
    "costOfRevenue": 3185000000,
    "grossProfit": 1081000000,
    "grossProfitRatio": 0.2533989686,
    "researchAndDevelopmentExpenses": 173000000,
    "generalAndAdministrativeExpenses": 0,
    "sellingAndMarketingExpenses": 0,
    "sellingGeneralAndAdministrativeExpenses": 464000000,
    "otherExpenses": -80000000,
    "operatingExpenses": 557000000,
    "costAndExpenses": 3742000000,
    "interestIncome": 6000000,
    "interestExpense": 8000000,
    "depreciationAndAmortization": 105000000,
    "ebitda": 641000000,
    "ebitdaratio": 0.1502578528,
    "operatingIncome": 524000000,
    "operatingIncomeRatio": 0.1228316925,
    "totalOtherIncomeExpensesNet": 4000000,
    "incomeBeforeTax": 528000000,
    "incomeBeforeTaxRatio": 0.123769339,
    "incomeTaxExpense": 154000000,
    "netIncome": 355000000,
    "netIncomeRatio": 0.0832161275,
    "eps": 1.91,
    "epsdiluted": 1.9,
    "weightedAverageShsOut": 186000000,
    "weightedAverageShsOutDil": 186500000,
    "link": "https://www.sec.gov/Archives/edgar/data/26172/000002617213000021/0000026172-13-000021-index.htm",
    "finalLink": "https://www.sec.gov/Archives/edgar/data/26172/000002617213000021/cmi930201310-q.htm"
  },
  {
    "date": "2013-06-30",
    "symbol": "CMI",
    "reportedCurrency": "USD",
    "cik": "0000026172",
    "fillingDate": "2013-07-31",
    "acceptedDate": "2013-07-31 16:27:05",
    "calendarYear": "2013",
    "period": "Q2",
    "revenue": 4525000000,
    "costOfRevenue": 3372000000,
    "grossProfit": 1153000000,
    "grossProfitRatio": 0.2548066298,
    "researchAndDevelopmentExpenses": 177000000,
    "generalAndAdministrativeExpenses": 0,
    "sellingAndMarketingExpenses": 0,
    "sellingGeneralAndAdministrativeExpenses": 484000000,
    "otherExpenses": -118000000,
    "operatingExpenses": 543000000,
    "costAndExpenses": 3915000000,
    "interestIncome": 10000000,
    "interestExpense": 8000000,
    "depreciationAndAmortization": 102000000,
    "ebitda": 723000000,
    "ebitdaratio": 0.1597790055,
    "operatingIncome": 610000000,
    "operatingIncomeRatio": 0.1348066298,
    "totalOtherIncomeExpensesNet": 3000000,
    "incomeBeforeTax": 613000000,
    "incomeBeforeTaxRatio": 0.1354696133,
    "incomeTaxExpense": 172000000,
    "netIncome": 414000000,
    "netIncomeRatio": 0.0914917127,
    "eps": 2.2,
    "epsdiluted": 2.2,
    "weightedAverageShsOut": 187800000,
    "weightedAverageShsOutDil": 188200000,
    "link": "https://www.sec.gov/Archives/edgar/data/26172/000110465913058381/0001104659-13-058381-index.htm",
    "finalLink": "https://www.sec.gov/Archives/edgar/data/26172/000110465913058381/a13-13608_110q.htm"
  },
  {
    "date": "2013-03-31",
    "symbol": "CMI",
    "reportedCurrency": "USD",
    "cik": "0000026172",
    "fillingDate": "2013-05-01",
    "acceptedDate": "2013-05-01 10:30:02",
    "calendarYear": "2013",
    "period": "Q1",
    "revenue": 3922000000,
    "costOfRevenue": 2965000000,
    "grossProfit": 957000000,
    "grossProfitRatio": 0.2440081591,
    "researchAndDevelopmentExpenses": 182000000,
    "generalAndAdministrativeExpenses": 0,
    "sellingAndMarketingExpenses": 0,
    "sellingGeneralAndAdministrativeExpenses": 444000000,
    "otherExpenses": -83000000,
    "operatingExpenses": 543000000,
    "costAndExpenses": 3508000000,
    "interestIncome": 5000000,
    "interestExpense": 6000000,
    "depreciationAndAmortization": 98000000,
    "ebitda": 535000000,
    "ebitdaratio": 0.1364099949,
    "operatingIncome": 414000000,
    "operatingIncomeRatio": 0.1055583886,
    "totalOtherIncomeExpensesNet": 17000000,
    "incomeBeforeTax": 431000000,
    "incomeBeforeTaxRatio": 0.1098929118,
    "incomeTaxExpense": 119000000,
    "netIncome": 282000000,
    "netIncomeRatio": 0.0719020908,
    "eps": 1.5,
    "epsdiluted": 1.49,
    "weightedAverageShsOut": 188400000,
    "weightedAverageShsOutDil": 188800000,
    "link": "https://www.sec.gov/Archives/edgar/data/26172/000110465913035765/0001104659-13-035765-index.htm",
    "finalLink": "https://www.sec.gov/Archives/edgar/data/26172/000110465913035765/a13-7539_110q.htm"
  },
  {
    "date": "2012-12-31",
    "symbol": "CMI",
    "reportedCurrency": "USD",
    "cik": "0000026172",
    "fillingDate": "2013-02-20",
    "acceptedDate": "2013-02-20 10:57:47",
    "calendarYear": "2012",
    "period": "Q4",
    "revenue": 4292000000,
    "costOfRevenue": 3234000000,
    "grossProfit": 1058000000,
    "grossProfitRatio": 0.2465051258,
    "researchAndDevelopmentExpenses": 174000000,
    "generalAndAdministrativeExpenses": 0,
    "sellingAndMarketingExpenses": 0,
    "sellingGeneralAndAdministrativeExpenses": 482000000,
    "otherExpenses": -63000000,
    "operatingExpenses": 593000000,
    "costAndExpenses": 3827000000,
    "interestIncome": 5000000,
    "interestExpense": 7000000,
    "depreciationAndAmortization": 99000000,
    "ebitda": 579000000,
    "ebitdaratio": 0.1349021435,
    "operatingIncome": 465000000,
    "operatingIncomeRatio": 0.1083410997,
    "totalOtherIncomeExpensesNet": 8000000,
    "incomeBeforeTax": 473000000,
    "incomeBeforeTaxRatio": 0.1102050326,
    "incomeTaxExpense": 75000000,
    "netIncome": 369000000,
    "netIncomeRatio": 0.0859739049,
    "eps": 1.96,
    "epsdiluted": 1.96,
    "weightedAverageShsOut": 188347284,
    "weightedAverageShsOutDil": 188400000,
    "link": "https://www.sec.gov/Archives/edgar/data/26172/000104746913001297/0001047469-13-001297-index.htm",
    "finalLink": "https://www.sec.gov/Archives/edgar/data/26172/000104746913001297/a2212392z10-k.htm"
  },
  {
    "date": "2012-09-30",
    "symbol": "CMI",
    "reportedCurrency": "USD",
    "cik": "0000026172",
    "fillingDate": "2012-10-31",
    "acceptedDate": "2012-10-31 13:59:29",
    "calendarYear": "2012",
    "period": "Q3",
    "revenue": 4118000000,
    "costOfRevenue": 3076000000,
    "grossProfit": 1042000000,
    "grossProfitRatio": 0.2530354541,
    "researchAndDevelopmentExpenses": 186000000,
    "generalAndAdministrativeExpenses": 0,
    "sellingAndMarketingExpenses": 0,
    "sellingGeneralAndAdministrativeExpenses": 456000000,
    "otherExpenses": -93000000,
    "operatingExpenses": 549000000,
    "costAndExpenses": 3625000000,
    "interestIncome": 5000000,
    "interestExpense": 9000000,
    "depreciationAndAmortization": 91000000,
    "ebitda": 587000000,
    "ebitdaratio": 0.1425449247,
    "operatingIncome": 493000000,
    "operatingIncomeRatio": 0.1197183099,
    "totalOtherIncomeExpensesNet": -6000000,
    "incomeBeforeTax": 487000000,
    "incomeBeforeTaxRatio": 0.1182612919,
    "incomeTaxExpense": 117000000,
    "netIncome": 352000000,
    "netIncomeRatio": 0.0854783876,
    "eps": 1.87,
    "epsdiluted": 1.86,
    "weightedAverageShsOut": 188600000,
    "weightedAverageShsOutDil": 189000000,
    "link": "https://www.sec.gov/Archives/edgar/data/26172/000110465912072625/0001104659-12-072625-index.htm",
    "finalLink": "https://www.sec.gov/Archives/edgar/data/26172/000110465912072625/a12-18914_110q.htm"
  },
  {
    "date": "2012-07-01",
    "symbol": "CMI",
    "reportedCurrency": "USD",
    "cik": "0000026172",
    "fillingDate": "2012-08-01",
    "acceptedDate": "2012-08-01 11:09:52",
    "calendarYear": "2012",
    "period": "Q2",
    "revenue": 4452000000,
    "costOfRevenue": 3242000000,
    "grossProfit": 1210000000,
    "grossProfitRatio": 0.2717879605,
    "researchAndDevelopmentExpenses": 187000000,
    "generalAndAdministrativeExpenses": 0,
    "sellingAndMarketingExpenses": 0,
    "sellingGeneralAndAdministrativeExpenses": 487000000,
    "otherExpenses": -112000000,
    "operatingExpenses": 562000000,
    "costAndExpenses": 3804000000,
    "interestIncome": 7000000,
    "interestExpense": 8000000,
    "depreciationAndAmortization": 86000000,
    "ebitda": 755000000,
    "ebitdaratio": 0.1695867026,
    "operatingIncome": 648000000,
    "operatingIncomeRatio": 0.1455525606,
    "totalOtherIncomeExpensesNet": 13000000,
    "incomeBeforeTax": 661000000,
    "incomeBeforeTaxRatio": 0.1484725966,
    "incomeTaxExpense": 166000000,
    "netIncome": 469000000,
    "netIncomeRatio": 0.1053459119,
    "eps": 2.47,
    "epsdiluted": 2.47,
    "weightedAverageShsOut": 189800000,
    "weightedAverageShsOutDil": 190100000,
    "link": "https://www.sec.gov/Archives/edgar/data/26172/000110465912053073/0001104659-12-053073-index.htm",
    "finalLink": "https://www.sec.gov/Archives/edgar/data/26172/000110465912053073/a12-13660_110q.htm"
  },
  {
    "date": "2012-04-01",
    "symbol": "CMI",
    "reportedCurrency": "USD",
    "cik": "0000026172",
    "fillingDate": "2012-05-02",
    "acceptedDate": "2012-05-02 15:05:39",
    "calendarYear": "2012",
    "period": "Q1",
    "revenue": 4472000000,
    "costOfRevenue": 3274000000,
    "grossProfit": 1198000000,
    "grossProfitRatio": 0.2678890877,
    "researchAndDevelopmentExpenses": 181000000,
    "generalAndAdministrativeExpenses": 0,
    "sellingAndMarketingExpenses": 0,
    "sellingGeneralAndAdministrativeExpenses": 475000000,
    "otherExpenses": -106000000,
    "operatingExpenses": 550000000,
    "costAndExpenses": 3824000000,
    "interestIncome": 8000000,
    "interestExpense": 8000000,
    "depreciationAndAmortization": 85000000,
    "ebitda": 743000000,
    "ebitdaratio": 0.1661449016,
    "operatingIncome": 648000000,
    "operatingIncomeRatio": 0.14490161,
    "totalOtherIncomeExpensesNet": 2000000,
    "incomeBeforeTax": 650000000,
    "incomeBeforeTaxRatio": 0.1453488372,
    "incomeTaxExpense": 175000000,
    "netIncome": 455000000,
    "netIncomeRatio": 0.101744186,
    "eps": 2.39,
    "epsdiluted": 2.38,
    "weightedAverageShsOut": 190400000,
    "weightedAverageShsOutDil": 190800000,
    "link": "https://www.sec.gov/Archives/edgar/data/26172/000110465912031984/0001104659-12-031984-index.htm",
    "finalLink": "https://www.sec.gov/Archives/edgar/data/26172/000110465912031984/a12-6811_110q.htm"
  },
  {
    "date": "2011-12-31",
    "symbol": "CMI",
    "reportedCurrency": "USD",
    "cik": "0000026172",
    "fillingDate": "2012-02-21",
    "acceptedDate": "2012-02-21 06:02:55",
    "calendarYear": "2011",
    "period": "Q4",
    "revenue": 4921000000,
    "costOfRevenue": 3680000000,
    "grossProfit": 1241000000,
    "grossProfitRatio": 0.2521845153,
    "researchAndDevelopmentExpenses": 179000000,
    "generalAndAdministrativeExpenses": 0,
    "sellingAndMarketingExpenses": 0,
    "sellingGeneralAndAdministrativeExpenses": 496000000,
    "otherExpenses": -179000000,
    "operatingExpenses": 496000000,
    "costAndExpenses": 4176000000,
    "interestIncome": 9000000,
    "interestExpense": 10000000,
    "depreciationAndAmortization": 82000000,
    "ebitda": 850000000,
    "ebitdaratio": 0.1727291201,
    "operatingIncome": 745000000,
    "operatingIncomeRatio": 0.1513919935,
    "totalOtherIncomeExpensesNet": 13000000,
    "incomeBeforeTax": 758000000,
    "incomeBeforeTaxRatio": 0.154033733,
    "incomeTaxExpense": 186000000,
    "netIncome": 548000000,
    "netIncomeRatio": 0.1113594798,
    "eps": 2.84,
    "epsdiluted": 2.84,
    "weightedAverageShsOut": 190488844,
    "weightedAverageShsOutDil": 192700000,
    "link": "https://www.sec.gov/Archives/edgar/data/26172/000104746912001182/0001047469-12-001182-index.htm",
    "finalLink": "https://www.sec.gov/Archives/edgar/data/26172/000104746912001182/a2206691z10-k.htm"
  },
  {
    "date": "2011-09-25",
    "symbol": "CMI",
    "reportedCurrency": "USD",
    "cik": "0000026172",
    "fillingDate": "2011-10-27",
    "acceptedDate": "2011-10-26 17:37:16",
    "calendarYear": "2011",
    "period": "Q3",
    "revenue": 4626000000,
    "costOfRevenue": 3438000000,
    "grossProfit": 1188000000,
    "grossProfitRatio": 0.2568093385,
    "researchAndDevelopmentExpenses": 164000000,
    "generalAndAdministrativeExpenses": 0,
    "sellingAndMarketingExpenses": 0,
    "sellingGeneralAndAdministrativeExpenses": 489000000,
    "otherExpenses": -104000000,
    "operatingExpenses": 549000000,
    "costAndExpenses": 3987000000,
    "interestIncome": 9000000,
    "interestExpense": 11000000,
    "depreciationAndAmortization": 84000000,
    "ebitda": 724000000,
    "ebitdaratio": 0.1565067013,
    "operatingIncome": 639000000,
    "operatingIncomeRatio": 0.1381322957,
    "totalOtherIncomeExpensesNet": -10000000,
    "incomeBeforeTax": 629000000,
    "incomeBeforeTaxRatio": 0.135970601,
    "incomeTaxExpense": 157000000,
    "netIncome": 452000000,
    "netIncomeRatio": 0.0977086035,
    "eps": 2.35,
    "epsdiluted": 2.35,
    "weightedAverageShsOut": 192100000,
    "weightedAverageShsOutDil": 192700000,
    "link": "https://www.sec.gov/Archives/edgar/data/26172/000110465911058113/0001104659-11-058113-index.htm",
    "finalLink": "https://www.sec.gov/Archives/edgar/data/26172/000110465911058113/a11-24689_110q.htm"
  },
  {
    "date": "2011-06-26",
    "symbol": "CMI",
    "reportedCurrency": "USD",
    "cik": "0000026172",
    "fillingDate": "2011-07-28",
    "acceptedDate": "2011-07-27 20:56:19",
    "calendarYear": "2011",
    "period": "Q2",
    "revenue": 4641000000,
    "costOfRevenue": 3438000000,
    "grossProfit": 1203000000,
    "grossProfitRatio": 0.2592113769,
    "researchAndDevelopmentExpenses": 157000000,
    "generalAndAdministrativeExpenses": 0,
    "sellingAndMarketingExpenses": 0,
    "sellingGeneralAndAdministrativeExpenses": 463000000,
    "otherExpenses": -185000000,
    "operatingExpenses": 435000000,
    "costAndExpenses": 3873000000,
    "interestIncome": 10000000,
    "interestExpense": 13000000,
    "depreciationAndAmortization": 80000000,
    "ebitda": 855000000,
    "ebitdaratio": 0.1842275372,
    "operatingIncome": 768000000,
    "operatingIncomeRatio": 0.1654815772,
    "totalOtherIncomeExpensesNet": -6000000,
    "incomeBeforeTax": 762000000,
    "incomeBeforeTaxRatio": 0.1641887524,
    "incomeTaxExpense": 225000000,
    "netIncome": 505000000,
    "netIncomeRatio": 0.1088127559,
    "eps": 2.61,
    "epsdiluted": 2.6,
    "weightedAverageShsOut": 193800000,
    "weightedAverageShsOutDil": 194400000,
    "link": "https://www.sec.gov/Archives/edgar/data/26172/000110465911041217/0001104659-11-041217-index.htm",
    "finalLink": "https://www.sec.gov/Archives/edgar/data/26172/000110465911041217/a11-13785_110q.htm"
  },
  {
    "date": "2011-03-27",
    "symbol": "CMI",
    "reportedCurrency": "USD",
    "cik": "0000026172",
    "fillingDate": "2011-04-28",
    "acceptedDate": "2011-04-27 19:02:39",
    "calendarYear": "2011",
    "period": "Q1",
    "revenue": 3860000000,
    "costOfRevenue": 2903000000,
    "grossProfit": 957000000,
    "grossProfitRatio": 0.2479274611,
    "researchAndDevelopmentExpenses": 129000000,
    "generalAndAdministrativeExpenses": 0,
    "sellingAndMarketingExpenses": 0,
    "sellingGeneralAndAdministrativeExpenses": 389000000,
    "otherExpenses": -90000000,
    "operatingExpenses": 428000000,
    "costAndExpenses": 3331000000,
    "interestIncome": 6000000,
    "interestExpense": 10000000,
    "depreciationAndAmortization": 79000000,
    "ebitda": 611000000,
    "ebitdaratio": 0.1582901554,
    "operatingIncome": 529000000,
    "operatingIncomeRatio": 0.1370466321,
    "totalOtherIncomeExpensesNet": -7000000,
    "incomeBeforeTax": 522000000,
    "incomeBeforeTaxRatio": 0.1352331606,
    "incomeTaxExpense": 157000000,
    "netIncome": 343000000,
    "netIncomeRatio": 0.0888601036,
    "eps": 1.75,
    "epsdiluted": 1.75,
    "weightedAverageShsOut": 195500000,
    "weightedAverageShsOutDil": 196100000,
    "link": "https://www.sec.gov/Archives/edgar/data/26172/000110465911023044/0001104659-11-023044-index.htm",
    "finalLink": "https://www.sec.gov/Archives/edgar/data/26172/000110465911023044/a11-7817_110q.htm"
  },
  {
    "date": "2010-12-31",
    "symbol": "CMI",
    "reportedCurrency": "USD",
    "cik": "0000026172",
    "fillingDate": "2011-02-24",
    "acceptedDate": "2011-02-24 12:32:07",
    "calendarYear": "2010",
    "period": "Q4",
    "revenue": 4139000000,
    "costOfRevenue": 3155000000,
    "grossProfit": 984000000,
    "grossProfitRatio": 0.2377385842,
    "researchAndDevelopmentExpenses": 123000000,
    "generalAndAdministrativeExpenses": 0,
    "sellingAndMarketingExpenses": 0,
    "sellingGeneralAndAdministrativeExpenses": 423000000,
    "otherExpenses": -87000000,
    "operatingExpenses": 459000000,
    "costAndExpenses": 3614000000,
    "interestIncome": 7000000,
    "interestExpense": 11000000,
    "depreciationAndAmortization": 81000000,
    "ebitda": 622000000,
    "ebitdaratio": 0.1502778449,
    "operatingIncome": 525000000,
    "operatingIncomeRatio": 0.1268422324,
    "totalOtherIncomeExpensesNet": 5000000,
    "incomeBeforeTax": 530000000,
    "incomeBeforeTaxRatio": 0.1280502537,
    "incomeTaxExpense": 139000000,
    "netIncome": 362000000,
    "netIncomeRatio": 0.0874607393,
    "eps": 1.85,
    "epsdiluted": 1.85,
    "weightedAverageShsOut": 195796620,
    "weightedAverageShsOutDil": 196100000,
    "link": "https://www.sec.gov/Archives/edgar/data/26172/000104746911001252/0001047469-11-001252-index.htm",
    "finalLink": "https://www.sec.gov/Archives/edgar/data/26172/000104746911001252/a2201977z10-k.htm"
  },
  {
    "date": "2010-09-26",
    "symbol": "CMI",
    "reportedCurrency": "USD",
    "cik": "0000026172",
    "fillingDate": "2010-10-29",
    "acceptedDate": "2010-10-29 10:49:20",
    "calendarYear": "2010",
    "period": "Q3",
    "revenue": 3401000000,
    "costOfRevenue": 2571000000,
    "grossProfit": 830000000,
    "grossProfitRatio": 0.2440458689,
    "researchAndDevelopmentExpenses": 103000000,
    "generalAndAdministrativeExpenses": 0,
    "sellingAndMarketingExpenses": 0,
    "sellingGeneralAndAdministrativeExpenses": 375000000,
    "otherExpenses": -83000000,
    "operatingExpenses": 395000000,
    "costAndExpenses": 2966000000,
    "interestIncome": 6000000,
    "interestExpense": 11000000,
    "depreciationAndAmortization": 78000000,
    "ebitda": 527000000,
    "ebitdaratio": 0.1549544252,
    "operatingIncome": 435000000,
    "operatingIncomeRatio": 0.1279035578,
    "totalOtherIncomeExpensesNet": 3000000,
    "incomeBeforeTax": 438000000,
    "incomeBeforeTaxRatio": 0.1287856513,
    "incomeTaxExpense": 129000000,
    "netIncome": 283000000,
    "netIncomeRatio": 0.0832108203,
    "eps": 1.45,
    "epsdiluted": 1.44,
    "weightedAverageShsOut": 195800000,
    "weightedAverageShsOutDil": 196300000,
    "link": "https://www.sec.gov/Archives/edgar/data/26172/000110465910054571/0001104659-10-054571-index.htm",
    "finalLink": "https://www.sec.gov/Archives/edgar/data/26172/000110465910054571/a10-17231_110q.htm"
  },
  {
    "date": "2010-06-27",
    "symbol": "CMI",
    "reportedCurrency": "USD",
    "cik": "0000026172",
    "fillingDate": "2010-07-30",
    "acceptedDate": "2010-07-30 10:44:45",
    "calendarYear": "2010",
    "period": "Q2",
    "revenue": 3208000000,
    "costOfRevenue": 2455000000,
    "grossProfit": 753000000,
    "grossProfitRatio": 0.2347256858,
    "researchAndDevelopmentExpenses": 96000000,
    "generalAndAdministrativeExpenses": 0,
    "sellingAndMarketingExpenses": 0,
    "sellingGeneralAndAdministrativeExpenses": 354000000,
    "otherExpenses": -93000000,
    "operatingExpenses": 357000000,
    "costAndExpenses": 2812000000,
    "interestIncome": 5000000,
    "interestExpense": 9000000,
    "depreciationAndAmortization": 82000000,
    "ebitda": 483000000,
    "ebitdaratio": 0.1505610973,
    "operatingIncome": 396000000,
    "operatingIncomeRatio": 0.1234413965,
    "totalOtherIncomeExpensesNet": -4000000,
    "incomeBeforeTax": 392000000,
    "incomeBeforeTaxRatio": 0.1221945137,
    "incomeTaxExpense": 122000000,
    "netIncome": 246000000,
    "netIncomeRatio": 0.0766832918,
    "eps": 1.25,
    "epsdiluted": 1.25,
    "weightedAverageShsOut": 196900000,
    "weightedAverageShsOutDil": 197300000,
    "link": "https://www.sec.gov/Archives/edgar/data/26172/000110465910040695/0001104659-10-040695-index.htm",
    "finalLink": "https://www.sec.gov/Archives/edgar/data/26172/000110465910040695/a10-11538_110q.htm"
  },
  {
    "date": "2010-03-28",
    "symbol": "CMI",
    "reportedCurrency": "USD",
    "cik": "0000026172",
    "fillingDate": "2010-04-29",
    "acceptedDate": "2010-04-29 10:50:30",
    "calendarYear": "2010",
    "period": "Q1",
    "revenue": 2478000000,
    "costOfRevenue": 1877000000,
    "grossProfit": 601000000,
    "grossProfitRatio": 0.2425343019,
    "researchAndDevelopmentExpenses": 92000000,
    "generalAndAdministrativeExpenses": 0,
    "sellingAndMarketingExpenses": 0,
    "sellingGeneralAndAdministrativeExpenses": 335000000,
    "otherExpenses": -72000000,
    "operatingExpenses": 355000000,
    "costAndExpenses": 2232000000,
    "interestIncome": 3000000,
    "interestExpense": 9000000,
    "depreciationAndAmortization": 79000000,
    "ebitda": 345000000,
    "ebitdaratio": 0.1392251816,
    "operatingIncome": 246000000,
    "operatingIncomeRatio": 0.0992736077,
    "totalOtherIncomeExpensesNet": 11000000,
    "incomeBeforeTax": 257000000,
    "incomeBeforeTaxRatio": 0.1037126715,
    "incomeTaxExpense": 87000000,
    "netIncome": 149000000,
    "netIncomeRatio": 0.0601291364,
    "eps": 0.75,
    "epsdiluted": 0.75,
    "weightedAverageShsOut": 198400000,
    "weightedAverageShsOutDil": 198700000,
    "link": "https://www.sec.gov/Archives/edgar/data/26172/000110465910022858/0001104659-10-022858-index.htm",
    "finalLink": "https://www.sec.gov/Archives/edgar/data/26172/000110465910022858/a10-5720_110q.htm"
  },
  {
    "date": "2009-12-31",
    "symbol": "CMI",
    "reportedCurrency": "USD",
    "cik": "0000026172",
    "fillingDate": "2010-02-26",
    "acceptedDate": "2010-02-25 18:45:41",
    "calendarYear": "2009",
    "period": "Q4",
    "revenue": 3400000000,
    "costOfRevenue": 2627000000,
    "grossProfit": 773000000,
    "grossProfitRatio": 0.2273529412,
    "researchAndDevelopmentExpenses": 108000000,
    "generalAndAdministrativeExpenses": 0,
    "sellingAndMarketingExpenses": 0,
    "sellingGeneralAndAdministrativeExpenses": 348000000,
    "otherExpenses": -68000000,
    "operatingExpenses": 388000000,
    "costAndExpenses": 3015000000,
    "interestIncome": 3000000,
    "interestExpense": 9000000,
    "depreciationAndAmortization": 88000000,
    "ebitda": 471000000,
    "ebitdaratio": 0.1385294118,
    "operatingIncome": 385000000,
    "operatingIncomeRatio": 0.1132352941,
    "totalOtherIncomeExpensesNet": -11000000,
    "incomeBeforeTax": 374000000,
    "incomeBeforeTaxRatio": 0.11,
    "incomeTaxExpense": 84000000,
    "netIncome": 270000000,
    "netIncomeRatio": 0.0794117647,
    "eps": 1.36,
    "epsdiluted": 1.36,
    "weightedAverageShsOut": 198483992,
    "weightedAverageShsOutDil": 198700000,
    "link": "https://www.sec.gov/Archives/edgar/data/26172/000104746910001435/0001047469-10-001435-index.htm",
    "finalLink": "https://www.sec.gov/Archives/edgar/data/26172/000104746910001435/a2196405z10-k.htm"
  },
  {
    "date": "2009-09-27",
    "symbol": "CMI",
    "reportedCurrency": "USD",
    "cik": "0000026172",
    "fillingDate": "2009-10-30",
    "acceptedDate": "2009-10-30 14:09:17",
    "calendarYear": "2009",
    "period": "Q3",
    "revenue": 2530000000,
    "costOfRevenue": 2027000000,
    "grossProfit": 503000000,
    "grossProfitRatio": 0.1988142292,
    "researchAndDevelopmentExpenses": 90000000,
    "generalAndAdministrativeExpenses": 0,
    "sellingAndMarketingExpenses": 0,
    "sellingGeneralAndAdministrativeExpenses": 304000000,
    "otherExpenses": -38000000,
    "operatingExpenses": 356000000,
    "costAndExpenses": 2383000000,
    "interestIncome": 2000000,
    "interestExpense": 9000000,
    "depreciationAndAmortization": 84000000,
    "ebitda": 239000000,
    "ebitdaratio": 0.0944664032,
    "operatingIncome": 147000000,
    "operatingIncomeRatio": 0.0581027668,
    "totalOtherIncomeExpensesNet": -1000000,
    "incomeBeforeTax": 146000000,
    "incomeBeforeTaxRatio": 0.0577075099,
    "incomeTaxExpense": 36000000,
    "netIncome": 95000000,
    "netIncomeRatio": 0.0375494071,
    "eps": 0.48,
    "epsdiluted": 0.48,
    "weightedAverageShsOut": 197400000,
    "weightedAverageShsOutDil": 197800000,
    "link": "https://www.sec.gov/Archives/edgar/data/26172/000110465909061460/0001104659-09-061460-index.htm",
    "finalLink": "https://www.sec.gov/Archives/edgar/data/26172/000110465909061460/a09-27584_110q.htm"
  },
  {
    "date": "2009-06-28",
    "symbol": "CMI",
    "reportedCurrency": "USD",
    "cik": "0000026172",
    "fillingDate": "2009-07-30",
    "acceptedDate": "2009-07-30 12:38:01",
    "calendarYear": "2009",
    "period": "Q2",
    "revenue": 2431000000,
    "costOfRevenue": 1983000000,
    "grossProfit": 448000000,
    "grossProfitRatio": 0.1842863019,
    "researchAndDevelopmentExpenses": 79000000,
    "generalAndAdministrativeExpenses": 0,
    "sellingAndMarketingExpenses": 0,
    "sellingGeneralAndAdministrativeExpenses": 287000000,
    "otherExpenses": -39000000,
    "operatingExpenses": 327000000,
    "costAndExpenses": 2310000000,
    "interestIncome": 1000000,
    "interestExpense": 10000000,
    "depreciationAndAmortization": 78000000,
    "ebitda": 187000000,
    "ebitdaratio": 0.0769230769,
    "operatingIncome": 121000000,
    "operatingIncomeRatio": 0.0497737557,
    "totalOtherIncomeExpensesNet": -22000000,
    "incomeBeforeTax": 99000000,
    "incomeBeforeTaxRatio": 0.0407239819,
    "incomeTaxExpense": 29000000,
    "netIncome": 56000000,
    "netIncomeRatio": 0.0230357877,
    "eps": 0.28,
    "epsdiluted": 0.28,
    "weightedAverageShsOut": 197100000,
    "weightedAverageShsOutDil": 197400000,
    "link": "https://www.sec.gov/Archives/edgar/data/26172/000110465909045874/0001104659-09-045874-index.htm",
    "finalLink": "https://www.sec.gov/Archives/edgar/data/26172/000110465909045874/a09-19109_110q.htm"
  },
  {
    "date": "2009-03-29",
    "symbol": "CMI",
    "reportedCurrency": "USD",
    "cik": "0000026172",
    "fillingDate": "2009-04-30",
    "acceptedDate": "2009-04-30 09:36:07",
    "calendarYear": "2009",
    "period": "Q1",
    "revenue": 2439000000,
    "costOfRevenue": 1994000000,
    "grossProfit": 445000000,
    "grossProfitRatio": 0.1824518245,
    "researchAndDevelopmentExpenses": 85000000,
    "generalAndAdministrativeExpenses": 0,
    "sellingAndMarketingExpenses": 0,
    "sellingGeneralAndAdministrativeExpenses": 300000000,
    "otherExpenses": 31000000,
    "operatingExpenses": 416000000,
    "costAndExpenses": 2410000000,
    "interestIncome": 2000000,
    "interestExpense": 7000000,
    "depreciationAndAmortization": 76000000,
    "ebitda": 104000000,
    "ebitdaratio": 0.0426404264,
    "operatingIncome": 29000000,
    "operatingIncomeRatio": 0.0118901189,
    "totalOtherIncomeExpensesNet": -8000000,
    "incomeBeforeTax": 21000000,
    "incomeBeforeTaxRatio": 0.0086100861,
    "incomeTaxExpense": 7000000,
    "netIncome": 7000000,
    "netIncomeRatio": 0.0028700287,
    "eps": 0.0356,
    "epsdiluted": 0.0355,
    "weightedAverageShsOut": 196800000,
    "weightedAverageShsOutDil": 197000000,
    "link": "https://www.sec.gov/Archives/edgar/data/26172/000002617209000018/0000026172-09-000018-index.htm",
    "finalLink": "https://www.sec.gov/Archives/edgar/data/26172/000002617209000018/cummins10q043009a.htm"
  },
  {
    "date": "2008-12-31",
    "symbol": "CMI",
    "reportedCurrency": "USD",
    "cik": "0000026172",
    "fillingDate": "2009-02-27",
    "acceptedDate": "2009-02-27 13:42:23",
    "calendarYear": "2008",
    "period": "Q4",
    "revenue": 3288000000,
    "costOfRevenue": 2754000000,
    "grossProfit": 534000000,
    "grossProfitRatio": 0.1624087591,
    "researchAndDevelopmentExpenses": 102000000,
    "generalAndAdministrativeExpenses": 0,
    "sellingAndMarketingExpenses": 0,
    "sellingGeneralAndAdministrativeExpenses": 335000000,
    "otherExpenses": -5000000,
    "operatingExpenses": 432000000,
    "costAndExpenses": 3186000000,
    "interestIncome": 0,
    "interestExpense": 0,
    "depreciationAndAmortization": 81000000,
    "ebitda": 131000000,
    "ebitdaratio": 0.0398418491,
    "operatingIncome": 102000000,
    "operatingIncomeRatio": 0.0310218978,
    "totalOtherIncomeExpensesNet": -55000000,
    "incomeBeforeTax": 47000000,
    "incomeBeforeTaxRatio": 0.0142944039,
    "incomeTaxExpense": -12000000,
    "netIncome": 43000000,
    "netIncomeRatio": 0.0130778589,
    "eps": 0.22,
    "epsdiluted": 0.22,
    "weightedAverageShsOut": 194533480,
    "weightedAverageShsOutDil": 197000000,
    "link": "https://www.sec.gov/Archives/edgar/data/26172/000104746909001963/0001047469-09-001963-index.htm",
    "finalLink": "https://www.sec.gov/Archives/edgar/data/26172/000104746909001963/a2190162z10-k.htm"
  },
  {
    "date": "2008-09-28",
    "symbol": "CMI",
    "reportedCurrency": "USD",
    "cik": "0000026172",
    "fillingDate": "2008-10-31",
    "acceptedDate": "2008-10-31 16:11:18",
    "calendarYear": "2008",
    "period": "Q3",
    "revenue": 3693000000,
    "costOfRevenue": 2873000000,
    "grossProfit": 820000000,
    "grossProfitRatio": 0.2220417005,
    "researchAndDevelopmentExpenses": 113000000,
    "generalAndAdministrativeExpenses": 0,
    "sellingAndMarketingExpenses": 0,
    "sellingGeneralAndAdministrativeExpenses": 388000000,
    "otherExpenses": -64000000,
    "operatingExpenses": 437000000,
    "costAndExpenses": 3310000000,
    "interestIncome": 0,
    "interestExpense": 0,
    "depreciationAndAmortization": 75000000,
    "ebitda": 458000000,
    "ebitdaratio": 0.1240184132,
    "operatingIncome": 383000000,
    "operatingIncomeRatio": 0.1037097211,
    "totalOtherIncomeExpensesNet": -13000000,
    "incomeBeforeTax": 370000000,
    "incomeBeforeTaxRatio": 0.1001895478,
    "incomeTaxExpense": 123000000,
    "netIncome": 229000000,
    "netIncomeRatio": 0.0620092066,
    "eps": 1.17,
    "epsdiluted": 1.17,
    "weightedAverageShsOut": 194900000,
    "weightedAverageShsOutDil": 196500000,
    "link": "https://www.sec.gov/Archives/edgar/data/26172/000002617208000042/0000026172-08-000042-index.htm",
    "finalLink": "https://www.sec.gov/Archives/edgar/data/26172/000002617208000042/cummins10q103108.htm"
  },
  {
    "date": "2008-06-29",
    "symbol": "CMI",
    "reportedCurrency": "USD",
    "cik": "0000026172",
    "fillingDate": "2008-08-04",
    "acceptedDate": "2008-08-04 11:18:42",
    "calendarYear": "2008",
    "period": "Q2",
    "revenue": 3887000000,
    "costOfRevenue": 3008000000,
    "grossProfit": 879000000,
    "grossProfitRatio": 0.2261384101,
    "researchAndDevelopmentExpenses": 104000000,
    "generalAndAdministrativeExpenses": 0,
    "sellingAndMarketingExpenses": 0,
    "sellingGeneralAndAdministrativeExpenses": 370000000,
    "otherExpenses": -63000000,
    "operatingExpenses": 411000000,
    "costAndExpenses": 3419000000,
    "interestIncome": 4000000,
    "interestExpense": 12000000,
    "depreciationAndAmortization": 83000000,
    "ebitda": 552000000,
    "ebitdaratio": 0.1420118343,
    "operatingIncome": 468000000,
    "operatingIncomeRatio": 0.1204013378,
    "totalOtherIncomeExpensesNet": -11000000,
    "incomeBeforeTax": 457000000,
    "incomeBeforeTaxRatio": 0.1175713918,
    "incomeTaxExpense": 147000000,
    "netIncome": 293000000,
    "netIncomeRatio": 0.07537947,
    "eps": 1.5,
    "epsdiluted": 1.49,
    "weightedAverageShsOut": 195200000,
    "weightedAverageShsOutDil": 196600000,
    "link": "https://www.sec.gov/Archives/edgar/data/26172/000002617208000026/0000026172-08-000026-index.htm",
    "finalLink": "https://www.sec.gov/Archives/edgar/data/26172/000002617208000026/cummins10q080108e.htm"
  },
  {
    "date": "2008-03-30",
    "symbol": "CMI",
    "reportedCurrency": "USD",
    "cik": "0000026172",
    "fillingDate": "2008-05-01",
    "acceptedDate": "2008-05-01 11:13:07",
    "calendarYear": "2008",
    "period": "Q1",
    "revenue": 3474000000,
    "costOfRevenue": 2767000000,
    "grossProfit": 707000000,
    "grossProfitRatio": 0.203511802,
    "researchAndDevelopmentExpenses": 103000000,
    "generalAndAdministrativeExpenses": 0,
    "sellingAndMarketingExpenses": 0,
    "sellingGeneralAndAdministrativeExpenses": 351000000,
    "otherExpenses": -66000000,
    "operatingExpenses": 388000000,
    "costAndExpenses": 3155000000,
    "interestIncome": 6000000,
    "interestExpense": 11000000,
    "depreciationAndAmortization": 75000000,
    "ebitda": 390000000,
    "ebitdaratio": 0.1122625216,
    "operatingIncome": 319000000,
    "operatingIncomeRatio": 0.0918249856,
    "totalOtherIncomeExpensesNet": -15000000,
    "incomeBeforeTax": 304000000,
    "incomeBeforeTaxRatio": 0.0875071963,
    "incomeTaxExpense": 102000000,
    "netIncome": 190000000,
    "netIncomeRatio": 0.0546919977,
    "eps": 0.97,
    "epsdiluted": 0.97,
    "weightedAverageShsOut": 195100000,
    "weightedAverageShsOutDil": 196400000,
    "link": "https://www.sec.gov/Archives/edgar/data/26172/000100329708000086/0001003297-08-000086-index.htm",
    "finalLink": "https://www.sec.gov/Archives/edgar/data/26172/000100329708000086/cumminsq10810q1.htm"
  },
  {
    "date": "2007-12-31",
    "symbol": "CMI",
    "reportedCurrency": "USD",
    "cik": "0000026172",
    "fillingDate": "2008-02-26",
    "acceptedDate": "2008-02-26 16:02:46",
    "calendarYear": "2007",
    "period": "Q4",
    "revenue": 3516000000,
    "costOfRevenue": 2834000000,
    "grossProfit": 682000000,
    "grossProfitRatio": 0.1939704209,
    "researchAndDevelopmentExpenses": 93000000,
    "generalAndAdministrativeExpenses": 0,
    "sellingAndMarketingExpenses": 0,
    "sellingGeneralAndAdministrativeExpenses": 359000000,
    "otherExpenses": -75000000,
    "operatingExpenses": 377000000,
    "costAndExpenses": 3211000000,
    "interestIncome": 0,
    "interestExpense": 0,
    "depreciationAndAmortization": 75000000,
    "ebitda": 380000000,
    "ebitdaratio": 0.1080773606,
    "operatingIncome": 305000000,
    "operatingIncomeRatio": 0.0867463026,
    "totalOtherIncomeExpensesNet": 5000000,
    "incomeBeforeTax": 310000000,
    "incomeBeforeTaxRatio": 0.0881683732,
    "incomeTaxExpense": 97000000,
    "netIncome": 198000000,
    "netIncomeRatio": 0.0563139932,
    "eps": 1,
    "epsdiluted": 1,
    "weightedAverageShsOut": 196833601,
    "weightedAverageShsOutDil": 197849462,
    "link": "https://www.sec.gov/Archives/edgar/data/26172/000104746908001743/0001047469-08-001743-index.htm",
    "finalLink": "https://www.sec.gov/Archives/edgar/data/26172/000104746908001743/a2182909z10-k.htm"
  },
  {
    "date": "2007-09-30",
    "symbol": "CMI",
    "reportedCurrency": "USD",
    "cik": "0000026172",
    "fillingDate": "2007-11-05",
    "acceptedDate": "2007-11-05 12:51:04",
    "calendarYear": "2007",
    "period": "Q3",
    "revenue": 3372000000,
    "costOfRevenue": 2720000000,
    "grossProfit": 652000000,
    "grossProfitRatio": 0.1933570581,
    "researchAndDevelopmentExpenses": 82000000,
    "generalAndAdministrativeExpenses": 0,
    "sellingAndMarketingExpenses": 0,
    "sellingGeneralAndAdministrativeExpenses": 340000000,
    "otherExpenses": -59000000,
    "operatingExpenses": 363000000,
    "costAndExpenses": 3083000000,
    "interestIncome": 0,
    "interestExpense": 0,
    "depreciationAndAmortization": 73000000,
    "ebitda": 362000000,
    "ebitdaratio": 0.1073546856,
    "operatingIncome": 289000000,
    "operatingIncomeRatio": 0.0857058126,
    "totalOtherIncomeExpensesNet": -8000000,
    "incomeBeforeTax": 292000000,
    "incomeBeforeTaxRatio": 0.0865954923,
    "incomeTaxExpense": 97000000,
    "netIncome": 184000000,
    "netIncomeRatio": 0.0545670225,
    "eps": 0.93,
    "epsdiluted": 0.92,
    "weightedAverageShsOut": 197849462,
    "weightedAverageShsOutDil": 200000000,
    "link": "https://www.sec.gov/Archives/edgar/data/26172/000002617207000027/0000026172-07-000027-index.htm",
    "finalLink": "https://www.sec.gov/Archives/edgar/data/26172/000002617207000027/cummins10q1030071.htm"
  },
  {
    "date": "2007-06-30",
    "symbol": "CMI",
    "reportedCurrency": "USD",
    "cik": "0000026172",
    "fillingDate": "2007-06-30",
    "acceptedDate": "2007-06-29 20:00:00",
    "calendarYear": "2007",
    "period": "Q2",
    "revenue": 3343000000,
    "costOfRevenue": 2673000000,
    "grossProfit": 670000000,
    "grossProfitRatio": 0.2004187855,
    "researchAndDevelopmentExpenses": 74000000,
    "generalAndAdministrativeExpenses": 0,
    "sellingAndMarketingExpenses": 0,
    "sellingGeneralAndAdministrativeExpenses": 314000000,
    "otherExpenses": -59000000,
    "operatingExpenses": 329000000,
    "costAndExpenses": 3002000000,
    "interestIncome": 0,
    "interestExpense": 0,
    "depreciationAndAmortization": 74000000,
    "ebitda": 415000000,
    "ebitdaratio": 0.124139994,
    "operatingIncome": 341000000,
    "operatingIncomeRatio": 0.1020041879,
    "totalOtherIncomeExpensesNet": -1000000,
    "incomeBeforeTax": 340000000,
    "incomeBeforeTaxRatio": 0.1017050553,
    "incomeTaxExpense": 112000000,
    "netIncome": 214000000,
    "netIncomeRatio": 0.0640143584,
    "eps": 1.07,
    "epsdiluted": 1.06,
    "weightedAverageShsOut": 199900000,
    "weightedAverageShsOutDil": 201300000,
    "link": "",
    "finalLink": ""
  },
  {
    "date": "2007-04-01",
    "symbol": "CMI",
    "reportedCurrency": "USD",
    "cik": "0000026172",
    "fillingDate": "2007-05-07",
    "acceptedDate": "2007-05-07 17:01:17",
    "calendarYear": "2007",
    "period": "Q1",
    "revenue": 2817000000,
    "costOfRevenue": 2265000000,
    "grossProfit": 552000000,
    "grossProfitRatio": 0.1959531416,
    "researchAndDevelopmentExpenses": 80000000,
    "generalAndAdministrativeExpenses": 0,
    "sellingAndMarketingExpenses": 0,
    "sellingGeneralAndAdministrativeExpenses": 283000000,
    "otherExpenses": -34000000,
    "operatingExpenses": 329000000,
    "costAndExpenses": 2594000000,
    "interestIncome": 0,
    "interestExpense": 0,
    "depreciationAndAmortization": 68000000,
    "ebitda": 291000000,
    "ebitdaratio": 0.1033013845,
    "operatingIncome": 223000000,
    "operatingIncomeRatio": 0.0791622293,
    "totalOtherIncomeExpensesNet": -5000000,
    "incomeBeforeTax": 227000000,
    "incomeBeforeTaxRatio": 0.0805821796,
    "incomeTaxExpense": 75000000,
    "netIncome": 143000000,
    "netIncomeRatio": 0.0507632233,
    "eps": 0.72,
    "epsdiluted": 0.71,
    "weightedAverageShsOut": 200000000,
    "weightedAverageShsOutDil": 201408451,
    "link": "https://www.sec.gov/Archives/edgar/data/26172/000002617207000013/0000026172-07-000013-index.htm",
    "finalLink": "https://www.sec.gov/Archives/edgar/data/26172/000002617207000013/cummins10q2.htm"
  },
  {
    "date": "2006-12-31",
    "symbol": "CMI",
    "reportedCurrency": "USD",
    "cik": "0000026172",
    "fillingDate": "2007-02-27",
    "acceptedDate": "2007-02-27 13:55:16",
    "calendarYear": "2006",
    "period": "Q4",
    "revenue": 3033000000,
    "costOfRevenue": 2363000000,
    "grossProfit": 670000000,
    "grossProfitRatio": 0.220903396,
    "researchAndDevelopmentExpenses": 78000000,
    "generalAndAdministrativeExpenses": 0,
    "sellingAndMarketingExpenses": 0,
    "sellingGeneralAndAdministrativeExpenses": 334000000,
    "otherExpenses": -38000000,
    "operatingExpenses": 374000000,
    "costAndExpenses": 2737000000,
    "interestIncome": 0,
    "interestExpense": 0,
    "depreciationAndAmortization": 74000000,
    "ebitda": 370000000,
    "ebitdaratio": 0.1219914276,
    "operatingIncome": 296000000,
    "operatingIncomeRatio": 0.0975931421,
    "totalOtherIncomeExpensesNet": -13000000,
    "incomeBeforeTax": 283000000,
    "incomeBeforeTaxRatio": 0.0933069568,
    "incomeTaxExpense": 80000000,
    "netIncome": 189000000,
    "netIncomeRatio": 0.0623145401,
    "eps": 0.94,
    "epsdiluted": 0.94,
    "weightedAverageShsOut": 200085296,
    "weightedAverageShsOutDil": 201176471,
    "link": "https://www.sec.gov/Archives/edgar/data/26172/000110465907014278/0001104659-07-014278-index.htm",
    "finalLink": "https://www.sec.gov/Archives/edgar/data/26172/000110465907014278/a07-4988_110k.htm"
  },
  {
    "date": "2006-10-01",
    "symbol": "CMI",
    "reportedCurrency": "USD",
    "cik": "0000026172",
    "fillingDate": "2006-10-31",
    "acceptedDate": "2006-10-31 17:08:55",
    "calendarYear": "2006",
    "period": "Q3",
    "revenue": 2809000000,
    "costOfRevenue": 2192000000,
    "grossProfit": 617000000,
    "grossProfitRatio": 0.2196511214,
    "researchAndDevelopmentExpenses": 81000000,
    "generalAndAdministrativeExpenses": 0,
    "sellingAndMarketingExpenses": 0,
    "sellingGeneralAndAdministrativeExpenses": 291000000,
    "otherExpenses": -33000000,
    "operatingExpenses": 339000000,
    "costAndExpenses": 2531000000,
    "interestIncome": 0,
    "interestExpense": 0,
    "depreciationAndAmortization": 74000000,
    "ebitda": 352000000,
    "ebitdaratio": 0.1253114988,
    "operatingIncome": 278000000,
    "operatingIncomeRatio": 0.0989676041,
    "totalOtherIncomeExpensesNet": -5000000,
    "incomeBeforeTax": 273000000,
    "incomeBeforeTaxRatio": 0.0971876112,
    "incomeTaxExpense": 92000000,
    "netIncome": 171000000,
    "netIncomeRatio": 0.0608757565,
    "eps": 0.85,
    "epsdiluted": 0.84,
    "weightedAverageShsOut": 201176471,
    "weightedAverageShsOutDil": 202366864,
    "link": "https://www.sec.gov/Archives/edgar/data/26172/000002617206000026/0000026172-06-000026-index.htm",
    "finalLink": "https://www.sec.gov/Archives/edgar/data/26172/000002617206000026/cummins10q101061.htm"
  },
  {
    "date": "2006-06-30",
    "symbol": "CMI",
    "reportedCurrency": "USD",
    "cik": "0000026172",
    "fillingDate": "2006-06-30",
    "acceptedDate": "2006-06-29 20:00:00",
    "calendarYear": "2006",
    "period": "Q2",
    "revenue": 2842000000,
    "costOfRevenue": 2196000000,
    "grossProfit": 646000000,
    "grossProfitRatio": 0.227304715,
    "researchAndDevelopmentExpenses": 80000000,
    "generalAndAdministrativeExpenses": 0,
    "sellingAndMarketingExpenses": 0,
    "sellingGeneralAndAdministrativeExpenses": 294000000,
    "otherExpenses": -37000000,
    "operatingExpenses": 337000000,
    "costAndExpenses": 2533000000,
    "interestIncome": 0,
    "interestExpense": 0,
    "depreciationAndAmortization": 74000000,
    "ebitda": 383000000,
    "ebitdaratio": 0.1347642505,
    "operatingIncome": 309000000,
    "operatingIncomeRatio": 0.1087262491,
    "totalOtherIncomeExpensesNet": -10000000,
    "incomeBeforeTax": 299000000,
    "incomeBeforeTaxRatio": 0.1052076003,
    "incomeTaxExpense": 67000000,
    "netIncome": 220000000,
    "netIncomeRatio": 0.0774102745,
    "eps": 1.2,
    "epsdiluted": 1.1,
    "weightedAverageShsOut": 183333333,
    "weightedAverageShsOutDil": 200913242,
    "link": "",
    "finalLink": ""
  },
  {
    "date": "2006-04-02",
    "symbol": "CMI",
    "reportedCurrency": "USD",
    "cik": "0000026172",
    "fillingDate": "2006-05-09",
    "acceptedDate": "2006-05-09 17:05:38",
    "calendarYear": "2006",
    "period": "Q1",
    "revenue": 2678000000,
    "costOfRevenue": 2079000000,
    "grossProfit": 599000000,
    "grossProfitRatio": 0.2236743839,
    "researchAndDevelopmentExpenses": 82000000,
    "generalAndAdministrativeExpenses": 0,
    "sellingAndMarketingExpenses": 0,
    "sellingGeneralAndAdministrativeExpenses": 301000000,
    "otherExpenses": -32000000,
    "operatingExpenses": 351000000,
    "costAndExpenses": 2430000000,
    "interestIncome": 0,
    "interestExpense": 0,
    "depreciationAndAmortization": 74000000,
    "ebitda": 322000000,
    "ebitdaratio": 0.1202389843,
    "operatingIncome": 248000000,
    "operatingIncomeRatio": 0.0926064227,
    "totalOtherIncomeExpensesNet": -28000000,
    "incomeBeforeTax": 228000000,
    "incomeBeforeTaxRatio": 0.0851381628,
    "incomeTaxExpense": 85000000,
    "netIncome": 135000000,
    "netIncomeRatio": 0.0504107543,
    "eps": 0.76,
    "epsdiluted": 0.66,
    "weightedAverageShsOut": 177200000,
    "weightedAverageShsOutDil": 204000000,
    "link": "https://www.sec.gov/Archives/edgar/data/26172/000100329706000170/0001003297-06-000170-index.htm",
    "finalLink": "https://www.sec.gov/Archives/edgar/data/26172/000100329706000170/cummins10q1.htm"
  },
  {
    "date": "2005-12-31",
    "symbol": "CMI",
    "reportedCurrency": "USD",
    "cik": "0000026172",
    "fillingDate": "2006-02-28",
    "acceptedDate": "2006-02-28 17:28:04",
    "calendarYear": "2005",
    "period": "Q4",
    "revenue": 2753000000,
    "costOfRevenue": 2134000000,
    "grossProfit": 619000000,
    "grossProfitRatio": 0.224845623,
    "researchAndDevelopmentExpenses": 71000000,
    "generalAndAdministrativeExpenses": 0,
    "sellingAndMarketingExpenses": 0,
    "sellingGeneralAndAdministrativeExpenses": 313000000,
    "otherExpenses": 0,
    "operatingExpenses": 384000000,
    "costAndExpenses": 2518000000,
    "interestIncome": 0,
    "interestExpense": 0,
    "depreciationAndAmortization": 79000000,
    "ebitda": 314000000,
    "ebitdaratio": 0.1140573919,
    "operatingIncome": 235000000,
    "operatingIncomeRatio": 0.0853614239,
    "totalOtherIncomeExpensesNet": 8000000,
    "incomeBeforeTax": 243000000,
    "incomeBeforeTaxRatio": 0.0882673447,
    "incomeTaxExpense": 63000000,
    "netIncome": 167000000,
    "netIncomeRatio": 0.060661097,
    "eps": 0.82,
    "epsdiluted": 0.82,
    "weightedAverageShsOut": 204800000,
    "weightedAverageShsOutDil": 204800000,
    "link": "https://www.sec.gov/Archives/edgar/data/26172/000110465906012743/0001104659-06-012743-index.htm",
    "finalLink": "https://www.sec.gov/Archives/edgar/data/26172/000110465906012743/a06-2254_110k.htm"
  },
  {
    "date": "2005-09-25",
    "symbol": "CMI",
    "reportedCurrency": "USD",
    "cik": "0000026172",
    "fillingDate": "2005-11-02",
    "acceptedDate": "2005-11-02 11:35:41",
    "calendarYear": "2005",
    "period": "Q3",
    "revenue": 2467000000,
    "costOfRevenue": 1906000000,
    "grossProfit": 561000000,
    "grossProfitRatio": 0.2274017025,
    "researchAndDevelopmentExpenses": 71000000,
    "generalAndAdministrativeExpenses": 0,
    "sellingAndMarketingExpenses": 0,
    "sellingGeneralAndAdministrativeExpenses": 286000000,
    "otherExpenses": 0,
    "operatingExpenses": 357000000,
    "costAndExpenses": 2263000000,
    "interestIncome": 0,
    "interestExpense": 0,
    "depreciationAndAmortization": 72000000,
    "ebitda": 276000000,
    "ebitdaratio": 0.1118767734,
    "operatingIncome": 204000000,
    "operatingIncomeRatio": 0.0826915282,
    "totalOtherIncomeExpensesNet": 2000000,
    "incomeBeforeTax": 213000000,
    "incomeBeforeTaxRatio": 0.0863396838,
    "incomeTaxExpense": 61000000,
    "netIncome": 145000000,
    "netIncomeRatio": 0.0587758411,
    "eps": 0.82,
    "epsdiluted": 0.73,
    "weightedAverageShsOut": 177370031,
    "weightedAverageShsOutDil": 200000000,
    "link": "https://www.sec.gov/Archives/edgar/data/26172/000100329705000347/0001003297-05-000347-index.htm",
    "finalLink": "https://www.sec.gov/Archives/edgar/data/26172/000100329705000347/cumminsq1.htm"
  },
  {
    "date": "2005-06-26",
    "symbol": "CMI",
    "reportedCurrency": "USD",
    "cik": "0000026172",
    "fillingDate": "2005-08-02",
    "acceptedDate": "2005-08-02 13:14:05",
    "calendarYear": "2005",
    "period": "Q2",
    "revenue": 2490000000,
    "costOfRevenue": 1940000000,
    "grossProfit": 550000000,
    "grossProfitRatio": 0.2208835341,
    "researchAndDevelopmentExpenses": 73000000,
    "generalAndAdministrativeExpenses": 0,
    "sellingAndMarketingExpenses": 0,
    "sellingGeneralAndAdministrativeExpenses": 287000000,
    "otherExpenses": -41000000,
    "operatingExpenses": 319000000,
    "costAndExpenses": 2259000000,
    "interestIncome": 0,
    "interestExpense": 0,
    "depreciationAndAmortization": 73000000,
    "ebitda": 304000000,
    "ebitdaratio": 0.1220883534,
    "operatingIncome": 231000000,
    "operatingIncomeRatio": 0.0927710843,
    "totalOtherIncomeExpensesNet": 17000000,
    "incomeBeforeTax": 207000000,
    "incomeBeforeTaxRatio": 0.0831325301,
    "incomeTaxExpense": 58000000,
    "netIncome": 141000000,
    "netIncomeRatio": 0.056626506,
    "eps": 0.8,
    "epsdiluted": 0.71,
    "weightedAverageShsOut": 176250000,
    "weightedAverageShsOutDil": 199293286,
    "link": "https://www.sec.gov/Archives/edgar/data/26172/000100329705000237/0001003297-05-000237-index.htm",
    "finalLink": "https://www.sec.gov/Archives/edgar/data/26172/000100329705000237/cummins10q1.htm"
  },
  {
    "date": "2005-03-27",
    "symbol": "CMI",
    "reportedCurrency": "USD",
    "cik": "0000026172",
    "fillingDate": "2005-05-04",
    "acceptedDate": "2005-05-04 16:14:15",
    "calendarYear": "2005",
    "period": "Q1",
    "revenue": 2208000000,
    "costOfRevenue": 1752000000,
    "grossProfit": 456000000,
    "grossProfitRatio": 0.2065217391,
    "researchAndDevelopmentExpenses": 63000000,
    "generalAndAdministrativeExpenses": 0,
    "sellingAndMarketingExpenses": 0,
    "sellingGeneralAndAdministrativeExpenses": 259000000,
    "otherExpenses": -34000000,
    "operatingExpenses": 288000000,
    "costAndExpenses": 2040000000,
    "interestIncome": 0,
    "interestExpense": 0,
    "depreciationAndAmortization": 71000000,
    "ebitda": 239000000,
    "ebitdaratio": 0.1082427536,
    "operatingIncome": 168000000,
    "operatingIncomeRatio": 0.0760869565,
    "totalOtherIncomeExpensesNet": -3000000,
    "incomeBeforeTax": 135000000,
    "incomeBeforeTaxRatio": 0.0611413043,
    "incomeTaxExpense": 34000000,
    "netIncome": 97000000,
    "netIncomeRatio": 0.0439311594,
    "eps": 0.55,
    "epsdiluted": 0.48,
    "weightedAverageShsOut": 175600000,
    "weightedAverageShsOutDil": 203200000,
    "link": "https://www.sec.gov/Archives/edgar/data/26172/000100329705000142/0001003297-05-000142-index.htm",
    "finalLink": "https://www.sec.gov/Archives/edgar/data/26172/000100329705000142/cummins10q1.htm"
  },
  {
    "date": "2004-12-31",
    "symbol": "CMI",
    "reportedCurrency": "USD",
    "cik": "0000026172",
    "fillingDate": "2005-03-16",
    "acceptedDate": "2005-03-16 13:39:03",
    "calendarYear": "2004",
    "period": "Q4",
    "revenue": 2349000000,
    "costOfRevenue": 1876000000,
    "grossProfit": 473000000,
    "grossProfitRatio": 0.2013622818,
    "researchAndDevelopmentExpenses": 66000000,
    "generalAndAdministrativeExpenses": 0,
    "sellingAndMarketingExpenses": 0,
    "sellingGeneralAndAdministrativeExpenses": 281000000,
    "otherExpenses": 0,
    "operatingExpenses": 347000000,
    "costAndExpenses": 2223000000,
    "interestIncome": 0,
    "interestExpense": 0,
    "depreciationAndAmortization": 72000000,
    "ebitda": 198000000,
    "ebitdaratio": 0.0842911877,
    "operatingIncome": 126000000,
    "operatingIncomeRatio": 0.0536398467,
    "totalOtherIncomeExpensesNet": 16000000,
    "incomeBeforeTax": 142000000,
    "incomeBeforeTaxRatio": 0.0604512559,
    "incomeTaxExpense": 12000000,
    "netIncome": 119000000,
    "netIncomeRatio": 0.0506598553,
    "eps": 0.7,
    "epsdiluted": 0.7,
    "weightedAverageShsOut": 171217712,
    "weightedAverageShsOutDil": 171217712,
    "link": "https://www.sec.gov/Archives/edgar/data/26172/000110465905011366/0001104659-05-011366-index.htm",
    "finalLink": "https://www.sec.gov/Archives/edgar/data/26172/000110465905011366/a05-4686_110k.htm"
  },
  {
    "date": "2004-09-26",
    "symbol": "CMI",
    "reportedCurrency": "USD",
    "cik": "0000026172",
    "fillingDate": "2004-11-12",
    "acceptedDate": "2004-11-12 17:06:42",
    "calendarYear": "2004",
    "period": "Q3",
    "revenue": 2194000000,
    "costOfRevenue": 1760000000,
    "grossProfit": 434000000,
    "grossProfitRatio": 0.1978122151,
    "researchAndDevelopmentExpenses": 60000000,
    "generalAndAdministrativeExpenses": 0,
    "sellingAndMarketingExpenses": 0,
    "sellingGeneralAndAdministrativeExpenses": 260000000,
    "otherExpenses": 0,
    "operatingExpenses": 320000000,
    "costAndExpenses": 2080000000,
    "interestIncome": 0,
    "interestExpense": 0,
    "depreciationAndAmortization": 69000000,
    "ebitda": 183000000,
    "ebitdaratio": 0.0834092981,
    "operatingIncome": 114000000,
    "operatingIncomeRatio": 0.0519598906,
    "totalOtherIncomeExpensesNet": -2000000,
    "incomeBeforeTax": 118000000,
    "incomeBeforeTaxRatio": 0.0537830447,
    "incomeTaxExpense": -4000000,
    "netIncome": 116000000,
    "netIncomeRatio": 0.0528714676,
    "eps": 0.68,
    "epsdiluted": 0.6,
    "weightedAverageShsOut": 171217712,
    "weightedAverageShsOutDil": 193333333,
    "link": "https://www.sec.gov/Archives/edgar/data/26172/000100329704000447/0001003297-04-000447-index.htm",
    "finalLink": "https://www.sec.gov/Archives/edgar/data/26172/000100329704000447/cummins10q110204.htm"
  },
  {
    "date": "2004-06-27",
    "symbol": "CMI",
    "reportedCurrency": "USD",
    "cik": "0000026172",
    "fillingDate": "2004-08-03",
    "acceptedDate": "2004-08-03 13:12:27",
    "calendarYear": "2004",
    "period": "Q2",
    "revenue": 2124000000,
    "costOfRevenue": 1696000000,
    "grossProfit": 428000000,
    "grossProfitRatio": 0.2015065913,
    "researchAndDevelopmentExpenses": 59000000,
    "generalAndAdministrativeExpenses": 0,
    "sellingAndMarketingExpenses": 0,
    "sellingGeneralAndAdministrativeExpenses": 251000000,
    "otherExpenses": 0,
    "operatingExpenses": 310000000,
    "costAndExpenses": 2006000000,
    "interestIncome": 0,
    "interestExpense": 0,
    "depreciationAndAmortization": 67000000,
    "ebitda": 185000000,
    "ebitdaratio": 0.0870998117,
    "operatingIncome": 118000000,
    "operatingIncomeRatio": 0.0555555556,
    "totalOtherIncomeExpensesNet": 3000000,
    "incomeBeforeTax": 121000000,
    "incomeBeforeTaxRatio": 0.0569679849,
    "incomeTaxExpense": 34000000,
    "netIncome": 82000000,
    "netIncomeRatio": 0.038606403,
    "eps": 0.49,
    "epsdiluted": 0.44,
    "weightedAverageShsOut": 166497462,
    "weightedAverageShsOutDil": 186363636,
    "link": "https://www.sec.gov/Archives/edgar/data/26172/000100329704000330/0001003297-04-000330-index.htm",
    "finalLink": "https://www.sec.gov/Archives/edgar/data/26172/000100329704000330/cummins10q1.htm"
  },
  {
    "date": "2004-03-28",
    "symbol": "CMI",
    "reportedCurrency": "USD",
    "cik": "0000026172",
    "fillingDate": "2004-05-05",
    "acceptedDate": "2004-05-05 16:18:08",
    "calendarYear": "2004",
    "period": "Q1",
    "revenue": 1771000000,
    "costOfRevenue": 1426000000,
    "grossProfit": 345000000,
    "grossProfitRatio": 0.1948051948,
    "researchAndDevelopmentExpenses": 56000000,
    "generalAndAdministrativeExpenses": 0,
    "sellingAndMarketingExpenses": 0,
    "sellingGeneralAndAdministrativeExpenses": 223000000,
    "otherExpenses": 0,
    "operatingExpenses": 279000000,
    "costAndExpenses": 1705000000,
    "interestIncome": 0,
    "interestExpense": 0,
    "depreciationAndAmortization": 58000000,
    "ebitda": 124000000,
    "ebitdaratio": 0.0700169396,
    "operatingIncome": 66000000,
    "operatingIncomeRatio": 0.0372670807,
    "totalOtherIncomeExpensesNet": -15000000,
    "incomeBeforeTax": 51000000,
    "incomeBeforeTaxRatio": 0.0287972897,
    "incomeTaxExpense": 14000000,
    "netIncome": 33000000,
    "netIncomeRatio": 0.0186335404,
    "eps": 0.2,
    "epsdiluted": 0.17,
    "weightedAverageShsOut": 162000000,
    "weightedAverageShsOutDil": 189200000,
    "link": "https://www.sec.gov/Archives/edgar/data/26172/000100329704000232/0001003297-04-000232-index.htm",
    "finalLink": "https://www.sec.gov/Archives/edgar/data/26172/000100329704000232/form10qmarch28.htm"
  },
  {
    "date": "2003-12-31",
    "symbol": "CMI",
    "reportedCurrency": "USD",
    "cik": "0000026172",
    "fillingDate": "2004-02-26",
    "acceptedDate": "2004-02-26 13:08:05",
    "calendarYear": "2003",
    "period": "Q4",
    "revenue": 1736000000,
    "costOfRevenue": 1400000000,
    "grossProfit": 336000000,
    "grossProfitRatio": 0.1935483871,
    "researchAndDevelopmentExpenses": 52000000,
    "generalAndAdministrativeExpenses": 0,
    "sellingAndMarketingExpenses": 0,
    "sellingGeneralAndAdministrativeExpenses": 227000000,
    "otherExpenses": 0,
    "operatingExpenses": 279000000,
    "costAndExpenses": 1679000000,
    "interestIncome": 0,
    "interestExpense": 0,
    "depreciationAndAmortization": 56000000,
    "ebitda": 113000000,
    "ebitdaratio": 0.0650921659,
    "operatingIncome": 57000000,
    "operatingIncomeRatio": 0.0328341014,
    "totalOtherIncomeExpensesNet": -23000000,
    "incomeBeforeTax": 34000000,
    "incomeBeforeTaxRatio": 0.0195852535,
    "incomeTaxExpense": 7000000,
    "netIncome": 43000000,
    "netIncomeRatio": 0.0247695853,
    "eps": 0.23,
    "epsdiluted": 0.23,
    "weightedAverageShsOut": 189200000,
    "weightedAverageShsOutDil": 189200000,
    "link": "https://www.sec.gov/Archives/edgar/data/26172/000104746904005705/0001047469-04-005705-index.htm",
    "finalLink": "https://www.sec.gov/Archives/edgar/data/26172/000104746904005705/a2129493z10-k.htm"
  },
  {
    "date": "2003-09-28",
    "symbol": "CMI",
    "reportedCurrency": "USD",
    "cik": "0000026172",
    "fillingDate": "2003-11-12",
    "acceptedDate": "2003-11-12 14:24:25",
    "calendarYear": "2003",
    "period": "Q3",
    "revenue": 1634000000,
    "costOfRevenue": 1341000000,
    "grossProfit": 293000000,
    "grossProfitRatio": 0.1793145655,
    "researchAndDevelopmentExpenses": 51000000,
    "generalAndAdministrativeExpenses": 0,
    "sellingAndMarketingExpenses": 0,
    "sellingGeneralAndAdministrativeExpenses": 208000000,
    "otherExpenses": 0,
    "operatingExpenses": 259000000,
    "costAndExpenses": 1600000000,
    "interestIncome": 0,
    "interestExpense": 0,
    "depreciationAndAmortization": 51000000,
    "ebitda": 85000000,
    "ebitdaratio": 0.0520195838,
    "operatingIncome": 34000000,
    "operatingIncomeRatio": 0.0208078335,
    "totalOtherIncomeExpensesNet": -1000000,
    "incomeBeforeTax": 36000000,
    "incomeBeforeTaxRatio": 0.0220318237,
    "incomeTaxExpense": 9000000,
    "netIncome": 24000000,
    "netIncomeRatio": 0.0146878825,
    "eps": 0.15,
    "epsdiluted": 0.15,
    "weightedAverageShsOut": 154838710,
    "weightedAverageShsOutDil": 160000000,
    "link": "https://www.sec.gov/Archives/edgar/data/26172/000100329703000446/0001003297-03-000446-index.htm",
    "finalLink": "https://www.sec.gov/Archives/edgar/data/26172/000100329703000446/cummins10q.htm"
  },
  {
    "date": "2003-06-29",
    "symbol": "CMI",
    "reportedCurrency": "USD",
    "cik": "0000026172",
    "fillingDate": "2003-08-18",
    "acceptedDate": "2003-08-18 10:03:59",
    "calendarYear": "2003",
    "period": "Q2",
    "revenue": 1539000000,
    "costOfRevenue": 1263000000,
    "grossProfit": 276000000,
    "grossProfitRatio": 0.179337232,
    "researchAndDevelopmentExpenses": 50000000,
    "generalAndAdministrativeExpenses": 0,
    "sellingAndMarketingExpenses": 0,
    "sellingGeneralAndAdministrativeExpenses": 200000000,
    "otherExpenses": 0,
    "operatingExpenses": 250000000,
    "costAndExpenses": 1513000000,
    "interestIncome": 0,
    "interestExpense": 0,
    "depreciationAndAmortization": 54000000,
    "ebitda": 80000000,
    "ebitdaratio": 0.0519818064,
    "operatingIncome": 26000000,
    "operatingIncomeRatio": 0.0168940871,
    "totalOtherIncomeExpensesNet": -7000000,
    "incomeBeforeTax": 19000000,
    "incomeBeforeTaxRatio": 0.012345679,
    "incomeTaxExpense": 5000000,
    "netIncome": 14000000,
    "netIncomeRatio": 0.0090968161,
    "eps": 0.085,
    "epsdiluted": 0.085,
    "weightedAverageShsOut": 164705882,
    "weightedAverageShsOutDil": 164705882,
    "link": "https://www.sec.gov/Archives/edgar/data/26172/000100329703000332/0001003297-03-000332-index.htm",
    "finalLink": "https://www.sec.gov/Archives/edgar/data/26172/000100329703000332/cumminsjune10q1.htm"
  },
  {
    "date": "2003-03-30",
    "symbol": "CMI",
    "reportedCurrency": "USD",
    "cik": "0000026172",
    "fillingDate": "2003-08-18",
    "acceptedDate": "2003-08-18 10:00:46",
    "calendarYear": "2003",
    "period": "Q1",
    "revenue": 1387000000,
    "costOfRevenue": 1173000000,
    "grossProfit": 214000000,
    "grossProfitRatio": 0.1542898342,
    "researchAndDevelopmentExpenses": 46000000,
    "generalAndAdministrativeExpenses": 0,
    "sellingAndMarketingExpenses": 0,
    "sellingGeneralAndAdministrativeExpenses": 195000000,
    "otherExpenses": 0,
    "operatingExpenses": 241000000,
    "costAndExpenses": 1414000000,
    "interestIncome": 0,
    "interestExpense": 0,
    "depreciationAndAmortization": 55000000,
    "ebitda": 28000000,
    "ebitdaratio": 0.0201874549,
    "operatingIncome": -27000000,
    "operatingIncomeRatio": -0.0194664744,
    "totalOtherIncomeExpensesNet": -7000000,
    "incomeBeforeTax": -34000000,
    "incomeBeforeTaxRatio": -0.0245133381,
    "incomeTaxExpense": 0,
    "netIncome": -34000000,
    "netIncomeRatio": -0.0245133381,
    "eps": -0.22,
    "epsdiluted": -0.22,
    "weightedAverageShsOut": 155600000,
    "weightedAverageShsOutDil": 155600000,
    "link": "https://www.sec.gov/Archives/edgar/data/26172/000100329703000331/0001003297-03-000331-index.htm",
    "finalLink": "https://www.sec.gov/Archives/edgar/data/26172/000100329703000331/q120031.htm"
  },
  {
    "date": "2002-12-31",
    "symbol": "CMI",
    "reportedCurrency": "USD",
    "cik": "0000026172",
    "fillingDate": "2003-08-04",
    "acceptedDate": "2003-08-04 06:13:27",
    "calendarYear": "2002",
    "period": "Q4",
    "revenue": 1414000000,
    "costOfRevenue": 1179000000,
    "grossProfit": 235000000,
    "grossProfitRatio": 0.1661951909,
    "researchAndDevelopmentExpenses": 37000000,
    "generalAndAdministrativeExpenses": 0,
    "sellingAndMarketingExpenses": 0,
    "sellingGeneralAndAdministrativeExpenses": 172000000,
    "otherExpenses": -7000000,
    "operatingExpenses": 202000000,
    "costAndExpenses": 1381000000,
    "interestIncome": 0,
    "interestExpense": 0,
    "depreciationAndAmortization": 55000000,
    "ebitda": 81000000,
    "ebitdaratio": 0.0572842999,
    "operatingIncome": 33000000,
    "operatingIncomeRatio": 0.0233380481,
    "totalOtherIncomeExpensesNet": -55000000,
    "incomeBeforeTax": -22000000,
    "incomeBeforeTaxRatio": -0.0155586987,
    "incomeTaxExpense": -50000000,
    "netIncome": 59000000,
    "netIncomeRatio": 0.0417256011,
    "eps": 0.38,
    "epsdiluted": 0.38,
    "weightedAverageShsOut": 155600000,
    "weightedAverageShsOutDil": 155600000,
    "link": "https://www.sec.gov/Archives/edgar/data/26172/000104746903026015/0001047469-03-026015-index.htm",
    "finalLink": "https://www.sec.gov/Archives/edgar/data/26172/000104746903026015/a2115757z10-k.htm"
  },
  {
    "date": "2002-09-29",
    "symbol": "CMI",
    "reportedCurrency": "USD",
    "cik": "0000026172",
    "fillingDate": "2002-11-01",
    "acceptedDate": "2002-11-01 10:00:53",
    "calendarYear": "2002",
    "period": "Q3",
    "revenue": 1648000000,
    "costOfRevenue": 1338000000,
    "grossProfit": 310000000,
    "grossProfitRatio": 0.1881067961,
    "researchAndDevelopmentExpenses": 53000000,
    "generalAndAdministrativeExpenses": 0,
    "sellingAndMarketingExpenses": 0,
    "sellingGeneralAndAdministrativeExpenses": 192000000,
    "otherExpenses": 0,
    "operatingExpenses": 245000000,
    "costAndExpenses": 1583000000,
    "interestIncome": 0,
    "interestExpense": 0,
    "depreciationAndAmortization": 57000000,
    "ebitda": 122000000,
    "ebitdaratio": 0.0740291262,
    "operatingIncome": 65000000,
    "operatingIncomeRatio": 0.0394417476,
    "totalOtherIncomeExpensesNet": -2000000,
    "incomeBeforeTax": 63000000,
    "incomeBeforeTaxRatio": 0.0382281553,
    "incomeTaxExpense": 15000000,
    "netIncome": 39000000,
    "netIncomeRatio": 0.0236650485,
    "eps": 0.26,
    "epsdiluted": 0.24,
    "weightedAverageShsOut": 151456311,
    "weightedAverageShsOutDil": 162500000,
    "link": "https://www.sec.gov/Archives/edgar/data/26172/000002617202000020/0000026172-02-000020-index.htm",
    "finalLink": "https://www.sec.gov/Archives/edgar/data/26172/000002617202000020/finalq302.htm"
  },
  {
    "date": "2002-06-30",
    "symbol": "CMI",
    "reportedCurrency": "USD",
    "cik": "0000026172",
    "fillingDate": "2002-08-14",
    "acceptedDate": "2002-08-14 15:46:35",
    "calendarYear": "2002",
    "period": "Q2",
    "revenue": 1458000000,
    "costOfRevenue": 1181000000,
    "grossProfit": 277000000,
    "grossProfitRatio": 0.1899862826,
    "researchAndDevelopmentExpenses": 55000000,
    "generalAndAdministrativeExpenses": 0,
    "sellingAndMarketingExpenses": 0,
    "sellingGeneralAndAdministrativeExpenses": 186000000,
    "otherExpenses": 2000000,
    "operatingExpenses": 243000000,
    "costAndExpenses": 1424000000,
    "interestIncome": 0,
    "interestExpense": 0,
    "depreciationAndAmortization": 53000000,
    "ebitda": 89000000,
    "ebitdaratio": 0.061042524,
    "operatingIncome": 34000000,
    "operatingIncomeRatio": 0.0233196159,
    "totalOtherIncomeExpensesNet": -4000000,
    "incomeBeforeTax": 29000000,
    "incomeBeforeTaxRatio": 0.0198902606,
    "incomeTaxExpense": 6000000,
    "netIncome": 16000000,
    "netIncomeRatio": 0.0109739369,
    "eps": 0.0833,
    "epsdiluted": 0.0813,
    "weightedAverageShsOut": 156097561,
    "weightedAverageShsOutDil": 160000000,
    "link": "https://www.sec.gov/Archives/edgar/data/26172/000002617202000014/0000026172-02-000014-index.htm",
    "finalLink": "https://www.sec.gov/Archives/edgar/data/26172/000002617202000014/final10q.htm"
  },
  {
    "date": "2002-03-31",
    "symbol": "CMI",
    "reportedCurrency": "USD",
    "cik": "0000026172",
    "fillingDate": "2002-05-15",
    "acceptedDate": "2002-05-15 12:45:39",
    "calendarYear": "2002",
    "period": "Q1",
    "revenue": 1333000000,
    "costOfRevenue": 1107000000,
    "grossProfit": 226000000,
    "grossProfitRatio": 0.1695423856,
    "researchAndDevelopmentExpenses": 56000000,
    "generalAndAdministrativeExpenses": 0,
    "sellingAndMarketingExpenses": 0,
    "sellingGeneralAndAdministrativeExpenses": 186000000,
    "otherExpenses": 0,
    "operatingExpenses": 242000000,
    "costAndExpenses": 1349000000,
    "interestIncome": 0,
    "interestExpense": 0,
    "depreciationAndAmortization": 54000000,
    "ebitda": 38000000,
    "ebitdaratio": 0.0285071268,
    "operatingIncome": -16000000,
    "operatingIncomeRatio": -0.0120030008,
    "totalOtherIncomeExpensesNet": -13000000,
    "incomeBeforeTax": -38000000,
    "incomeBeforeTaxRatio": -0.0285071268,
    "incomeTaxExpense": -9000000,
    "netIncome": -29000000,
    "netIncomeRatio": -0.0217554389,
    "eps": -0.17,
    "epsdiluted": -0.17,
    "weightedAverageShsOut": 167741935,
    "weightedAverageShsOutDil": 167741935,
    "link": "https://www.sec.gov/Archives/edgar/data/26172/000002617202000005/0000026172-02-000005-index.htm",
    "finalLink": "https://www.sec.gov/Archives/edgar/data/26172/000002617202000005/final2002q1.htm"
  },
  {
    "date": "2001-12-31",
    "symbol": "CMI",
    "reportedCurrency": "USD",
    "cik": "0000026172",
    "fillingDate": "2002-02-28",
    "acceptedDate": "2002-02-28 00:00:00",
    "calendarYear": "2001",
    "period": "Q4",
    "revenue": 1463000000,
    "costOfRevenue": 1198000000,
    "grossProfit": 265000000,
    "grossProfitRatio": 0.1811346548,
    "researchAndDevelopmentExpenses": 56000000,
    "generalAndAdministrativeExpenses": 0,
    "sellingAndMarketingExpenses": 0,
    "sellingGeneralAndAdministrativeExpenses": 185000000,
    "otherExpenses": 0,
    "operatingExpenses": 241000000,
    "costAndExpenses": 1439000000,
    "interestIncome": 0,
    "interestExpense": 0,
    "depreciationAndAmortization": 56000000,
    "ebitda": 80000000,
    "ebitdaratio": 0.0546821599,
    "operatingIncome": 24000000,
    "operatingIncomeRatio": 0.016404648,
    "totalOtherIncomeExpensesNet": -11000000,
    "incomeBeforeTax": 13000000,
    "incomeBeforeTaxRatio": 0.008885851,
    "incomeTaxExpense": 2000000,
    "netIncome": 3000000,
    "netIncomeRatio": 0.002050581,
    "eps": 0.0194,
    "epsdiluted": 0.0194,
    "weightedAverageShsOut": 150516356,
    "weightedAverageShsOutDil": 154666667,
    "link": "https://www.sec.gov/Archives/edgar/data/26172/000002617202000002/0000026172-02-000002-index.htm",
    "finalLink": "https://www.sec.gov/Archives/edgar/data/26172/000002617202000002/final10k.htm"
  },
  {
    "date": "2001-09-23",
    "symbol": "CMI",
    "reportedCurrency": "USD",
    "cik": "0000026172",
    "fillingDate": "2001-11-05",
    "acceptedDate": "2001-11-05 00:00:00",
    "calendarYear": "2001",
    "period": "Q3",
    "revenue": 1408000000,
    "costOfRevenue": 1153000000,
    "grossProfit": 255000000,
    "grossProfitRatio": 0.1811079545,
    "researchAndDevelopmentExpenses": 53000000,
    "generalAndAdministrativeExpenses": 0,
    "sellingAndMarketingExpenses": 0,
    "sellingGeneralAndAdministrativeExpenses": 177000000,
    "otherExpenses": 0,
    "operatingExpenses": 230000000,
    "costAndExpenses": 1383000000,
    "interestIncome": 0,
    "interestExpense": 0,
    "depreciationAndAmortization": 57000000,
    "ebitda": 82000000,
    "ebitdaratio": 0.0582386364,
    "operatingIncome": 25000000,
    "operatingIncomeRatio": 0.0177556818,
    "totalOtherIncomeExpensesNet": -10000000,
    "incomeBeforeTax": 15000000,
    "incomeBeforeTaxRatio": 0.0106534091,
    "incomeTaxExpense": 2000000,
    "netIncome": 3000000,
    "netIncomeRatio": 0.0021306818,
    "eps": 0.02,
    "epsdiluted": 0.02,
    "weightedAverageShsOut": 150000000,
    "weightedAverageShsOutDil": 150000000,
    "link": "https://www.sec.gov/Archives/edgar/data/26172/000002617201500010/0000026172-01-500010-index.htm",
    "finalLink": "https://www.sec.gov/Archives/edgar/data/26172/000002617201500010/q3final.htm"
  },
  {
    "date": "2001-06-24",
    "symbol": "CMI",
    "reportedCurrency": "USD",
    "cik": "0000026172",
    "fillingDate": "2001-08-07",
    "acceptedDate": "2001-08-07 00:00:00",
    "calendarYear": "2001",
    "period": "Q2",
    "revenue": 1461000000,
    "costOfRevenue": 1192000000,
    "grossProfit": 269000000,
    "grossProfitRatio": 0.1841204654,
    "researchAndDevelopmentExpenses": 58000000,
    "generalAndAdministrativeExpenses": 0,
    "sellingAndMarketingExpenses": 0,
    "sellingGeneralAndAdministrativeExpenses": 183000000,
    "otherExpenses": 125000000,
    "operatingExpenses": 366000000,
    "costAndExpenses": 1558000000,
    "interestIncome": 0,
    "interestExpense": 0,
    "depreciationAndAmortization": 59000000,
    "ebitda": 87000000,
    "ebitdaratio": 0.0595482546,
    "operatingIncome": -97000000,
    "operatingIncomeRatio": -0.0663928816,
    "totalOtherIncomeExpensesNet": -20000000,
    "incomeBeforeTax": -117000000,
    "incomeBeforeTaxRatio": -0.0800821355,
    "incomeTaxExpense": -39000000,
    "netIncome": -82000000,
    "netIncomeRatio": -0.0561259411,
    "eps": -0.54,
    "epsdiluted": -0.54,
    "weightedAverageShsOut": 153271028,
    "weightedAverageShsOutDil": 153271028,
    "link": "https://www.sec.gov/Archives/edgar/data/26172/000002617201500008/0000026172-01-500008-index.htm",
    "finalLink": "https://www.sec.gov/Archives/edgar/data/26172/000002617201500008/final6.htm"
  },
  {
    "date": "2001-03-25",
    "symbol": "CMI",
    "reportedCurrency": "USD",
    "cik": "0000026172",
    "fillingDate": "2001-04-26",
    "acceptedDate": "2001-04-26 00:00:00",
    "calendarYear": "2001",
    "period": "Q1",
    "revenue": 1349000000,
    "costOfRevenue": 1117000000,
    "grossProfit": 232000000,
    "grossProfitRatio": 0.1719792439,
    "researchAndDevelopmentExpenses": 53000000,
    "generalAndAdministrativeExpenses": 0,
    "sellingAndMarketingExpenses": 0,
    "sellingGeneralAndAdministrativeExpenses": 183000000,
    "otherExpenses": 0,
    "operatingExpenses": 236000000,
    "costAndExpenses": 1353000000,
    "interestIncome": 0,
    "interestExpense": 0,
    "depreciationAndAmortization": 59000000,
    "ebitda": 55000000,
    "ebitdaratio": 0.0407709414,
    "operatingIncome": -4000000,
    "operatingIncomeRatio": -0.0029651594,
    "totalOtherIncomeExpensesNet": -25000000,
    "incomeBeforeTax": -29000000,
    "incomeBeforeTaxRatio": -0.0214974055,
    "incomeTaxExpense": -7000000,
    "netIncome": -26000000,
    "netIncomeRatio": -0.019273536,
    "eps": -0.17,
    "epsdiluted": -0.17,
    "weightedAverageShsOut": 152800000,
    "weightedAverageShsOutDil": 152800000,
    "link": "https://www.sec.gov/Archives/edgar/data/26172/000002617201500003/0000026172-01-500003-index.htm",
    "finalLink": "https://www.sec.gov/Archives/edgar/data/26172/000002617201500003/a10q.txt"
  },
  {
    "date": "2000-12-31",
    "symbol": "CMI",
    "reportedCurrency": "USD",
    "cik": "0000026172",
    "fillingDate": "2001-03-13",
    "acceptedDate": "2001-03-13 00:00:00",
    "calendarYear": "2000",
    "period": "Q4",
    "revenue": 1608000000,
    "costOfRevenue": 1345000000,
    "grossProfit": 263000000,
    "grossProfitRatio": 0.1635572139,
    "researchAndDevelopmentExpenses": 64000000,
    "generalAndAdministrativeExpenses": 0,
    "sellingAndMarketingExpenses": 0,
    "sellingGeneralAndAdministrativeExpenses": 197000000,
    "otherExpenses": 160000000,
    "operatingExpenses": 421000000,
    "costAndExpenses": 1766000000,
    "interestIncome": 0,
    "interestExpense": 0,
    "depreciationAndAmortization": 60000000,
    "ebitda": 62000000,
    "ebitdaratio": 0.0385572139,
    "operatingIncome": -158000000,
    "operatingIncomeRatio": -0.0982587065,
    "totalOtherIncomeExpensesNet": -26000000,
    "incomeBeforeTax": -184000000,
    "incomeBeforeTaxRatio": -0.1144278607,
    "incomeTaxExpense": -67000000,
    "netIncome": -120000000,
    "netIncomeRatio": -0.0746268657,
    "eps": -0.79,
    "epsdiluted": -0.79,
    "weightedAverageShsOut": 152800000,
    "weightedAverageShsOutDil": 152800000,
    "link": "https://www.sec.gov/Archives/edgar/data/26172/000002617201000002/0000026172-01-000002-index.htm",
    "finalLink": "https://www.sec.gov/Archives/edgar/data/26172/000002617201000002/0000026172-01-000002-0001.txt"
  },
  {
    "date": "2000-09-24",
    "symbol": "CMI",
    "reportedCurrency": "USD",
    "cik": "0000026172",
    "fillingDate": "2000-11-02",
    "acceptedDate": "2000-11-02 00:00:00",
    "calendarYear": "2000",
    "period": "Q3",
    "revenue": 1572000000,
    "costOfRevenue": 1262000000,
    "grossProfit": 310000000,
    "grossProfitRatio": 0.1972010178,
    "researchAndDevelopmentExpenses": 62000000,
    "generalAndAdministrativeExpenses": 0,
    "sellingAndMarketingExpenses": 0,
    "sellingGeneralAndAdministrativeExpenses": 195000000,
    "otherExpenses": 0,
    "operatingExpenses": 257000000,
    "costAndExpenses": 1519000000,
    "interestIncome": 0,
    "interestExpense": 0,
    "depreciationAndAmortization": 63000000,
    "ebitda": 116000000,
    "ebitdaratio": 0.0737913486,
    "operatingIncome": 53000000,
    "operatingIncomeRatio": 0.0337150127,
    "totalOtherIncomeExpensesNet": -14000000,
    "incomeBeforeTax": 39000000,
    "incomeBeforeTaxRatio": 0.0248091603,
    "incomeTaxExpense": 9000000,
    "netIncome": 25000000,
    "netIncomeRatio": 0.0159033079,
    "eps": 0.16,
    "epsdiluted": 0.16,
    "weightedAverageShsOut": 151515152,
    "weightedAverageShsOutDil": 151515152,
    "link": "https://www.sec.gov/Archives/edgar/data/26172/000002617200000008/0000026172-00-000008-index.htm",
    "finalLink": "https://www.sec.gov/Archives/edgar/data/26172/000002617200000008/0000026172-00-000008-0001.txt"
  },
  {
    "date": "2000-06-25",
    "symbol": "CMI",
    "reportedCurrency": "USD",
    "cik": "0000026172",
    "fillingDate": "2000-07-31",
    "acceptedDate": "2000-07-31 00:00:00",
    "calendarYear": "2000",
    "period": "Q2",
    "revenue": 1769000000,
    "costOfRevenue": 1418000000,
    "grossProfit": 351000000,
    "grossProfitRatio": 0.1984171849,
    "researchAndDevelopmentExpenses": 59000000,
    "generalAndAdministrativeExpenses": 0,
    "sellingAndMarketingExpenses": 0,
    "sellingGeneralAndAdministrativeExpenses": 190000000,
    "otherExpenses": 0,
    "operatingExpenses": 249000000,
    "costAndExpenses": 1667000000,
    "interestIncome": 0,
    "interestExpense": 0,
    "depreciationAndAmortization": 60000000,
    "ebitda": 162000000,
    "ebitdaratio": 0.0915771622,
    "operatingIncome": 102000000,
    "operatingIncomeRatio": 0.0576596947,
    "totalOtherIncomeExpensesNet": -16000000,
    "incomeBeforeTax": 86000000,
    "incomeBeforeTaxRatio": 0.0486150367,
    "incomeTaxExpense": 22000000,
    "netIncome": 61000000,
    "netIncomeRatio": 0.0344827586,
    "eps": 0.4,
    "epsdiluted": 0.4,
    "weightedAverageShsOut": 150617284,
    "weightedAverageShsOutDil": 150617284,
    "link": "https://www.sec.gov/Archives/edgar/data/26172/000002617200000006/0000026172-00-000006-index.htm",
    "finalLink": "https://www.sec.gov/Archives/edgar/data/26172/000002617200000006/0000026172-00-000006-0001.txt"
  },
  {
    "date": "2000-03-26",
    "symbol": "CMI",
    "reportedCurrency": "USD",
    "cik": "0000026172",
    "fillingDate": "2000-04-27",
    "acceptedDate": "2000-04-27 00:00:00",
    "calendarYear": "2000",
    "period": "Q1",
    "revenue": 1648000000,
    "costOfRevenue": 1313000000,
    "grossProfit": 335000000,
    "grossProfitRatio": 0.203276699,
    "researchAndDevelopmentExpenses": 59000000,
    "generalAndAdministrativeExpenses": 0,
    "sellingAndMarketingExpenses": 0,
    "sellingGeneralAndAdministrativeExpenses": 194000000,
    "otherExpenses": 0,
    "operatingExpenses": 253000000,
    "costAndExpenses": 1566000000,
    "interestIncome": 0,
    "interestExpense": 0,
    "depreciationAndAmortization": 57000000,
    "ebitda": 139000000,
    "ebitdaratio": 0.0843446602,
    "operatingIncome": 82000000,
    "operatingIncomeRatio": 0.0497572816,
    "totalOtherIncomeExpensesNet": -20000000,
    "incomeBeforeTax": 62000000,
    "incomeBeforeTaxRatio": 0.0376213592,
    "incomeTaxExpense": 17000000,
    "netIncome": 42000000,
    "netIncomeRatio": 0.0254854369,
    "eps": 0.27,
    "epsdiluted": 0.27,
    "weightedAverageShsOut": 152800000,
    "weightedAverageShsOutDil": 153200000,
    "link": "https://www.sec.gov/Archives/edgar/data/26172/000002617200000003/0000026172-00-000003-index.html",
    "finalLink": "https://www.sec.gov/Archives/edgar/data/26172/000002617200000003/"
  },
  {
    "date": "1999-12-31",
    "symbol": "CMI",
    "reportedCurrency": "USD",
    "cik": "0000026172",
    "fillingDate": "2000-03-17",
    "acceptedDate": "2000-03-17 00:00:00",
    "calendarYear": "1999",
    "period": "Q4",
    "revenue": 1836000000,
    "costOfRevenue": 1451000000,
    "grossProfit": 385000000,
    "grossProfitRatio": 0.2096949891,
    "researchAndDevelopmentExpenses": 64000000,
    "generalAndAdministrativeExpenses": 0,
    "sellingAndMarketingExpenses": 0,
    "sellingGeneralAndAdministrativeExpenses": 211000000,
    "otherExpenses": 60000000,
    "operatingExpenses": 335000000,
    "costAndExpenses": 1786000000,
    "interestIncome": 0,
    "interestExpense": 0,
    "depreciationAndAmortization": 61000000,
    "ebitda": 171000000,
    "ebitdaratio": 0.0931372549,
    "operatingIncome": 50000000,
    "operatingIncomeRatio": 0.0272331155,
    "totalOtherIncomeExpensesNet": -22000000,
    "incomeBeforeTax": 28000000,
    "incomeBeforeTaxRatio": 0.0152505447,
    "incomeTaxExpense": 1000000,
    "netIncome": 25000000,
    "netIncomeRatio": 0.0136165577,
    "eps": 0.16,
    "epsdiluted": 0.16,
    "weightedAverageShsOut": 153200000,
    "weightedAverageShsOutDil": 153200000,
    "link": "https://www.sec.gov/Archives/edgar/data/26172/000002617200000002/0000026172-00-000002-index.html",
    "finalLink": "https://www.sec.gov/Archives/edgar/data/26172/000002617200000002/"
  },
  {
    "date": "1999-09-26",
    "symbol": "CMI",
    "reportedCurrency": "USD",
    "cik": "0000026172",
    "fillingDate": "1999-10-29",
    "acceptedDate": "1999-10-29 00:00:00",
    "calendarYear": "1999",
    "period": "Q3",
    "revenue": 1631000000,
    "costOfRevenue": 1270000000,
    "grossProfit": 361000000,
    "grossProfitRatio": 0.2213366033,
    "researchAndDevelopmentExpenses": 67000000,
    "generalAndAdministrativeExpenses": 0,
    "sellingAndMarketingExpenses": 0,
    "sellingGeneralAndAdministrativeExpenses": 192000000,
    "otherExpenses": 0,
    "operatingExpenses": 259000000,
    "costAndExpenses": 1529000000,
    "interestIncome": 0,
    "interestExpense": 0,
    "depreciationAndAmortization": 58000000,
    "ebitda": 160000000,
    "ebitdaratio": 0.0980993256,
    "operatingIncome": 102000000,
    "operatingIncomeRatio": 0.06253832,
    "totalOtherIncomeExpensesNet": -29000000,
    "incomeBeforeTax": 73000000,
    "incomeBeforeTaxRatio": 0.0447578173,
    "incomeTaxExpense": 19000000,
    "netIncome": 53000000,
    "netIncomeRatio": 0.0324954016,
    "eps": 0.35,
    "epsdiluted": 0.34,
    "weightedAverageShsOut": 153200000,
    "weightedAverageShsOutDil": 155600000,
    "link": "https://www.sec.gov/Archives/edgar/data/26172/000002617299000014/0000026172-99-000014-index.html",
    "finalLink": "https://www.sec.gov/Archives/edgar/data/26172/000002617299000014/"
  },
  {
    "date": "1999-06-27",
    "symbol": "CMI",
    "reportedCurrency": "USD",
    "cik": "0000026172",
    "fillingDate": "1999-08-10",
    "acceptedDate": "1999-08-10 00:00:00",
    "calendarYear": "1999",
    "period": "Q2",
    "revenue": 1667000000,
    "costOfRevenue": 1296000000,
    "grossProfit": 371000000,
    "grossProfitRatio": 0.2225554889,
    "researchAndDevelopmentExpenses": 60000000,
    "generalAndAdministrativeExpenses": 0,
    "sellingAndMarketingExpenses": 0,
    "sellingGeneralAndAdministrativeExpenses": 200000000,
    "otherExpenses": 0,
    "operatingExpenses": 260000000,
    "costAndExpenses": 1556000000,
    "interestIncome": 0,
    "interestExpense": 0,
    "depreciationAndAmortization": 58000000,
    "ebitda": 169000000,
    "ebitdaratio": 0.1013797241,
    "operatingIncome": 111000000,
    "operatingIncomeRatio": 0.0665866827,
    "totalOtherIncomeExpensesNet": -27000000,
    "incomeBeforeTax": 84000000,
    "incomeBeforeTaxRatio": 0.050389922,
    "incomeTaxExpense": 25000000,
    "netIncome": 58000000,
    "netIncomeRatio": 0.0347930414,
    "eps": 0.38,
    "epsdiluted": 0.37,
    "weightedAverageShsOut": 154000000,
    "weightedAverageShsOutDil": 154800000,
    "link": "https://www.sec.gov/Archives/edgar/data/26172/000002617299000011/0000026172-99-000011-index.html",
    "finalLink": "https://www.sec.gov/Archives/edgar/data/26172/000002617299000011/"
  },
  {
    "date": "1999-03-28",
    "symbol": "CMI",
    "reportedCurrency": "USD",
    "cik": "0000026172",
    "fillingDate": "1999-05-04",
    "acceptedDate": "1999-05-04 00:00:00",
    "calendarYear": "1999",
    "period": "Q1",
    "revenue": 1505000000,
    "costOfRevenue": 1204000000,
    "grossProfit": 301000000,
    "grossProfitRatio": 0.2,
    "researchAndDevelopmentExpenses": 54000000,
    "generalAndAdministrativeExpenses": 0,
    "sellingAndMarketingExpenses": 0,
    "sellingGeneralAndAdministrativeExpenses": 178000000,
    "otherExpenses": 0,
    "operatingExpenses": 232000000,
    "costAndExpenses": 1436000000,
    "interestIncome": 0,
    "interestExpense": 0,
    "depreciationAndAmortization": 56000000,
    "ebitda": 125000000,
    "ebitdaratio": 0.0830564784,
    "operatingIncome": 69000000,
    "operatingIncomeRatio": 0.0458471761,
    "totalOtherIncomeExpensesNet": -33000000,
    "incomeBeforeTax": 36000000,
    "incomeBeforeTaxRatio": 0.0239202658,
    "incomeTaxExpense": 10000000,
    "netIncome": 24000000,
    "netIncomeRatio": 0.0159468439,
    "eps": 0.16,
    "epsdiluted": 0.16,
    "weightedAverageShsOut": 154000000,
    "weightedAverageShsOutDil": 154000000,
    "link": "https://www.sec.gov/Archives/edgar/data/26172/000002617299000004/0000026172-99-000004-index.html",
    "finalLink": "https://www.sec.gov/Archives/edgar/data/26172/"
  },
  {
    "date": "1998-12-31",
    "symbol": "CMI",
    "reportedCurrency": "USD",
    "cik": "0000026172",
    "fillingDate": "1999-03-09",
    "acceptedDate": "1999-03-09 00:00:00",
    "calendarYear": "1998",
    "period": "Q4",
    "revenue": 1606000000,
    "costOfRevenue": 1281000000,
    "grossProfit": 325000000,
    "grossProfitRatio": 0.202366127,
    "researchAndDevelopmentExpenses": 62000000,
    "generalAndAdministrativeExpenses": 0,
    "sellingAndMarketingExpenses": 0,
    "sellingGeneralAndAdministrativeExpenses": 195000000,
    "otherExpenses": 0,
    "operatingExpenses": 257000000,
    "costAndExpenses": 1538000000,
    "interestIncome": 0,
    "interestExpense": 0,
    "depreciationAndAmortization": 51000000,
    "ebitda": 119000000,
    "ebitdaratio": 0.0740971357,
    "operatingIncome": 68000000,
    "operatingIncomeRatio": 0.0423412204,
    "totalOtherIncomeExpensesNet": -26000000,
    "incomeBeforeTax": 42000000,
    "incomeBeforeTaxRatio": 0.0261519303,
    "incomeTaxExpense": 11000000,
    "netIncome": 29000000,
    "netIncomeRatio": 0.0180572852,
    "eps": 0.19,
    "epsdiluted": 0.19,
    "weightedAverageShsOut": 148909091,
    "weightedAverageShsOutDil": 154000000,
    "link": "https://www.sec.gov/Archives/edgar/data/26172/000002617299000002/0000026172-99-000002-index.html",
    "finalLink": "https://www.sec.gov/Archives/edgar/data/26172/"
  },
  {
    "date": "1998-09-27",
    "symbol": "CMI",
    "reportedCurrency": "USD",
    "cik": "0000026172",
    "fillingDate": "1998-11-02",
    "acceptedDate": "1998-11-02 00:00:00",
    "calendarYear": "1998",
    "period": "Q3",
    "revenue": 1525000000,
    "costOfRevenue": 1218000000,
    "grossProfit": 307000000,
    "grossProfitRatio": 0.2013114754,
    "researchAndDevelopmentExpenses": 61000000,
    "generalAndAdministrativeExpenses": 0,
    "sellingAndMarketingExpenses": 0,
    "sellingGeneralAndAdministrativeExpenses": 191000000,
    "otherExpenses": 174000000,
    "operatingExpenses": 426000000,
    "costAndExpenses": 1644000000,
    "interestIncome": 0,
    "interestExpense": 0,
    "depreciationAndAmortization": 50000000,
    "ebitda": 105000000,
    "ebitdaratio": 0.068852459,
    "operatingIncome": -119000000,
    "operatingIncomeRatio": -0.0780327869,
    "totalOtherIncomeExpensesNet": -24000000,
    "incomeBeforeTax": -143000000,
    "incomeBeforeTaxRatio": -0.0937704918,
    "incomeTaxExpense": -35000000,
    "netIncome": -110000000,
    "netIncomeRatio": -0.0721311475,
    "eps": -0.71,
    "epsdiluted": -0.71,
    "weightedAverageShsOut": 154000000,
    "weightedAverageShsOutDil": 154000000,
    "link": "https://www.sec.gov/Archives/edgar/data/26172/000002617298000012/0000026172-98-000012-index.html",
    "finalLink": "https://www.sec.gov/Archives/edgar/data/26172/"
  },
  {
    "date": "1998-06-28",
    "symbol": "CMI",
    "reportedCurrency": "USD",
    "cik": "0000026172",
    "fillingDate": "1998-07-21",
    "acceptedDate": "1998-07-21 00:00:00",
    "calendarYear": "1998",
    "period": "Q2",
    "revenue": 1635000000,
    "costOfRevenue": 1266000000,
    "grossProfit": 369000000,
    "grossProfitRatio": 0.2256880734,
    "researchAndDevelopmentExpenses": 65000000,
    "generalAndAdministrativeExpenses": 0,
    "sellingAndMarketingExpenses": 0,
    "sellingGeneralAndAdministrativeExpenses": 199000000,
    "otherExpenses": 0,
    "operatingExpenses": 264000000,
    "costAndExpenses": 1530000000,
    "interestIncome": 0,
    "interestExpense": 0,
    "depreciationAndAmortization": 51000000,
    "ebitda": 156000000,
    "ebitdaratio": 0.095412844,
    "operatingIncome": 105000000,
    "operatingIncomeRatio": 0.0642201835,
    "totalOtherIncomeExpensesNet": -24000000,
    "incomeBeforeTax": 81000000,
    "incomeBeforeTaxRatio": 0.0495412844,
    "incomeTaxExpense": 24000000,
    "netIncome": 53000000,
    "netIncomeRatio": 0.0324159021,
    "eps": 0.34,
    "epsdiluted": 0.34,
    "weightedAverageShsOut": 154000000,
    "weightedAverageShsOutDil": 155200000,
    "link": "https://www.sec.gov/Archives/edgar/data/26172/000002617298000010/0000026172-98-000010-index.html",
    "finalLink": "https://www.sec.gov/Archives/edgar/data/26172/"
  },
  {
    "date": "1998-03-29",
    "symbol": "CMI",
    "reportedCurrency": "USD",
    "cik": "0000026172",
    "fillingDate": "1998-05-01",
    "acceptedDate": "1998-05-01 00:00:00",
    "calendarYear": "1998",
    "period": "Q1",
    "revenue": 1500000000,
    "costOfRevenue": 1160000000,
    "grossProfit": 340000000,
    "grossProfitRatio": 0.2266666667,
    "researchAndDevelopmentExpenses": 67000000,
    "generalAndAdministrativeExpenses": 0,
    "sellingAndMarketingExpenses": 0,
    "sellingGeneralAndAdministrativeExpenses": 202000000,
    "otherExpenses": 43000000,
    "operatingExpenses": 312000000,
    "costAndExpenses": 1472000000,
    "interestIncome": 0,
    "interestExpense": 0,
    "depreciationAndAmortization": 47000000,
    "ebitda": 118000000,
    "ebitdaratio": 0.0786666667,
    "operatingIncome": 28000000,
    "operatingIncomeRatio": 0.0186666667,
    "totalOtherIncomeExpensesNet": -14000000,
    "incomeBeforeTax": 14000000,
    "incomeBeforeTaxRatio": 0.0093333333,
    "incomeTaxExpense": 4000000,
    "netIncome": 7000000,
    "netIncomeRatio": 0.0046666667,
    "eps": 0.0455,
    "epsdiluted": 0.045,
    "weightedAverageShsOut": 154000000,
    "weightedAverageShsOutDil": 155600000,
    "link": "https://www.sec.gov/Archives/edgar/data/26172/000002617298000006/0000026172-98-000006-index.html",
    "finalLink": "https://www.sec.gov/Archives/edgar/data/26172/"
  },
  {
    "date": "1997-12-31",
    "symbol": "CMI",
    "reportedCurrency": "USD",
    "cik": "0000026172",
    "fillingDate": "1998-03-04",
    "acceptedDate": "1998-03-04 00:00:00",
    "calendarYear": "1997",
    "period": "Q4",
    "revenue": 1559000000,
    "costOfRevenue": 1198000000,
    "grossProfit": 361000000,
    "grossProfitRatio": 0.2315586915,
    "researchAndDevelopmentExpenses": 71000000,
    "generalAndAdministrativeExpenses": 0,
    "sellingAndMarketingExpenses": 0,
    "sellingGeneralAndAdministrativeExpenses": 199000000,
    "otherExpenses": 0,
    "operatingExpenses": 270000000,
    "costAndExpenses": 1468000000,
    "interestIncome": 0,
    "interestExpense": 0,
    "depreciationAndAmortization": 40000000,
    "ebitda": 131000000,
    "ebitdaratio": 0.0840282232,
    "operatingIncome": 91000000,
    "operatingIncomeRatio": 0.0583707505,
    "totalOtherIncomeExpensesNet": -4000000,
    "incomeBeforeTax": 87000000,
    "incomeBeforeTaxRatio": 0.0558050032,
    "incomeTaxExpense": 23000000,
    "netIncome": 64000000,
    "netIncomeRatio": 0.0410519564,
    "eps": 0.41,
    "epsdiluted": 0.41,
    "weightedAverageShsOut": 152285271,
    "weightedAverageShsOutDil": 155600000,
    "link": "https://www.sec.gov/Archives/edgar/data/26172/000002617298000004/0000026172-98-000004-index.html",
    "finalLink": "https://www.sec.gov/Archives/edgar/data/26172/"
  },
  {
    "date": "1997-09-28",
    "symbol": "CMI",
    "reportedCurrency": "USD",
    "cik": "0000026172",
    "fillingDate": "1997-11-07",
    "acceptedDate": "1997-11-07 00:00:00",
    "calendarYear": "1997",
    "period": "Q3",
    "revenue": 1366000000,
    "costOfRevenue": 1057000000,
    "grossProfit": 309000000,
    "grossProfitRatio": 0.2262079063,
    "researchAndDevelopmentExpenses": 64000000,
    "generalAndAdministrativeExpenses": 0,
    "sellingAndMarketingExpenses": 0,
    "sellingGeneralAndAdministrativeExpenses": 181000000,
    "otherExpenses": 0,
    "operatingExpenses": 245000000,
    "costAndExpenses": 1302000000,
    "interestIncome": 0,
    "interestExpense": 0,
    "depreciationAndAmortization": 38000000,
    "ebitda": 102000000,
    "ebitdaratio": 0.074670571,
    "operatingIncome": 64000000,
    "operatingIncomeRatio": 0.046852123,
    "totalOtherIncomeExpensesNet": 5000000,
    "incomeBeforeTax": 69000000,
    "incomeBeforeTaxRatio": 0.0505124451,
    "incomeTaxExpense": 15000000,
    "netIncome": 54000000,
    "netIncomeRatio": 0.0395314788,
    "eps": 0.35,
    "epsdiluted": 0.35,
    "weightedAverageShsOut": 153191489,
    "weightedAverageShsOutDil": 156521739,
    "link": "https://www.sec.gov/Archives/edgar/data/26172/000002617297000013/0000026172-97-000013-index.html",
    "finalLink": "https://www.sec.gov/Archives/edgar/data/26172/"
  },
  {
    "date": "1997-06-29",
    "symbol": "CMI",
    "reportedCurrency": "USD",
    "cik": "0000026172",
    "fillingDate": "1997-07-30",
    "acceptedDate": "1997-07-30 00:00:00",
    "calendarYear": "1997",
    "period": "Q2",
    "revenue": 1396000000,
    "costOfRevenue": 1072000000,
    "grossProfit": 324000000,
    "grossProfitRatio": 0.2320916905,
    "researchAndDevelopmentExpenses": 64000000,
    "generalAndAdministrativeExpenses": 0,
    "sellingAndMarketingExpenses": 0,
    "sellingGeneralAndAdministrativeExpenses": 186000000,
    "otherExpenses": 0,
    "operatingExpenses": 250000000,
    "costAndExpenses": 1322000000,
    "interestIncome": 0,
    "interestExpense": 0,
    "depreciationAndAmortization": 41000000,
    "ebitda": 115000000,
    "ebitdaratio": 0.0823782235,
    "operatingIncome": 74000000,
    "operatingIncomeRatio": 0.053008596,
    "totalOtherIncomeExpensesNet": 0,
    "incomeBeforeTax": 74000000,
    "incomeBeforeTaxRatio": 0.053008596,
    "incomeTaxExpense": 21000000,
    "netIncome": 53000000,
    "netIncomeRatio": 0.037965616,
    "eps": 0.35,
    "epsdiluted": 0.34,
    "weightedAverageShsOut": 153200000,
    "weightedAverageShsOutDil": 154800000,
    "link": "https://www.sec.gov/Archives/edgar/data/26172/000002617297000010/0000026172-97-000010-index.html",
    "finalLink": "https://www.sec.gov/Archives/edgar/data/26172/"
  },
  {
    "date": "1997-03-30",
    "symbol": "CMI",
    "reportedCurrency": "USD",
    "cik": "0000026172",
    "fillingDate": "1997-04-25",
    "acceptedDate": "1997-04-25 00:00:00",
    "calendarYear": "1997",
    "period": "Q1",
    "revenue": 1304000000,
    "costOfRevenue": 1018000000,
    "grossProfit": 286000000,
    "grossProfitRatio": 0.2193251534,
    "researchAndDevelopmentExpenses": 61000000,
    "generalAndAdministrativeExpenses": 0,
    "sellingAndMarketingExpenses": 0,
    "sellingGeneralAndAdministrativeExpenses": 178000000,
    "otherExpenses": 0,
    "operatingExpenses": 239000000,
    "costAndExpenses": 1257000000,
    "interestIncome": 0,
    "interestExpense": 0,
    "depreciationAndAmortization": 39000000,
    "ebitda": 86000000,
    "ebitdaratio": 0.0659509202,
    "operatingIncome": 47000000,
    "operatingIncomeRatio": 0.0360429448,
    "totalOtherIncomeExpensesNet": 9000000,
    "incomeBeforeTax": 56000000,
    "incomeBeforeTaxRatio": 0.0429447853,
    "incomeTaxExpense": 15000000,
    "netIncome": 41000000,
    "netIncomeRatio": 0.0314417178,
    "eps": 0.27,
    "epsdiluted": 0.27,
    "weightedAverageShsOut": 153200000,
    "weightedAverageShsOutDil": 153600000,
    "link": "https://www.sec.gov/Archives/edgar/data/26172/000002617297000005/0000026172-97-000005-index.html",
    "finalLink": "https://www.sec.gov/Archives/edgar/data/26172/"
  },
  {
    "date": "1996-12-31",
    "symbol": "CMI",
    "reportedCurrency": "USD",
    "cik": "0000026172",
    "fillingDate": "1997-03-04",
    "acceptedDate": "1997-03-04 00:00:00",
    "calendarYear": "1996",
    "period": "Q4",
    "revenue": 1361000000,
    "costOfRevenue": 1062000000,
    "grossProfit": 299000000,
    "grossProfitRatio": 0.2196914034,
    "researchAndDevelopmentExpenses": 64000000,
    "generalAndAdministrativeExpenses": 0,
    "sellingAndMarketingExpenses": 0,
    "sellingGeneralAndAdministrativeExpenses": 188000000,
    "otherExpenses": 0,
    "operatingExpenses": 252000000,
    "costAndExpenses": 1314000000,
    "interestIncome": 0,
    "interestExpense": 0,
    "depreciationAndAmortization": 38000000,
    "ebitda": 85000000,
    "ebitdaratio": 0.0624540779,
    "operatingIncome": 47000000,
    "operatingIncomeRatio": 0.0345334313,
    "totalOtherIncomeExpensesNet": 3000000,
    "incomeBeforeTax": 50000000,
    "incomeBeforeTaxRatio": 0.0367376929,
    "incomeTaxExpense": 9000000,
    "netIncome": 41000000,
    "netIncomeRatio": 0.0301249082,
    "eps": 0.27,
    "epsdiluted": 0.27,
    "weightedAverageShsOut": 154000000,
    "weightedAverageShsOutDil": 154000000,
    "link": "https://www.sec.gov/Archives/edgar/data/26172/000002617297000003/0000026172-97-000003-index.html",
    "finalLink": "https://www.sec.gov/Archives/edgar/data/26172/"
  },
  {
    "date": "1996-09-29",
    "symbol": "CMI",
    "reportedCurrency": "USD",
    "cik": "0000026172",
    "fillingDate": "1996-11-04",
    "acceptedDate": "1996-11-04 00:00:00",
    "calendarYear": "1996",
    "period": "Q3",
    "revenue": 1264000000,
    "costOfRevenue": 994000000,
    "grossProfit": 270000000,
    "grossProfitRatio": 0.2136075949,
    "researchAndDevelopmentExpenses": 60000000,
    "generalAndAdministrativeExpenses": 0,
    "sellingAndMarketingExpenses": 0,
    "sellingGeneralAndAdministrativeExpenses": 177000000,
    "otherExpenses": 0,
    "operatingExpenses": 237000000,
    "costAndExpenses": 1231000000,
    "interestIncome": 0,
    "interestExpense": 0,
    "depreciationAndAmortization": 35000000,
    "ebitda": 68000000,
    "ebitdaratio": 0.0537974684,
    "operatingIncome": 33000000,
    "operatingIncomeRatio": 0.0261075949,
    "totalOtherIncomeExpensesNet": -2000000,
    "incomeBeforeTax": 31000000,
    "incomeBeforeTaxRatio": 0.0245253165,
    "incomeTaxExpense": 5000000,
    "netIncome": 26000000,
    "netIncomeRatio": 0.0205696203,
    "eps": 0.16,
    "epsdiluted": 0.16,
    "weightedAverageShsOut": 158400000,
    "weightedAverageShsOutDil": 158400000,
    "link": "https://www.sec.gov/Archives/edgar/data/26172/000002617296000014/0000026172-96-000014-index.html",
    "finalLink": "https://www.sec.gov/Archives/edgar/data/26172/"
  },
  {
    "date": "1996-06-30",
    "symbol": "CMI",
    "reportedCurrency": "USD",
    "cik": "0000026172",
    "fillingDate": "1996-07-25",
    "acceptedDate": "1996-07-25 00:00:00",
    "calendarYear": "1996",
    "period": "Q2",
    "revenue": 1316000000,
    "costOfRevenue": 1016000000,
    "grossProfit": 300000000,
    "grossProfitRatio": 0.2279635258,
    "researchAndDevelopmentExpenses": 66000000,
    "generalAndAdministrativeExpenses": 0,
    "sellingAndMarketingExpenses": 0,
    "sellingGeneralAndAdministrativeExpenses": 180000000,
    "otherExpenses": 0,
    "operatingExpenses": 246000000,
    "costAndExpenses": 1262000000,
    "interestIncome": 0,
    "interestExpense": 0,
    "depreciationAndAmortization": 38000000,
    "ebitda": 92000000,
    "ebitdaratio": 0.0699088146,
    "operatingIncome": 54000000,
    "operatingIncomeRatio": 0.0410334347,
    "totalOtherIncomeExpensesNet": 8000000,
    "incomeBeforeTax": 62000000,
    "incomeBeforeTaxRatio": 0.047112462,
    "incomeTaxExpense": 18000000,
    "netIncome": 44000000,
    "netIncomeRatio": 0.0334346505,
    "eps": 0.28,
    "epsdiluted": 0.27,
    "weightedAverageShsOut": 160000000,
    "weightedAverageShsOutDil": 160400000,
    "link": "https://www.sec.gov/Archives/edgar/data/26172/000002617296000012/0000026172-96-000012-index.html",
    "finalLink": "https://www.sec.gov/Archives/edgar/data/26172/"
  },
  {
    "date": "1996-03-31",
    "symbol": "CMI",
    "reportedCurrency": "USD",
    "cik": "0000026172",
    "fillingDate": "1996-04-30",
    "acceptedDate": "1996-04-30 00:00:00",
    "calendarYear": "1996",
    "period": "Q1",
    "revenue": 1316000000,
    "costOfRevenue": 1000000000,
    "grossProfit": 316000000,
    "grossProfitRatio": 0.2401215805,
    "researchAndDevelopmentExpenses": 62000000,
    "generalAndAdministrativeExpenses": 0,
    "sellingAndMarketingExpenses": 0,
    "sellingGeneralAndAdministrativeExpenses": 180000000,
    "otherExpenses": 0,
    "operatingExpenses": 242000000,
    "costAndExpenses": 1242000000,
    "interestIncome": 0,
    "interestExpense": 0,
    "depreciationAndAmortization": 38000000,
    "ebitda": 112000000,
    "ebitdaratio": 0.085106383,
    "operatingIncome": 74000000,
    "operatingIncomeRatio": 0.056231003,
    "totalOtherIncomeExpensesNet": -3000000,
    "incomeBeforeTax": 71000000,
    "incomeBeforeTaxRatio": 0.0539513678,
    "incomeTaxExpense": 22000000,
    "netIncome": 49000000,
    "netIncomeRatio": 0.0372340426,
    "eps": 0.3,
    "epsdiluted": 0.3,
    "weightedAverageShsOut": 160800000,
    "weightedAverageShsOutDil": 161200000,
    "link": "https://www.sec.gov/Archives/edgar/data/26172/000002617296000007/0000026172-96-000007-index.html",
    "finalLink": "https://www.sec.gov/Archives/edgar/data/26172/"
  },
  {
    "date": "1995-12-31",
    "symbol": "CMI",
    "reportedCurrency": "USD",
    "cik": "0000026172",
    "fillingDate": "1996-03-05",
    "acceptedDate": "1996-03-05 00:00:00",
    "calendarYear": "1995",
    "period": "Q4",
    "revenue": 1331000000,
    "costOfRevenue": 1019000000,
    "grossProfit": 312000000,
    "grossProfitRatio": 0.2344102179,
    "researchAndDevelopmentExpenses": 68000000,
    "generalAndAdministrativeExpenses": 0,
    "sellingAndMarketingExpenses": 0,
    "sellingGeneralAndAdministrativeExpenses": 174000000,
    "otherExpenses": 118000000,
    "operatingExpenses": 360000000,
    "costAndExpenses": 1379000000,
    "interestIncome": 0,
    "interestExpense": 0,
    "depreciationAndAmortization": 37000000,
    "ebitda": 107000000,
    "ebitdaratio": 0.0803906837,
    "operatingIncome": -48000000,
    "operatingIncomeRatio": -0.0360631104,
    "totalOtherIncomeExpensesNet": -7000000,
    "incomeBeforeTax": -55000000,
    "incomeBeforeTaxRatio": -0.041322314,
    "incomeTaxExpense": -97000000,
    "netIncome": 42000000,
    "netIncomeRatio": 0.0315552216,
    "eps": 0.26,
    "epsdiluted": 0.26,
    "weightedAverageShsOut": 160875362,
    "weightedAverageShsOutDil": 161600000,
    "link": "https://www.sec.gov/Archives/edgar/data/26172/000002617296000002/0000026172-96-000002-index.html",
    "finalLink": "https://www.sec.gov/Archives/edgar/data/26172/"
  },
  {
    "date": "1995-10-01",
    "symbol": "CMI",
    "reportedCurrency": "USD",
    "cik": "0000026172",
    "fillingDate": "1995-11-13",
    "acceptedDate": "1995-11-13 00:00:00",
    "calendarYear": "1995",
    "period": "Q3",
    "revenue": 1219000000,
    "costOfRevenue": 943000000,
    "grossProfit": 276000000,
    "grossProfitRatio": 0.2264150943,
    "researchAndDevelopmentExpenses": 62000000,
    "generalAndAdministrativeExpenses": 0,
    "sellingAndMarketingExpenses": 0,
    "sellingGeneralAndAdministrativeExpenses": 154000000,
    "otherExpenses": 0,
    "operatingExpenses": 216000000,
    "costAndExpenses": 1159000000,
    "interestIncome": 0,
    "interestExpense": 0,
    "depreciationAndAmortization": 36000000,
    "ebitda": 96000000,
    "ebitdaratio": 0.0787530763,
    "operatingIncome": 60000000,
    "operatingIncomeRatio": 0.0492206727,
    "totalOtherIncomeExpensesNet": -5000000,
    "incomeBeforeTax": 55000000,
    "incomeBeforeTaxRatio": 0.04511895,
    "incomeTaxExpense": 9000000,
    "netIncome": 46000000,
    "netIncomeRatio": 0.0377358491,
    "eps": 0.29,
    "epsdiluted": 0.28,
    "weightedAverageShsOut": 161200000,
    "weightedAverageShsOutDil": 161600000,
    "link": "https://www.sec.gov/Archives/edgar/data/26172/000002617295000010/0000026172-95-000010-index.html",
    "finalLink": "https://www.sec.gov/Archives/edgar/data/26172/"
  }
]