[
  {
    "date": "2025-06-30",
    "symbol": "CMS",
    "reportedCurrency": "USD",
    "cik": "0000811156",
    "fillingDate": "2025-07-31",
    "acceptedDate": "2025-07-31 10:35:55",
    "calendarYear": "2025",
    "period": "Q2",
    "revenue": 1838000000,
    "costOfRevenue": 1124000000,
    "grossProfit": 714000000,
    "grossProfitRatio": 0.3884657236,
    "researchAndDevelopmentExpenses": 0,
    "generalAndAdministrativeExpenses": 0,
    "sellingAndMarketingExpenses": 0,
    "sellingGeneralAndAdministrativeExpenses": 0,
    "otherExpenses": 397000000,
    "operatingExpenses": 397000000,
    "costAndExpenses": 1521000000,
    "interestIncome": 0,
    "interestExpense": 199000000,
    "depreciationAndAmortization": 301000000,
    "ebitda": 755000000,
    "ebitdaratio": 0.4107725789,
    "operatingIncome": 317000000,
    "operatingIncomeRatio": 0.1724700762,
    "totalOtherIncomeExpensesNet": -62000000,
    "incomeBeforeTax": 255000000,
    "incomeBeforeTaxRatio": 0.1387377584,
    "incomeTaxExpense": 62000000,
    "netIncome": 201000000,
    "netIncomeRatio": 0.1093579978,
    "eps": 0.6633,
    "epsdiluted": 0.662,
    "weightedAverageShsOut": 298500000,
    "weightedAverageShsOutDil": 299100000,
    "link": "https://www.sec.gov/Archives/edgar/data/811156/000081115625000071/0000811156-25-000071-index.htm",
    "finalLink": "https://www.sec.gov/Archives/edgar/data/201533/000081115625000071/cms-20250630.htm"
  },
  {
    "date": "2025-03-31",
    "symbol": "CMS",
    "reportedCurrency": "USD",
    "cik": "0000811156",
    "fillingDate": "2025-04-24",
    "acceptedDate": "2025-04-24 10:44:08",
    "calendarYear": "2025",
    "period": "Q1",
    "revenue": 2447000000,
    "costOfRevenue": 1403000000,
    "grossProfit": 1044000000,
    "grossProfitRatio": 0.4266448713,
    "researchAndDevelopmentExpenses": 0,
    "generalAndAdministrativeExpenses": 0,
    "sellingAndMarketingExpenses": 0,
    "sellingGeneralAndAdministrativeExpenses": 0,
    "otherExpenses": 550000000,
    "operatingExpenses": 550000000,
    "costAndExpenses": 1953000000,
    "interestIncome": 1000000,
    "interestExpense": 187000000,
    "depreciationAndAmortization": 388000000,
    "ebitda": 933000000,
    "ebitdaratio": 0.3812832039,
    "operatingIncome": 494000000,
    "operatingIncomeRatio": 0.2018798529,
    "totalOtherIncomeExpensesNet": -136000000,
    "incomeBeforeTax": 358000000,
    "incomeBeforeTaxRatio": 0.1463015938,
    "incomeTaxExpense": 63000000,
    "netIncome": 304000000,
    "netIncomeRatio": 0.1242337556,
    "eps": 1.01,
    "epsdiluted": 1.01,
    "weightedAverageShsOut": 298200000,
    "weightedAverageShsOutDil": 299100000,
    "link": "https://www.sec.gov/Archives/edgar/data/811156/000081115625000047/0000811156-25-000047-index.htm",
    "finalLink": "https://www.sec.gov/Archives/edgar/data/201533/000081115625000047/cms-20250331.htm"
  },
  {
    "date": "2024-12-31",
    "symbol": "CMS",
    "reportedCurrency": "USD",
    "cik": "0000811156",
    "fillingDate": "2025-02-11",
    "acceptedDate": "2025-02-11 09:10:10",
    "calendarYear": "2024",
    "period": "Q4",
    "revenue": 1989000000,
    "costOfRevenue": 1112000000,
    "grossProfit": 877000000,
    "grossProfitRatio": 0.440925088,
    "researchAndDevelopmentExpenses": 0,
    "generalAndAdministrativeExpenses": 0,
    "sellingAndMarketingExpenses": 0,
    "sellingGeneralAndAdministrativeExpenses": 0,
    "otherExpenses": 452000000,
    "operatingExpenses": 452000000,
    "costAndExpenses": 1564000000,
    "interestIncome": 0,
    "interestExpense": 180000000,
    "depreciationAndAmortization": 326000000,
    "ebitda": 812000000,
    "ebitdaratio": 0.4082453494,
    "operatingIncome": 425000000,
    "operatingIncomeRatio": 0.2136752137,
    "totalOtherIncomeExpensesNet": -119000000,
    "incomeBeforeTax": 306000000,
    "incomeBeforeTaxRatio": 0.1538461538,
    "incomeTaxExpense": 51000000,
    "netIncome": 265000000,
    "netIncomeRatio": 0.1332327803,
    "eps": 0.88,
    "epsdiluted": 0.87,
    "weightedAverageShsOut": 298784865,
    "weightedAverageShsOutDil": 298784865,
    "link": "https://www.sec.gov/Archives/edgar/data/811156/000081115625000036/0000811156-25-000036-index.htm",
    "finalLink": "https://www.sec.gov/Archives/edgar/data/201533/000081115625000036/cms-20241231.htm"
  },
  {
    "date": "2024-09-30",
    "symbol": "CMS",
    "reportedCurrency": "USD",
    "cik": "0000811156",
    "fillingDate": "2024-10-31",
    "acceptedDate": "2024-10-31 11:01:09",
    "calendarYear": "2024",
    "period": "Q3",
    "revenue": 1743000000,
    "costOfRevenue": 1004000000,
    "grossProfit": 739000000,
    "grossProfitRatio": 0.4239816408,
    "researchAndDevelopmentExpenses": 0,
    "generalAndAdministrativeExpenses": 0,
    "sellingAndMarketingExpenses": 0,
    "sellingGeneralAndAdministrativeExpenses": 0,
    "otherExpenses": 372000000,
    "operatingExpenses": 372000000,
    "costAndExpenses": 1376000000,
    "interestIncome": 0,
    "interestExpense": 178000000,
    "depreciationAndAmortization": 273000000,
    "ebitda": 724000000,
    "ebitdaratio": 0.4153757889,
    "operatingIncome": 367000000,
    "operatingIncomeRatio": 0.2105565118,
    "totalOtherIncomeExpensesNet": -94000000,
    "incomeBeforeTax": 273000000,
    "incomeBeforeTaxRatio": 0.156626506,
    "incomeTaxExpense": 26000000,
    "netIncome": 253000000,
    "netIncomeRatio": 0.1451520367,
    "eps": 0.83,
    "epsdiluted": 0.84,
    "weightedAverageShsOut": 298000000,
    "weightedAverageShsOutDil": 298800000,
    "link": "https://www.sec.gov/Archives/edgar/data/811156/000081115624000114/0000811156-24-000114-index.htm",
    "finalLink": "https://www.sec.gov/Archives/edgar/data/201533/000081115624000114/cms-20240930.htm"
  },
  {
    "date": "2024-06-30",
    "symbol": "CMS",
    "reportedCurrency": "USD",
    "cik": "0000811156",
    "fillingDate": "2024-07-25",
    "acceptedDate": "2024-07-25 10:53:49",
    "calendarYear": "2024",
    "period": "Q2",
    "revenue": 1607000000,
    "costOfRevenue": 949000000,
    "grossProfit": 658000000,
    "grossProfitRatio": 0.4094586185,
    "researchAndDevelopmentExpenses": 0,
    "generalAndAdministrativeExpenses": -41000000,
    "sellingAndMarketingExpenses": 0,
    "sellingGeneralAndAdministrativeExpenses": -41000000,
    "otherExpenses": 416000000,
    "operatingExpenses": 375000000,
    "costAndExpenses": 1324000000,
    "interestIncome": 0,
    "interestExpense": 173000000,
    "depreciationAndAmortization": 285000000,
    "ebitda": 681000000,
    "ebitdaratio": 0.4237710019,
    "operatingIncome": 283000000,
    "operatingIncomeRatio": 0.1761045426,
    "totalOtherIncomeExpensesNet": -60000000,
    "incomeBeforeTax": 223000000,
    "incomeBeforeTaxRatio": 0.1387678905,
    "incomeTaxExpense": 41000000,
    "netIncome": 198000000,
    "netIncomeRatio": 0.1232109521,
    "eps": 0.65,
    "epsdiluted": 0.65,
    "weightedAverageShsOut": 297900000,
    "weightedAverageShsOutDil": 298500000,
    "link": "https://www.sec.gov/Archives/edgar/data/811156/000081115624000110/0000811156-24-000110-index.htm",
    "finalLink": "https://www.sec.gov/Archives/edgar/data/201533/000081115624000110/cms-20240630.htm"
  },
  {
    "date": "2024-03-31",
    "symbol": "CMS",
    "reportedCurrency": "USD",
    "cik": "0000811156",
    "fillingDate": "2024-04-25",
    "acceptedDate": "2024-04-25 10:32:32",
    "calendarYear": "2024",
    "period": "Q1",
    "revenue": 2176000000,
    "costOfRevenue": 1241000000,
    "grossProfit": 935000000,
    "grossProfitRatio": 0.4296875,
    "researchAndDevelopmentExpenses": 0,
    "generalAndAdministrativeExpenses": -44000000,
    "sellingAndMarketingExpenses": 0,
    "sellingGeneralAndAdministrativeExpenses": -44000000,
    "otherExpenses": 567000000,
    "operatingExpenses": 523000000,
    "costAndExpenses": 1764000000,
    "interestIncome": 0,
    "interestExpense": 177000000,
    "depreciationAndAmortization": 368000000,
    "ebitda": 866000000,
    "ebitdaratio": 0.3979779412,
    "operatingIncome": 412000000,
    "operatingIncomeRatio": 0.1893382353,
    "totalOtherIncomeExpensesNet": -91000000,
    "incomeBeforeTax": 321000000,
    "incomeBeforeTaxRatio": 0.1475183824,
    "incomeTaxExpense": 58000000,
    "netIncome": 287000000,
    "netIncomeRatio": 0.1318933824,
    "eps": 0.96,
    "epsdiluted": 0.96,
    "weightedAverageShsOut": 296500000,
    "weightedAverageShsOutDil": 297200000,
    "link": "https://www.sec.gov/Archives/edgar/data/811156/000081115624000084/0000811156-24-000084-index.htm",
    "finalLink": "https://www.sec.gov/Archives/edgar/data/201533/000081115624000084/cms-20240331.htm"
  },
  {
    "date": "2023-12-31",
    "symbol": "CMS",
    "reportedCurrency": "USD",
    "cik": "0000811156",
    "fillingDate": "2024-02-08",
    "acceptedDate": "2024-02-08 09:28:11",
    "calendarYear": "2023",
    "period": "Q4",
    "revenue": 1950000000,
    "costOfRevenue": 1117000000,
    "grossProfit": 833000000,
    "grossProfitRatio": 0.4271794872,
    "researchAndDevelopmentExpenses": 0,
    "generalAndAdministrativeExpenses": 0,
    "sellingAndMarketingExpenses": 0,
    "sellingGeneralAndAdministrativeExpenses": 0,
    "otherExpenses": 427000000,
    "operatingExpenses": 427000000,
    "costAndExpenses": 1544000000,
    "interestIncome": 0,
    "interestExpense": 172000000,
    "depreciationAndAmortization": 310000000,
    "ebitda": 799000000,
    "ebitdaratio": 0.4097435897,
    "operatingIncome": 406000000,
    "operatingIncomeRatio": 0.2082051282,
    "totalOtherIncomeExpensesNet": -89000000,
    "incomeBeforeTax": 317000000,
    "incomeBeforeTaxRatio": 0.1625641026,
    "incomeTaxExpense": 66000000,
    "netIncome": 309000000,
    "netIncomeRatio": 0.1584615385,
    "eps": 1.04,
    "epsdiluted": 1.04,
    "weightedAverageShsOut": 294400000,
    "weightedAverageShsOutDil": 294400000,
    "link": "https://www.sec.gov/Archives/edgar/data/811156/000081115624000044/0000811156-24-000044-index.htm",
    "finalLink": "https://www.sec.gov/Archives/edgar/data/201533/000081115624000044/cms-20231231.htm"
  },
  {
    "date": "2023-09-30",
    "symbol": "CMS",
    "reportedCurrency": "USD",
    "cik": "0000811156",
    "fillingDate": "2023-10-26",
    "acceptedDate": "2023-10-26 11:11:02",
    "calendarYear": "2023",
    "period": "Q3",
    "revenue": 1673000000,
    "costOfRevenue": 1049000000,
    "grossProfit": 624000000,
    "grossProfitRatio": 0.3729826659,
    "researchAndDevelopmentExpenses": 0,
    "generalAndAdministrativeExpenses": 0,
    "sellingAndMarketingExpenses": 0,
    "sellingGeneralAndAdministrativeExpenses": 0,
    "otherExpenses": 353000000,
    "operatingExpenses": 353000000,
    "costAndExpenses": 1402000000,
    "interestIncome": 0,
    "interestExpense": 164000000,
    "depreciationAndAmortization": 262000000,
    "ebitda": 610000000,
    "ebitdaratio": 0.364614465,
    "operatingIncome": 271000000,
    "operatingIncomeRatio": 0.1619844591,
    "totalOtherIncomeExpensesNet": -87000000,
    "incomeBeforeTax": 184000000,
    "incomeBeforeTaxRatio": 0.1099820681,
    "incomeTaxExpense": 11000000,
    "netIncome": 176000000,
    "netIncomeRatio": 0.1052002391,
    "eps": 0.6,
    "epsdiluted": 0.6,
    "weightedAverageShsOut": 291000000,
    "weightedAverageShsOutDil": 291400000,
    "link": "https://www.sec.gov/Archives/edgar/data/811156/000081115623000072/0000811156-23-000072-index.htm",
    "finalLink": "https://www.sec.gov/Archives/edgar/data/201533/000081115623000072/cms-20230930.htm"
  },
  {
    "date": "2023-06-30",
    "symbol": "CMS",
    "reportedCurrency": "USD",
    "cik": "0000811156",
    "fillingDate": "2023-07-27",
    "acceptedDate": "2023-07-27 09:43:30",
    "calendarYear": "2023",
    "period": "Q2",
    "revenue": 1555000000,
    "costOfRevenue": 959000000,
    "grossProfit": 596000000,
    "grossProfitRatio": 0.3832797428,
    "researchAndDevelopmentExpenses": 0,
    "generalAndAdministrativeExpenses": -45000000,
    "sellingAndMarketingExpenses": 0,
    "sellingGeneralAndAdministrativeExpenses": -45000000,
    "otherExpenses": 397000000,
    "operatingExpenses": 352000000,
    "costAndExpenses": 1311000000,
    "interestIncome": 0,
    "interestExpense": 160000000,
    "depreciationAndAmortization": 264000000,
    "ebitda": 654000000,
    "ebitdaratio": 0.4205787781,
    "operatingIncome": 244000000,
    "operatingIncomeRatio": 0.1569131833,
    "totalOtherIncomeExpensesNet": -14000000,
    "incomeBeforeTax": 230000000,
    "incomeBeforeTaxRatio": 0.1479099678,
    "incomeTaxExpense": 41000000,
    "netIncome": 198000000,
    "netIncomeRatio": 0.1273311897,
    "eps": 0.67,
    "epsdiluted": 0.67,
    "weightedAverageShsOut": 290900000,
    "weightedAverageShsOutDil": 291300000,
    "link": "https://www.sec.gov/Archives/edgar/data/811156/000081115623000066/0000811156-23-000066-index.htm",
    "finalLink": "https://www.sec.gov/Archives/edgar/data/201533/000081115623000066/cms-20230630.htm"
  },
  {
    "date": "2023-03-31",
    "symbol": "CMS",
    "reportedCurrency": "USD",
    "cik": "0000811156",
    "fillingDate": "2023-04-27",
    "acceptedDate": "2023-04-27 12:44:01",
    "calendarYear": "2023",
    "period": "Q1",
    "revenue": 2284000000,
    "costOfRevenue": 1475000000,
    "grossProfit": 809000000,
    "grossProfitRatio": 0.3542031524,
    "researchAndDevelopmentExpenses": 0,
    "generalAndAdministrativeExpenses": -45000000,
    "sellingAndMarketingExpenses": 0,
    "sellingGeneralAndAdministrativeExpenses": -45000000,
    "otherExpenses": 540000000,
    "operatingExpenses": 495000000,
    "costAndExpenses": 1970000000,
    "interestIncome": 0,
    "interestExpense": 147000000,
    "depreciationAndAmortization": 353000000,
    "ebitda": 723000000,
    "ebitdaratio": 0.3165499124,
    "operatingIncome": 314000000,
    "operatingIncomeRatio": 0.1374781086,
    "totalOtherIncomeExpensesNet": -91000000,
    "incomeBeforeTax": 223000000,
    "incomeBeforeTaxRatio": 0.0976357268,
    "incomeTaxExpense": 29000000,
    "netIncome": 204000000,
    "netIncomeRatio": 0.0893169877,
    "eps": 0.69,
    "epsdiluted": 0.69,
    "weightedAverageShsOut": 290700000,
    "weightedAverageShsOutDil": 291200000,
    "link": "https://www.sec.gov/Archives/edgar/data/811156/000081115623000038/0000811156-23-000038-index.htm",
    "finalLink": "https://www.sec.gov/Archives/edgar/data/201533/000081115623000038/cms-20230331.htm"
  },
  {
    "date": "2022-12-31",
    "symbol": "CMS",
    "reportedCurrency": "USD",
    "cik": "0000811156",
    "fillingDate": "2023-02-09",
    "acceptedDate": "2023-02-09 09:11:10",
    "calendarYear": "2022",
    "period": "Q4",
    "revenue": 2278000000,
    "costOfRevenue": 1607000000,
    "grossProfit": 671000000,
    "grossProfitRatio": 0.2945566286,
    "researchAndDevelopmentExpenses": 0,
    "generalAndAdministrativeExpenses": 0,
    "sellingAndMarketingExpenses": 0,
    "sellingGeneralAndAdministrativeExpenses": 0,
    "otherExpenses": 400000000,
    "operatingExpenses": 400000000,
    "costAndExpenses": 2007000000,
    "interestIncome": 0,
    "interestExpense": 142000000,
    "depreciationAndAmortization": 296000000,
    "ebitda": 619000000,
    "ebitdaratio": 0.2717295874,
    "operatingIncome": 271000000,
    "operatingIncomeRatio": 0.1189640035,
    "totalOtherIncomeExpensesNet": -87000000,
    "incomeBeforeTax": 184000000,
    "incomeBeforeTaxRatio": 0.0807726076,
    "incomeTaxExpense": 21000000,
    "netIncome": 171000000,
    "netIncomeRatio": 0.0750658472,
    "eps": 0.58,
    "epsdiluted": 0.58,
    "weightedAverageShsOut": 291300000,
    "weightedAverageShsOutDil": 291300000,
    "link": "https://www.sec.gov/Archives/edgar/data/811156/000081115623000014/0000811156-23-000014-index.htm",
    "finalLink": "https://www.sec.gov/Archives/edgar/data/201533/000081115623000014/cms-20221231.htm"
  },
  {
    "date": "2022-09-30",
    "symbol": "CMS",
    "reportedCurrency": "USD",
    "cik": "0000811156",
    "fillingDate": "2022-10-27",
    "acceptedDate": "2022-10-27 10:57:00",
    "calendarYear": "2022",
    "period": "Q3",
    "revenue": 2024000000,
    "costOfRevenue": 1436000000,
    "grossProfit": 588000000,
    "grossProfitRatio": 0.290513834,
    "researchAndDevelopmentExpenses": 0,
    "generalAndAdministrativeExpenses": 0,
    "sellingAndMarketingExpenses": 0,
    "sellingGeneralAndAdministrativeExpenses": 0,
    "otherExpenses": 330000000,
    "operatingExpenses": 330000000,
    "costAndExpenses": 1766000000,
    "interestIncome": 0,
    "interestExpense": 130000000,
    "depreciationAndAmortization": 243000000,
    "ebitda": 555000000,
    "ebitdaratio": 0.2742094862,
    "operatingIncome": 258000000,
    "operatingIncomeRatio": 0.1274703557,
    "totalOtherIncomeExpensesNet": -76000000,
    "incomeBeforeTax": 182000000,
    "incomeBeforeTaxRatio": 0.0899209486,
    "incomeTaxExpense": 19000000,
    "netIncome": 165000000,
    "netIncomeRatio": 0.0815217391,
    "eps": 0.57,
    "epsdiluted": 0.57,
    "weightedAverageShsOut": 289600000,
    "weightedAverageShsOutDil": 290100000,
    "link": "https://www.sec.gov/Archives/edgar/data/811156/000081115622000119/0000811156-22-000119-index.htm",
    "finalLink": "https://www.sec.gov/Archives/edgar/data/201533/000081115622000119/cms-20220930.htm"
  },
  {
    "date": "2022-06-30",
    "symbol": "CMS",
    "reportedCurrency": "USD",
    "cik": "0000811156",
    "fillingDate": "2022-07-28",
    "acceptedDate": "2022-07-28 10:46:19",
    "calendarYear": "2022",
    "period": "Q2",
    "revenue": 1920000000,
    "costOfRevenue": 1350000000,
    "grossProfit": 570000000,
    "grossProfitRatio": 0.296875,
    "researchAndDevelopmentExpenses": 0,
    "generalAndAdministrativeExpenses": 0,
    "sellingAndMarketingExpenses": 0,
    "sellingGeneralAndAdministrativeExpenses": 0,
    "otherExpenses": 331000000,
    "operatingExpenses": 331000000,
    "costAndExpenses": 1681000000,
    "interestIncome": 0,
    "interestExpense": 126000000,
    "depreciationAndAmortization": 251000000,
    "ebitda": 533000000,
    "ebitdaratio": 0.2776041667,
    "operatingIncome": 239000000,
    "operatingIncomeRatio": 0.1244791667,
    "totalOtherIncomeExpensesNet": -83000000,
    "incomeBeforeTax": 156000000,
    "incomeBeforeTaxRatio": 0.08125,
    "incomeTaxExpense": 14000000,
    "netIncome": 148000000,
    "netIncomeRatio": 0.0770833333,
    "eps": 0.51,
    "epsdiluted": 0.51,
    "weightedAverageShsOut": 289500000,
    "weightedAverageShsOutDil": 290100000,
    "link": "https://www.sec.gov/Archives/edgar/data/811156/000081115622000113/0000811156-22-000113-index.htm",
    "finalLink": "https://www.sec.gov/Archives/edgar/data/201533/000081115622000113/cms-20220630.htm"
  },
  {
    "date": "2022-03-31",
    "symbol": "CMS",
    "reportedCurrency": "USD",
    "cik": "0000811156",
    "fillingDate": "2022-05-03",
    "acceptedDate": "2022-05-03 10:21:16",
    "calendarYear": "2022",
    "period": "Q1",
    "revenue": 2374000000,
    "costOfRevenue": 1441000000,
    "grossProfit": 933000000,
    "grossProfitRatio": 0.3930075821,
    "researchAndDevelopmentExpenses": 0,
    "generalAndAdministrativeExpenses": 0,
    "sellingAndMarketingExpenses": 0,
    "sellingGeneralAndAdministrativeExpenses": 0,
    "otherExpenses": 477000000,
    "operatingExpenses": 477000000,
    "costAndExpenses": 1918000000,
    "interestIncome": 0,
    "interestExpense": 124000000,
    "depreciationAndAmortization": 345000000,
    "ebitda": 849000000,
    "ebitdaratio": 0.3576242628,
    "operatingIncome": 456000000,
    "operatingIncomeRatio": 0.1920808762,
    "totalOtherIncomeExpensesNet": -76000000,
    "incomeBeforeTax": 380000000,
    "incomeBeforeTaxRatio": 0.1600673968,
    "incomeTaxExpense": 39000000,
    "netIncome": 353000000,
    "netIncomeRatio": 0.148694187,
    "eps": 1.22,
    "epsdiluted": 1.22,
    "weightedAverageShsOut": 289300000,
    "weightedAverageShsOutDil": 289900000,
    "link": "https://www.sec.gov/Archives/edgar/data/811156/000081115622000074/0000811156-22-000074-index.htm",
    "finalLink": "https://www.sec.gov/Archives/edgar/data/201533/000081115622000074/cms-20220331.htm"
  },
  {
    "date": "2021-12-31",
    "symbol": "CMS",
    "reportedCurrency": "USD",
    "cik": "0000811156",
    "fillingDate": "2022-02-10",
    "acceptedDate": "2022-02-10 10:13:23",
    "calendarYear": "2021",
    "period": "Q4",
    "revenue": 2033000000,
    "costOfRevenue": 1448000000,
    "grossProfit": 585000000,
    "grossProfitRatio": 0.2877520905,
    "researchAndDevelopmentExpenses": 0,
    "generalAndAdministrativeExpenses": 0,
    "sellingAndMarketingExpenses": 0,
    "sellingGeneralAndAdministrativeExpenses": 0,
    "otherExpenses": 381000000,
    "operatingExpenses": 381000000,
    "costAndExpenses": 1829000000,
    "interestIncome": 1000000,
    "interestExpense": 126000000,
    "depreciationAndAmortization": 282000000,
    "ebitda": 527000000,
    "ebitdaratio": 0.2592228234,
    "operatingIncome": 204000000,
    "operatingIncomeRatio": 0.1003443187,
    "totalOtherIncomeExpensesNet": -85000000,
    "incomeBeforeTax": 119000000,
    "incomeBeforeTaxRatio": 0.0585341859,
    "incomeTaxExpense": 5000000,
    "netIncome": 639000000,
    "netIncomeRatio": 0.3143138219,
    "eps": 2.2,
    "epsdiluted": 2.2,
    "weightedAverageShsOut": 289100000,
    "weightedAverageShsOutDil": 289700000,
    "link": "https://www.sec.gov/Archives/edgar/data/811156/000081115622000048/0000811156-22-000048-index.htm",
    "finalLink": "https://www.sec.gov/Archives/edgar/data/201533/000081115622000048/cms-20211231.htm"
  },
  {
    "date": "2021-09-30",
    "symbol": "CMS",
    "reportedCurrency": "USD",
    "cik": "0000811156",
    "fillingDate": "2021-10-28",
    "acceptedDate": "2021-10-28 11:13:15",
    "calendarYear": "2021",
    "period": "Q3",
    "revenue": 1725000000,
    "costOfRevenue": 1134000000,
    "grossProfit": 591000000,
    "grossProfitRatio": 0.3426086957,
    "researchAndDevelopmentExpenses": 0,
    "generalAndAdministrativeExpenses": 0,
    "sellingAndMarketingExpenses": 0,
    "sellingGeneralAndAdministrativeExpenses": 0,
    "otherExpenses": 331000000,
    "operatingExpenses": 331000000,
    "costAndExpenses": 1465000000,
    "interestIncome": 0,
    "interestExpense": 125000000,
    "depreciationAndAmortization": 250000000,
    "ebitda": 554000000,
    "ebitdaratio": 0.3211594203,
    "operatingIncome": 260000000,
    "operatingIncomeRatio": 0.1507246377,
    "totalOtherIncomeExpensesNet": -81000000,
    "incomeBeforeTax": 179000000,
    "incomeBeforeTaxRatio": 0.1037681159,
    "incomeTaxExpense": 26000000,
    "netIncome": 189000000,
    "netIncomeRatio": 0.1095652174,
    "eps": 0.64,
    "epsdiluted": 0.64,
    "weightedAverageShsOut": 289100000,
    "weightedAverageShsOutDil": 289600000,
    "link": "https://www.sec.gov/Archives/edgar/data/811156/000081115621000077/0000811156-21-000077-index.htm",
    "finalLink": "https://www.sec.gov/Archives/edgar/data/201533/000081115621000077/cms-20210930.htm"
  },
  {
    "date": "2021-06-30",
    "symbol": "CMS",
    "reportedCurrency": "USD",
    "cik": "0000811156",
    "fillingDate": "2021-07-29",
    "acceptedDate": "2021-07-29 10:22:52",
    "calendarYear": "2021",
    "period": "Q2",
    "revenue": 1558000000,
    "costOfRevenue": 975000000,
    "grossProfit": 583000000,
    "grossProfitRatio": 0.3741976893,
    "researchAndDevelopmentExpenses": 0,
    "generalAndAdministrativeExpenses": 0,
    "sellingAndMarketingExpenses": 0,
    "sellingGeneralAndAdministrativeExpenses": 0,
    "otherExpenses": 331000000,
    "operatingExpenses": 331000000,
    "costAndExpenses": 1306000000,
    "interestIncome": 1000000,
    "interestExpense": 125000000,
    "depreciationAndAmortization": 244000000,
    "ebitda": 544000000,
    "ebitdaratio": 0.3491655969,
    "operatingIncome": 252000000,
    "operatingIncomeRatio": 0.161745828,
    "totalOtherIncomeExpensesNet": -77000000,
    "incomeBeforeTax": 175000000,
    "incomeBeforeTaxRatio": 0.1123234917,
    "incomeTaxExpense": 22000000,
    "netIncome": 176000000,
    "netIncomeRatio": 0.1129653402,
    "eps": 0.61,
    "epsdiluted": 0.61,
    "weightedAverageShsOut": 289000000,
    "weightedAverageShsOutDil": 289400000,
    "link": "https://www.sec.gov/Archives/edgar/data/811156/000081115621000054/0000811156-21-000054-index.htm",
    "finalLink": "https://www.sec.gov/Archives/edgar/data/201533/000081115621000054/cms-20210630.htm"
  },
  {
    "date": "2021-03-31",
    "symbol": "CMS",
    "reportedCurrency": "USD",
    "cik": "0000811156",
    "fillingDate": "2021-04-29",
    "acceptedDate": "2021-04-29 10:23:17",
    "calendarYear": "2021",
    "period": "Q1",
    "revenue": 2013000000,
    "costOfRevenue": 1123000000,
    "grossProfit": 890000000,
    "grossProfitRatio": 0.4421261798,
    "researchAndDevelopmentExpenses": 0,
    "generalAndAdministrativeExpenses": 0,
    "sellingAndMarketingExpenses": 0,
    "sellingGeneralAndAdministrativeExpenses": 0,
    "otherExpenses": 460000000,
    "operatingExpenses": 460000000,
    "costAndExpenses": 1583000000,
    "interestIncome": 1000000,
    "interestExpense": 124000000,
    "depreciationAndAmortization": 338000000,
    "ebitda": 812000000,
    "ebitdaratio": 0.4033780427,
    "operatingIncome": 430000000,
    "operatingIncomeRatio": 0.2136115251,
    "totalOtherIncomeExpensesNet": -80000000,
    "incomeBeforeTax": 350000000,
    "incomeBeforeTaxRatio": 0.173869846,
    "incomeTaxExpense": 42000000,
    "netIncome": 349000000,
    "netIncomeRatio": 0.173373075,
    "eps": 1.21,
    "epsdiluted": 1.21,
    "weightedAverageShsOut": 288600000,
    "weightedAverageShsOutDil": 289100000,
    "link": "https://www.sec.gov/Archives/edgar/data/811156/000081115621000030/0000811156-21-000030-index.htm",
    "finalLink": "https://www.sec.gov/Archives/edgar/data/201533/000081115621000030/cms-20210331.htm"
  },
  {
    "date": "2020-12-31",
    "symbol": "CMS",
    "reportedCurrency": "USD",
    "cik": "0000811156",
    "fillingDate": "2021-02-11",
    "acceptedDate": "2021-02-11 08:20:56",
    "calendarYear": "2020",
    "period": "Q4",
    "revenue": 1798000000,
    "costOfRevenue": 1070000000,
    "grossProfit": 728000000,
    "grossProfitRatio": 0.404894327,
    "researchAndDevelopmentExpenses": 0,
    "generalAndAdministrativeExpenses": 0,
    "sellingAndMarketingExpenses": 0,
    "sellingGeneralAndAdministrativeExpenses": 0,
    "otherExpenses": 376000000,
    "operatingExpenses": 376000000,
    "costAndExpenses": 1446000000,
    "interestIncome": 1000000,
    "interestExpense": 140000000,
    "depreciationAndAmortization": 281000000,
    "ebitda": 618000000,
    "ebitdaratio": 0.3437152392,
    "operatingIncome": 352000000,
    "operatingIncomeRatio": 0.1957730812,
    "totalOtherIncomeExpensesNet": -155000000,
    "incomeBeforeTax": 197000000,
    "incomeBeforeTaxRatio": 0.1095661846,
    "incomeTaxExpense": 35000000,
    "netIncome": 158000000,
    "netIncomeRatio": 0.0878754171,
    "eps": 0.55,
    "epsdiluted": 0.55,
    "weightedAverageShsOut": 285700000,
    "weightedAverageShsOutDil": 286900000,
    "link": "https://www.sec.gov/Archives/edgar/data/811156/000081115621000016/0000811156-21-000016-index.htm",
    "finalLink": "https://www.sec.gov/Archives/edgar/data/201533/000081115621000016/cms-20201231.htm"
  },
  {
    "date": "2020-09-30",
    "symbol": "CMS",
    "reportedCurrency": "USD",
    "cik": "0000811156",
    "fillingDate": "2020-10-29",
    "acceptedDate": "2020-10-29 10:54:53",
    "calendarYear": "2020",
    "period": "Q3",
    "revenue": 1507000000,
    "costOfRevenue": 867000000,
    "grossProfit": 640000000,
    "grossProfitRatio": 0.4246848042,
    "researchAndDevelopmentExpenses": 0,
    "generalAndAdministrativeExpenses": 0,
    "sellingAndMarketingExpenses": 0,
    "sellingGeneralAndAdministrativeExpenses": 0,
    "otherExpenses": 300000000,
    "operatingExpenses": 300000000,
    "costAndExpenses": 1167000000,
    "interestIncome": 1000000,
    "interestExpense": 130000000,
    "depreciationAndAmortization": 226000000,
    "ebitda": 594000000,
    "ebitdaratio": 0.3941605839,
    "operatingIncome": 340000000,
    "operatingIncomeRatio": 0.2256138023,
    "totalOtherIncomeExpensesNet": -102000000,
    "incomeBeforeTax": 238000000,
    "incomeBeforeTaxRatio": 0.1579296616,
    "incomeTaxExpense": 40000000,
    "netIncome": 218000000,
    "netIncomeRatio": 0.1446582614,
    "eps": 0.76,
    "epsdiluted": 0.76,
    "weightedAverageShsOut": 285600000,
    "weightedAverageShsOutDil": 286900000,
    "link": "https://www.sec.gov/Archives/edgar/data/811156/000081115620000017/0000811156-20-000017-index.htm",
    "finalLink": "https://www.sec.gov/Archives/edgar/data/201533/000081115620000017/cms10q20200930_form10q.htm"
  },
  {
    "date": "2020-06-30",
    "symbol": "CMS",
    "reportedCurrency": "USD",
    "cik": "0000811156",
    "fillingDate": "2020-08-03",
    "acceptedDate": "2020-08-03 10:58:52",
    "calendarYear": "2020",
    "period": "Q2",
    "revenue": 1382000000,
    "costOfRevenue": 837000000,
    "grossProfit": 545000000,
    "grossProfitRatio": 0.3943560058,
    "researchAndDevelopmentExpenses": 0,
    "generalAndAdministrativeExpenses": 0,
    "sellingAndMarketingExpenses": 0,
    "sellingGeneralAndAdministrativeExpenses": 0,
    "otherExpenses": 297000000,
    "operatingExpenses": 297000000,
    "costAndExpenses": 1134000000,
    "interestIncome": 1000000,
    "interestExpense": 127000000,
    "depreciationAndAmortization": 221000000,
    "ebitda": 502000000,
    "ebitdaratio": 0.3632416787,
    "operatingIncome": 248000000,
    "operatingIncomeRatio": 0.1794500724,
    "totalOtherIncomeExpensesNet": -95000000,
    "incomeBeforeTax": 153000000,
    "incomeBeforeTaxRatio": 0.1107091172,
    "incomeTaxExpense": 24000000,
    "netIncome": 136000000,
    "netIncomeRatio": 0.0984081042,
    "eps": 0.48,
    "epsdiluted": 0.48,
    "weightedAverageShsOut": 285500000,
    "weightedAverageShsOutDil": 286500000,
    "link": "https://www.sec.gov/Archives/edgar/data/811156/000081115620000012/0000811156-20-000012-index.htm",
    "finalLink": "https://www.sec.gov/Archives/edgar/data/201533/000081115620000012/q22020form10-qcmsxcons.htm"
  },
  {
    "date": "2020-03-31",
    "symbol": "CMS",
    "reportedCurrency": "USD",
    "cik": "0000811156",
    "fillingDate": "2020-04-27",
    "acceptedDate": "2020-04-27 10:24:52",
    "calendarYear": "2020",
    "period": "Q1",
    "revenue": 1864000000,
    "costOfRevenue": 1066000000,
    "grossProfit": 798000000,
    "grossProfitRatio": 0.428111588,
    "researchAndDevelopmentExpenses": 0,
    "generalAndAdministrativeExpenses": 0,
    "sellingAndMarketingExpenses": 0,
    "sellingGeneralAndAdministrativeExpenses": 0,
    "otherExpenses": 430000000,
    "operatingExpenses": 430000000,
    "costAndExpenses": 1496000000,
    "interestIncome": 8000000,
    "interestExpense": 137000000,
    "depreciationAndAmortization": 316000000,
    "ebitda": 723000000,
    "ebitdaratio": 0.3878755365,
    "operatingIncome": 368000000,
    "operatingIncomeRatio": 0.1974248927,
    "totalOtherIncomeExpensesNet": -98000000,
    "incomeBeforeTax": 270000000,
    "incomeBeforeTaxRatio": 0.1448497854,
    "incomeTaxExpense": 27000000,
    "netIncome": 243000000,
    "netIncomeRatio": 0.1303648069,
    "eps": 0.86,
    "epsdiluted": 0.85,
    "weightedAverageShsOut": 283300000,
    "weightedAverageShsOutDil": 285200000,
    "link": "https://www.sec.gov/Archives/edgar/data/811156/000081115620000007/0000811156-20-000007-index.htm",
    "finalLink": "https://www.sec.gov/Archives/edgar/data/201533/000081115620000007/a2020q1form10-qcmsxcon.htm"
  },
  {
    "date": "2019-12-31",
    "symbol": "CMS",
    "reportedCurrency": "USD",
    "cik": "0000811156",
    "fillingDate": "2020-02-06",
    "acceptedDate": "2020-02-06 08:59:52",
    "calendarYear": "2019",
    "period": "Q4",
    "revenue": 1795000000,
    "costOfRevenue": 1135000000,
    "grossProfit": 660000000,
    "grossProfitRatio": 0.3676880223,
    "researchAndDevelopmentExpenses": 0,
    "generalAndAdministrativeExpenses": 0,
    "sellingAndMarketingExpenses": 0,
    "sellingGeneralAndAdministrativeExpenses": 0,
    "otherExpenses": 349000000,
    "operatingExpenses": 349000000,
    "costAndExpenses": 1484000000,
    "interestIncome": 2000000,
    "interestExpense": 134000000,
    "depreciationAndAmortization": 263000000,
    "ebitda": 602000000,
    "ebitdaratio": 0.3353760446,
    "operatingIncome": 311000000,
    "operatingIncomeRatio": 0.1732590529,
    "totalOtherIncomeExpensesNet": -106000000,
    "incomeBeforeTax": 205000000,
    "incomeBeforeTaxRatio": 0.1142061281,
    "incomeTaxExpense": 37000000,
    "netIncome": 167000000,
    "netIncomeRatio": 0.0930362117,
    "eps": 0.59,
    "epsdiluted": 0.58,
    "weightedAverageShsOut": 283000000,
    "weightedAverageShsOutDil": 284800000,
    "link": "https://www.sec.gov/Archives/edgar/data/811156/000081115620000004/0000811156-20-000004-index.htm",
    "finalLink": "https://www.sec.gov/Archives/edgar/data/201533/000081115620000004/a2019form10-kxcmsenerg.htm"
  },
  {
    "date": "2019-09-30",
    "symbol": "CMS",
    "reportedCurrency": "USD",
    "cik": "0000811156",
    "fillingDate": "2019-10-24",
    "acceptedDate": "2019-10-24 09:40:42",
    "calendarYear": "2019",
    "period": "Q3",
    "revenue": 1546000000,
    "costOfRevenue": 910000000,
    "grossProfit": 636000000,
    "grossProfitRatio": 0.4113842173,
    "researchAndDevelopmentExpenses": 0,
    "generalAndAdministrativeExpenses": 0,
    "sellingAndMarketingExpenses": 0,
    "sellingGeneralAndAdministrativeExpenses": 0,
    "otherExpenses": 285000000,
    "operatingExpenses": 285000000,
    "costAndExpenses": 1195000000,
    "interestIncome": 2000000,
    "interestExpense": 133000000,
    "depreciationAndAmortization": 215000000,
    "ebitda": 597000000,
    "ebitdaratio": 0.3861578266,
    "operatingIncome": 351000000,
    "operatingIncomeRatio": 0.2270375162,
    "totalOtherIncomeExpensesNet": -102000000,
    "incomeBeforeTax": 249000000,
    "incomeBeforeTaxRatio": 0.1610608021,
    "incomeTaxExpense": 42000000,
    "netIncome": 207000000,
    "netIncomeRatio": 0.1338939198,
    "eps": 0.73,
    "epsdiluted": 0.73,
    "weightedAverageShsOut": 283000000,
    "weightedAverageShsOutDil": 284600000,
    "link": "https://www.sec.gov/Archives/edgar/data/811156/000081115619000015/0000811156-19-000015-index.htm",
    "finalLink": "https://www.sec.gov/Archives/edgar/data/201533/000081115619000015/consumersenergy10q0930.htm"
  },
  {
    "date": "2019-06-30",
    "symbol": "CMS",
    "reportedCurrency": "USD",
    "cik": "0000811156",
    "fillingDate": "2019-07-25",
    "acceptedDate": "2019-07-25 10:12:53",
    "calendarYear": "2019",
    "period": "Q2",
    "revenue": 1445000000,
    "costOfRevenue": 940000000,
    "grossProfit": 505000000,
    "grossProfitRatio": 0.3494809689,
    "researchAndDevelopmentExpenses": 0,
    "generalAndAdministrativeExpenses": 0,
    "sellingAndMarketingExpenses": 0,
    "sellingGeneralAndAdministrativeExpenses": 0,
    "otherExpenses": 287000000,
    "operatingExpenses": 287000000,
    "costAndExpenses": 1227000000,
    "interestIncome": 2000000,
    "interestExpense": 131000000,
    "depreciationAndAmortization": 216000000,
    "ebitda": 461000000,
    "ebitdaratio": 0.3190311419,
    "operatingIncome": 218000000,
    "operatingIncomeRatio": 0.1508650519,
    "totalOtherIncomeExpensesNet": -104000000,
    "incomeBeforeTax": 114000000,
    "incomeBeforeTaxRatio": 0.0788927336,
    "incomeTaxExpense": 20000000,
    "netIncome": 93000000,
    "netIncomeRatio": 0.0643598616,
    "eps": 0.33,
    "epsdiluted": 0.33,
    "weightedAverageShsOut": 282900000,
    "weightedAverageShsOutDil": 284000000,
    "link": "https://www.sec.gov/Archives/edgar/data/811156/000081115619000010/0000811156-19-000010-index.htm",
    "finalLink": "https://www.sec.gov/Archives/edgar/data/201533/000081115619000010/consumersenergy10q0630.htm"
  },
  {
    "date": "2019-03-31",
    "symbol": "CMS",
    "reportedCurrency": "USD",
    "cik": "0000811156",
    "fillingDate": "2019-04-25",
    "acceptedDate": "2019-04-25 09:33:57",
    "calendarYear": "2019",
    "period": "Q1",
    "revenue": 2059000000,
    "costOfRevenue": 1296000000,
    "grossProfit": 763000000,
    "grossProfitRatio": 0.370568237,
    "researchAndDevelopmentExpenses": 0,
    "generalAndAdministrativeExpenses": 0,
    "sellingAndMarketingExpenses": 0,
    "sellingGeneralAndAdministrativeExpenses": 0,
    "otherExpenses": 404000000,
    "operatingExpenses": 404000000,
    "costAndExpenses": 1700000000,
    "interestIncome": 1000000,
    "interestExpense": 121000000,
    "depreciationAndAmortization": 298000000,
    "ebitda": 680000000,
    "ebitdaratio": 0.3302574065,
    "operatingIncome": 359000000,
    "operatingIncomeRatio": 0.1743564837,
    "totalOtherIncomeExpensesNet": -98000000,
    "incomeBeforeTax": 261000000,
    "incomeBeforeTaxRatio": 0.1267605634,
    "incomeTaxExpense": 48000000,
    "netIncome": 213000000,
    "netIncomeRatio": 0.1034482759,
    "eps": 0.75,
    "epsdiluted": 0.75,
    "weightedAverageShsOut": 282800000,
    "weightedAverageShsOutDil": 283600000,
    "link": "https://www.sec.gov/Archives/edgar/data/811156/000081115619000007/0000811156-19-000007-index.htm",
    "finalLink": "https://www.sec.gov/Archives/edgar/data/201533/000081115619000007/consumersenergy10q03312019.htm"
  },
  {
    "date": "2018-12-31",
    "symbol": "CMS",
    "reportedCurrency": "USD",
    "cik": "0000811156",
    "fillingDate": "2019-02-05",
    "acceptedDate": "2019-02-05 07:05:06",
    "calendarYear": "2018",
    "period": "Q4",
    "revenue": 1829000000,
    "costOfRevenue": 1254000000,
    "grossProfit": 575000000,
    "grossProfitRatio": 0.3143794423,
    "researchAndDevelopmentExpenses": 0,
    "generalAndAdministrativeExpenses": 0,
    "sellingAndMarketingExpenses": 0,
    "sellingGeneralAndAdministrativeExpenses": 0,
    "otherExpenses": 325000000,
    "operatingExpenses": 325000000,
    "costAndExpenses": 1579000000,
    "interestIncome": 3000000,
    "interestExpense": 121000000,
    "depreciationAndAmortization": 244000000,
    "ebitda": 491000000,
    "ebitdaratio": 0.2684527064,
    "operatingIncome": 250000000,
    "operatingIncomeRatio": 0.1366867141,
    "totalOtherIncomeExpensesNet": -124000000,
    "incomeBeforeTax": 126000000,
    "incomeBeforeTaxRatio": 0.0688901039,
    "incomeTaxExpense": 17000000,
    "netIncome": 108000000,
    "netIncomeRatio": 0.0590486605,
    "eps": 0.38,
    "epsdiluted": 0.38,
    "weightedAverageShsOut": 282600000,
    "weightedAverageShsOutDil": 283300000,
    "link": "https://www.sec.gov/Archives/edgar/data/811156/000081115619000003/0000811156-19-000003-index.htm",
    "finalLink": "https://www.sec.gov/Archives/edgar/data/201533/000081115619000003/consumersenergy10k12312018.htm"
  },
  {
    "date": "2018-09-30",
    "symbol": "CMS",
    "reportedCurrency": "USD",
    "cik": "0000811156",
    "fillingDate": "2018-10-25",
    "acceptedDate": "2018-10-25 09:47:32",
    "calendarYear": "2018",
    "period": "Q3",
    "revenue": 1599000000,
    "costOfRevenue": 1032000000,
    "grossProfit": 567000000,
    "grossProfitRatio": 0.3545966229,
    "researchAndDevelopmentExpenses": 0,
    "generalAndAdministrativeExpenses": 0,
    "sellingAndMarketingExpenses": 0,
    "sellingGeneralAndAdministrativeExpenses": 0,
    "otherExpenses": 273000000,
    "operatingExpenses": 273000000,
    "costAndExpenses": 1305000000,
    "interestIncome": 2000000,
    "interestExpense": 114000000,
    "depreciationAndAmortization": 206000000,
    "ebitda": 522000000,
    "ebitdaratio": 0.3264540338,
    "operatingIncome": 294000000,
    "operatingIncomeRatio": 0.1838649156,
    "totalOtherIncomeExpensesNet": -92000000,
    "incomeBeforeTax": 202000000,
    "incomeBeforeTaxRatio": 0.1263289556,
    "incomeTaxExpense": 33000000,
    "netIncome": 169000000,
    "netIncomeRatio": 0.1056910569,
    "eps": 0.6,
    "epsdiluted": 0.59,
    "weightedAverageShsOut": 282500000,
    "weightedAverageShsOutDil": 283200000,
    "link": "https://www.sec.gov/Archives/edgar/data/811156/000081115618000005/0000811156-18-000005-index.htm",
    "finalLink": "https://www.sec.gov/Archives/edgar/data/201533/000081115618000005/consumersenergy10q09302018.htm"
  },
  {
    "date": "2018-06-30",
    "symbol": "CMS",
    "reportedCurrency": "USD",
    "cik": "0000811156",
    "fillingDate": "2018-07-26",
    "acceptedDate": "2018-07-26 09:57:25",
    "calendarYear": "2018",
    "period": "Q2",
    "revenue": 1492000000,
    "costOfRevenue": 965000000,
    "grossProfit": 527000000,
    "grossProfitRatio": 0.3532171582,
    "researchAndDevelopmentExpenses": 0,
    "generalAndAdministrativeExpenses": 0,
    "sellingAndMarketingExpenses": 0,
    "sellingGeneralAndAdministrativeExpenses": 0,
    "otherExpenses": 272000000,
    "operatingExpenses": 272000000,
    "costAndExpenses": 1237000000,
    "interestIncome": 4000000,
    "interestExpense": 112000000,
    "depreciationAndAmortization": 204000000,
    "ebitda": 481000000,
    "ebitdaratio": 0.322386059,
    "operatingIncome": 255000000,
    "operatingIncomeRatio": 0.1709115282,
    "totalOtherIncomeExpensesNet": -90000000,
    "incomeBeforeTax": 165000000,
    "incomeBeforeTaxRatio": 0.1105898123,
    "incomeTaxExpense": 25000000,
    "netIncome": 139000000,
    "netIncomeRatio": 0.0931635389,
    "eps": 0.49,
    "epsdiluted": 0.49,
    "weightedAverageShsOut": 282100000,
    "weightedAverageShsOutDil": 282600000,
    "link": "https://www.sec.gov/Archives/edgar/data/811156/000081115618000003/0000811156-18-000003-index.htm",
    "finalLink": "https://www.sec.gov/Archives/edgar/data/201533/000081115618000003/consumersenergy10q06302018.htm"
  },
  {
    "date": "2018-03-31",
    "symbol": "CMS",
    "reportedCurrency": "USD",
    "cik": "0000811156",
    "fillingDate": "2018-04-26",
    "acceptedDate": "2018-04-26 09:45:31",
    "calendarYear": "2018",
    "period": "Q1",
    "revenue": 1953000000,
    "costOfRevenue": 1224000000,
    "grossProfit": 729000000,
    "grossProfitRatio": 0.3732718894,
    "researchAndDevelopmentExpenses": 0,
    "generalAndAdministrativeExpenses": 0,
    "sellingAndMarketingExpenses": 0,
    "sellingGeneralAndAdministrativeExpenses": 0,
    "otherExpenses": 366000000,
    "operatingExpenses": 366000000,
    "costAndExpenses": 1590000000,
    "interestIncome": 2000000,
    "interestExpense": 111000000,
    "depreciationAndAmortization": 279000000,
    "ebitda": 671000000,
    "ebitdaratio": 0.3435739887,
    "operatingIncome": 363000000,
    "operatingIncomeRatio": 0.1858678955,
    "totalOtherIncomeExpensesNet": -82000000,
    "incomeBeforeTax": 281000000,
    "incomeBeforeTaxRatio": 0.1438812084,
    "incomeTaxExpense": 40000000,
    "netIncome": 241000000,
    "netIncomeRatio": 0.1233998976,
    "eps": 0.86,
    "epsdiluted": 0.86,
    "weightedAverageShsOut": 281500000,
    "weightedAverageShsOutDil": 282200000,
    "link": "https://www.sec.gov/Archives/edgar/data/811156/000110465918026997/0001104659-18-026997-index.htm",
    "finalLink": "https://www.sec.gov/Archives/edgar/data/201533/000110465918026997/a18-8685_110q.htm"
  },
  {
    "date": "2017-12-31",
    "symbol": "CMS",
    "reportedCurrency": "USD",
    "cik": "0000811156",
    "fillingDate": "2018-02-14",
    "acceptedDate": "2018-02-14 10:22:00",
    "calendarYear": "2017",
    "period": "Q4",
    "revenue": 1778000000,
    "costOfRevenue": 1095000000,
    "grossProfit": 683000000,
    "grossProfitRatio": 0.3841394826,
    "researchAndDevelopmentExpenses": 0,
    "generalAndAdministrativeExpenses": 0,
    "sellingAndMarketingExpenses": 0,
    "sellingGeneralAndAdministrativeExpenses": 0,
    "otherExpenses": 304000000,
    "operatingExpenses": 304000000,
    "costAndExpenses": 1399000000,
    "interestIncome": 2000000,
    "interestExpense": 110000000,
    "depreciationAndAmortization": 229000000,
    "ebitda": 561000000,
    "ebitdaratio": 0.3155230596,
    "operatingIncome": 379000000,
    "operatingIncomeRatio": 0.2131608549,
    "totalOtherIncomeExpensesNet": -157000000,
    "incomeBeforeTax": 222000000,
    "incomeBeforeTaxRatio": 0.1248593926,
    "incomeTaxExpense": 224000000,
    "netIncome": -3000000,
    "netIncomeRatio": -0.0016872891,
    "eps": -0.0107,
    "epsdiluted": -0.0107,
    "weightedAverageShsOut": 280800000,
    "weightedAverageShsOutDil": 280800000,
    "link": "https://www.sec.gov/Archives/edgar/data/811156/000110465918009493/0001104659-18-009493-index.htm",
    "finalLink": "https://www.sec.gov/Archives/edgar/data/201533/000110465918009493/a18-1030_110k.htm"
  },
  {
    "date": "2017-09-30",
    "symbol": "CMS",
    "reportedCurrency": "USD",
    "cik": "0000811156",
    "fillingDate": "2017-10-26",
    "acceptedDate": "2017-10-26 09:28:28",
    "calendarYear": "2017",
    "period": "Q3",
    "revenue": 1527000000,
    "costOfRevenue": 942000000,
    "grossProfit": 585000000,
    "grossProfitRatio": 0.3831041257,
    "researchAndDevelopmentExpenses": 0,
    "generalAndAdministrativeExpenses": 0,
    "sellingAndMarketingExpenses": 0,
    "sellingGeneralAndAdministrativeExpenses": 0,
    "otherExpenses": 255000000,
    "operatingExpenses": 255000000,
    "costAndExpenses": 1197000000,
    "interestIncome": 3000000,
    "interestExpense": 111000000,
    "depreciationAndAmortization": 193000000,
    "ebitda": 533000000,
    "ebitdaratio": 0.3490504257,
    "operatingIncome": 330000000,
    "operatingIncomeRatio": 0.2161100196,
    "totalOtherIncomeExpensesNet": -101000000,
    "incomeBeforeTax": 229000000,
    "incomeBeforeTaxRatio": 0.1499672561,
    "incomeTaxExpense": 57000000,
    "netIncome": 172000000,
    "netIncomeRatio": 0.1126391618,
    "eps": 0.61,
    "epsdiluted": 0.61,
    "weightedAverageShsOut": 280800000,
    "weightedAverageShsOutDil": 281600000,
    "link": "https://www.sec.gov/Archives/edgar/data/811156/000110465917063902/0001104659-17-063902-index.htm",
    "finalLink": "https://www.sec.gov/Archives/edgar/data/201533/000110465917063902/a17-20671_110q.htm"
  },
  {
    "date": "2017-06-30",
    "symbol": "CMS",
    "reportedCurrency": "USD",
    "cik": "0000811156",
    "fillingDate": "2017-07-28",
    "acceptedDate": "2017-07-28 09:40:27",
    "calendarYear": "2017",
    "period": "Q2",
    "revenue": 1449000000,
    "costOfRevenue": 945000000,
    "grossProfit": 504000000,
    "grossProfitRatio": 0.347826087,
    "researchAndDevelopmentExpenses": 0,
    "generalAndAdministrativeExpenses": 0,
    "sellingAndMarketingExpenses": 0,
    "sellingGeneralAndAdministrativeExpenses": 0,
    "otherExpenses": 263000000,
    "operatingExpenses": 263000000,
    "costAndExpenses": 1208000000,
    "interestIncome": 2000000,
    "interestExpense": 110000000,
    "depreciationAndAmortization": 197000000,
    "ebitda": 447000000,
    "ebitdaratio": 0.3084886128,
    "operatingIncome": 241000000,
    "operatingIncomeRatio": 0.1663216011,
    "totalOtherIncomeExpensesNet": -101000000,
    "incomeBeforeTax": 140000000,
    "incomeBeforeTaxRatio": 0.0966183575,
    "incomeTaxExpense": 47000000,
    "netIncome": 92000000,
    "netIncomeRatio": 0.0634920635,
    "eps": 0.33,
    "epsdiluted": 0.33,
    "weightedAverageShsOut": 279500000,
    "weightedAverageShsOutDil": 280300000,
    "link": "https://www.sec.gov/Archives/edgar/data/811156/000110465917047609/0001104659-17-047609-index.htm",
    "finalLink": "https://www.sec.gov/Archives/edgar/data/201533/000110465917047609/a17-18026_110q.htm"
  },
  {
    "date": "2017-03-31",
    "symbol": "CMS",
    "reportedCurrency": "USD",
    "cik": "0000811156",
    "fillingDate": "2017-05-01",
    "acceptedDate": "2017-05-01 09:00:25",
    "calendarYear": "2017",
    "period": "Q1",
    "revenue": 1829000000,
    "costOfRevenue": 1098000000,
    "grossProfit": 731000000,
    "grossProfitRatio": 0.3996719519,
    "researchAndDevelopmentExpenses": 0,
    "generalAndAdministrativeExpenses": 0,
    "sellingAndMarketingExpenses": 0,
    "sellingGeneralAndAdministrativeExpenses": 0,
    "otherExpenses": 343000000,
    "operatingExpenses": 343000000,
    "costAndExpenses": 1441000000,
    "interestIncome": 5000000,
    "interestExpense": 107000000,
    "depreciationAndAmortization": 262000000,
    "ebitda": 664000000,
    "ebitdaratio": 0.3630399125,
    "operatingIncome": 388000000,
    "operatingIncomeRatio": 0.2121377802,
    "totalOtherIncomeExpensesNet": -93000000,
    "incomeBeforeTax": 295000000,
    "incomeBeforeTaxRatio": 0.1612903226,
    "incomeTaxExpense": 96000000,
    "netIncome": 199000000,
    "netIncomeRatio": 0.1088026244,
    "eps": 0.71,
    "epsdiluted": 0.71,
    "weightedAverageShsOut": 278900000,
    "weightedAverageShsOutDil": 279900000,
    "link": "https://www.sec.gov/Archives/edgar/data/811156/000110465917028195/0001104659-17-028195-index.htm",
    "finalLink": "https://www.sec.gov/Archives/edgar/data/201533/000110465917028195/a17-8845_110q.htm"
  },
  {
    "date": "2016-12-31",
    "symbol": "CMS",
    "reportedCurrency": "USD",
    "cik": "0000811156",
    "fillingDate": "2017-02-07",
    "acceptedDate": "2017-02-07 10:08:29",
    "calendarYear": "2016",
    "period": "Q4",
    "revenue": 1640000000,
    "costOfRevenue": 1064000000,
    "grossProfit": 576000000,
    "grossProfitRatio": 0.3512195122,
    "researchAndDevelopmentExpenses": 0,
    "generalAndAdministrativeExpenses": 0,
    "sellingAndMarketingExpenses": 0,
    "sellingGeneralAndAdministrativeExpenses": 0,
    "otherExpenses": 286000000,
    "operatingExpenses": 286000000,
    "costAndExpenses": 1350000000,
    "interestIncome": 2000000,
    "interestExpense": 111000000,
    "depreciationAndAmortization": 214000000,
    "ebitda": 449000000,
    "ebitdaratio": 0.2737804878,
    "operatingIncome": 290000000,
    "operatingIncomeRatio": 0.1768292683,
    "totalOtherIncomeExpensesNet": -166000000,
    "incomeBeforeTax": 124000000,
    "incomeBeforeTaxRatio": 0.0756097561,
    "incomeTaxExpense": 46000000,
    "netIncome": 77000000,
    "netIncomeRatio": 0.0469512195,
    "eps": 0.28,
    "epsdiluted": 0.28,
    "weightedAverageShsOut": 278000000,
    "weightedAverageShsOutDil": 279000000,
    "link": "https://www.sec.gov/Archives/edgar/data/811156/000110465917006823/0001104659-17-006823-index.htm",
    "finalLink": "https://www.sec.gov/Archives/edgar/data/201533/000110465917006823/a17-1055_110k.htm"
  },
  {
    "date": "2016-09-30",
    "symbol": "CMS",
    "reportedCurrency": "USD",
    "cik": "0000811156",
    "fillingDate": "2016-10-27",
    "acceptedDate": "2016-10-27 09:56:42",
    "calendarYear": "2016",
    "period": "Q3",
    "revenue": 1587000000,
    "costOfRevenue": 967000000,
    "grossProfit": 620000000,
    "grossProfitRatio": 0.3906742281,
    "researchAndDevelopmentExpenses": 0,
    "generalAndAdministrativeExpenses": 0,
    "sellingAndMarketingExpenses": 0,
    "sellingGeneralAndAdministrativeExpenses": 0,
    "otherExpenses": 245000000,
    "operatingExpenses": 245000000,
    "costAndExpenses": 1212000000,
    "interestIncome": 1000000,
    "interestExpense": 110000000,
    "depreciationAndAmortization": 183000000,
    "ebitda": 574000000,
    "ebitdaratio": 0.3616887209,
    "operatingIncome": 375000000,
    "operatingIncomeRatio": 0.236294896,
    "totalOtherIncomeExpensesNet": -94000000,
    "incomeBeforeTax": 281000000,
    "incomeBeforeTaxRatio": 0.1770636421,
    "incomeTaxExpense": 95000000,
    "netIncome": 186000000,
    "netIncomeRatio": 0.1172022684,
    "eps": 0.67,
    "epsdiluted": 0.67,
    "weightedAverageShsOut": 278200000,
    "weightedAverageShsOutDil": 279200000,
    "link": "https://www.sec.gov/Archives/edgar/data/811156/000110465916152440/0001104659-16-152440-index.htm",
    "finalLink": "https://www.sec.gov/Archives/edgar/data/201533/000110465916152440/a16-17147_110q.htm"
  },
  {
    "date": "2016-06-30",
    "symbol": "CMS",
    "reportedCurrency": "USD",
    "cik": "0000811156",
    "fillingDate": "2016-07-28",
    "acceptedDate": "2016-07-28 10:59:20",
    "calendarYear": "2016",
    "period": "Q2",
    "revenue": 1371000000,
    "costOfRevenue": 860000000,
    "grossProfit": 511000000,
    "grossProfitRatio": 0.3727206419,
    "researchAndDevelopmentExpenses": 0,
    "generalAndAdministrativeExpenses": 0,
    "sellingAndMarketingExpenses": 0,
    "sellingGeneralAndAdministrativeExpenses": 0,
    "otherExpenses": 236000000,
    "operatingExpenses": 236000000,
    "costAndExpenses": 1096000000,
    "interestIncome": 2000000,
    "interestExpense": 108000000,
    "depreciationAndAmortization": 176000000,
    "ebitda": 467000000,
    "ebitdaratio": 0.3406272794,
    "operatingIncome": 275000000,
    "operatingIncomeRatio": 0.2005835157,
    "totalOtherIncomeExpensesNet": -92000000,
    "incomeBeforeTax": 183000000,
    "incomeBeforeTaxRatio": 0.1334792123,
    "incomeTaxExpense": 58000000,
    "netIncome": 124000000,
    "netIncomeRatio": 0.0904449307,
    "eps": 0.45,
    "epsdiluted": 0.45,
    "weightedAverageShsOut": 278200000,
    "weightedAverageShsOutDil": 279300000,
    "link": "https://www.sec.gov/Archives/edgar/data/811156/000110465916134878/0001104659-16-134878-index.htm",
    "finalLink": "https://www.sec.gov/Archives/edgar/data/201533/000110465916134878/a16-11535_110q.htm"
  },
  {
    "date": "2016-03-31",
    "symbol": "CMS",
    "reportedCurrency": "USD",
    "cik": "0000811156",
    "fillingDate": "2016-04-28",
    "acceptedDate": "2016-04-28 09:32:46",
    "calendarYear": "2016",
    "period": "Q1",
    "revenue": 1801000000,
    "costOfRevenue": 1150000000,
    "grossProfit": 651000000,
    "grossProfitRatio": 0.3614658523,
    "researchAndDevelopmentExpenses": 0,
    "generalAndAdministrativeExpenses": 0,
    "sellingAndMarketingExpenses": 0,
    "sellingGeneralAndAdministrativeExpenses": 0,
    "otherExpenses": 325000000,
    "operatingExpenses": 325000000,
    "costAndExpenses": 1475000000,
    "interestIncome": 1000000,
    "interestExpense": 106000000,
    "depreciationAndAmortization": 238000000,
    "ebitda": 582000000,
    "ebitdaratio": 0.3231538034,
    "operatingIncome": 326000000,
    "operatingIncomeRatio": 0.1810105497,
    "totalOtherIncomeExpensesNet": -88000000,
    "incomeBeforeTax": 238000000,
    "incomeBeforeTaxRatio": 0.1321488062,
    "incomeTaxExpense": 74000000,
    "netIncome": 164000000,
    "netIncomeRatio": 0.0910605219,
    "eps": 0.59,
    "epsdiluted": 0.59,
    "weightedAverageShsOut": 276700000,
    "weightedAverageShsOutDil": 277900000,
    "link": "https://www.sec.gov/Archives/edgar/data/811156/000110465916114973/0001104659-16-114973-index.htm",
    "finalLink": "https://www.sec.gov/Archives/edgar/data/201533/000110465916114973/a16-6613_110q.htm"
  },
  {
    "date": "2015-12-31",
    "symbol": "CMS",
    "reportedCurrency": "USD",
    "cik": "0000811156",
    "fillingDate": "2016-02-11",
    "acceptedDate": "2016-02-11 09:30:53",
    "calendarYear": "2015",
    "period": "Q4",
    "revenue": 1509000000,
    "costOfRevenue": 1016000000,
    "grossProfit": 493000000,
    "grossProfitRatio": 0.3267064281,
    "researchAndDevelopmentExpenses": 0,
    "generalAndAdministrativeExpenses": 0,
    "sellingAndMarketingExpenses": 0,
    "sellingGeneralAndAdministrativeExpenses": 0,
    "otherExpenses": 248000000,
    "operatingExpenses": 248000000,
    "costAndExpenses": 1264000000,
    "interestIncome": 9000000,
    "interestExpense": 91000000,
    "depreciationAndAmortization": 186000000,
    "ebitda": 444000000,
    "ebitdaratio": 0.2942345924,
    "operatingIncome": 245000000,
    "operatingIncomeRatio": 0.1623591783,
    "totalOtherIncomeExpensesNet": -78000000,
    "incomeBeforeTax": 167000000,
    "incomeBeforeTaxRatio": 0.1106693174,
    "incomeTaxExpense": 60000000,
    "netIncome": 106000000,
    "netIncomeRatio": 0.0702451955,
    "eps": 0.39,
    "epsdiluted": 0.38,
    "weightedAverageShsOut": 276000000,
    "weightedAverageShsOutDil": 277000000,
    "link": "https://www.sec.gov/Archives/edgar/data/811156/000110465916095725/0001104659-16-095725-index.htm",
    "finalLink": "https://www.sec.gov/Archives/edgar/data/201533/000110465916095725/a15-23273_110k.htm"
  },
  {
    "date": "2015-09-30",
    "symbol": "CMS",
    "reportedCurrency": "USD",
    "cik": "0000811156",
    "fillingDate": "2015-10-29",
    "acceptedDate": "2015-10-29 10:05:32",
    "calendarYear": "2015",
    "period": "Q3",
    "revenue": 1486000000,
    "costOfRevenue": 937000000,
    "grossProfit": 549000000,
    "grossProfitRatio": 0.369448183,
    "researchAndDevelopmentExpenses": 0,
    "generalAndAdministrativeExpenses": 0,
    "sellingAndMarketingExpenses": 0,
    "sellingGeneralAndAdministrativeExpenses": 0,
    "otherExpenses": 232000000,
    "operatingExpenses": 232000000,
    "costAndExpenses": 1169000000,
    "interestIncome": 1000000,
    "interestExpense": 101000000,
    "depreciationAndAmortization": 173000000,
    "ebitda": 497000000,
    "ebitdaratio": 0.3344549125,
    "operatingIncome": 317000000,
    "operatingIncomeRatio": 0.2133243607,
    "totalOtherIncomeExpensesNet": -94000000,
    "incomeBeforeTax": 223000000,
    "incomeBeforeTaxRatio": 0.1500672948,
    "incomeTaxExpense": 75000000,
    "netIncome": 148000000,
    "netIncomeRatio": 0.0995962315,
    "eps": 0.53,
    "epsdiluted": 0.53,
    "weightedAverageShsOut": 276000000,
    "weightedAverageShsOutDil": 276900000,
    "link": "https://www.sec.gov/Archives/edgar/data/811156/000110465915073939/0001104659-15-073939-index.htm",
    "finalLink": "https://www.sec.gov/Archives/edgar/data/201533/000110465915073939/a15-18002_110q.htm"
  },
  {
    "date": "2015-06-30",
    "symbol": "CMS",
    "reportedCurrency": "USD",
    "cik": "0000811156",
    "fillingDate": "2015-07-23",
    "acceptedDate": "2015-07-23 09:24:59",
    "calendarYear": "2015",
    "period": "Q2",
    "revenue": 1350000000,
    "costOfRevenue": 917000000,
    "grossProfit": 433000000,
    "grossProfitRatio": 0.3207407407,
    "researchAndDevelopmentExpenses": 0,
    "generalAndAdministrativeExpenses": 0,
    "sellingAndMarketingExpenses": 0,
    "sellingGeneralAndAdministrativeExpenses": 0,
    "otherExpenses": 229000000,
    "operatingExpenses": 229000000,
    "costAndExpenses": 1146000000,
    "interestIncome": 1000000,
    "interestExpense": 103000000,
    "depreciationAndAmortization": 169000000,
    "ebitda": 376000000,
    "ebitdaratio": 0.2785185185,
    "operatingIncome": 204000000,
    "operatingIncomeRatio": 0.1511111111,
    "totalOtherIncomeExpensesNet": -100000000,
    "incomeBeforeTax": 104000000,
    "incomeBeforeTaxRatio": 0.077037037,
    "incomeTaxExpense": 36000000,
    "netIncome": 67000000,
    "netIncomeRatio": 0.0496296296,
    "eps": 0.25,
    "epsdiluted": 0.25,
    "weightedAverageShsOut": 275400000,
    "weightedAverageShsOutDil": 276200000,
    "link": "https://www.sec.gov/Archives/edgar/data/811156/000110465915052761/0001104659-15-052761-index.htm",
    "finalLink": "https://www.sec.gov/Archives/edgar/data/201533/000110465915052761/a15-12107_110q.htm"
  },
  {
    "date": "2015-03-31",
    "symbol": "CMS",
    "reportedCurrency": "USD",
    "cik": "0000811156",
    "fillingDate": "2015-04-23",
    "acceptedDate": "2015-04-23 09:37:27",
    "calendarYear": "2015",
    "period": "Q1",
    "revenue": 2111000000,
    "costOfRevenue": 1411000000,
    "grossProfit": 700000000,
    "grossProfitRatio": 0.3315963998,
    "researchAndDevelopmentExpenses": 0,
    "generalAndAdministrativeExpenses": 0,
    "sellingAndMarketingExpenses": 0,
    "sellingGeneralAndAdministrativeExpenses": 0,
    "otherExpenses": 303000000,
    "operatingExpenses": 303000000,
    "costAndExpenses": 1714000000,
    "interestIncome": 1000000,
    "interestExpense": 101000000,
    "depreciationAndAmortization": 222000000,
    "ebitda": 625000000,
    "ebitdaratio": 0.2960682141,
    "operatingIncome": 397000000,
    "operatingIncomeRatio": 0.1880625296,
    "totalOtherIncomeExpensesNet": -95000000,
    "incomeBeforeTax": 302000000,
    "incomeBeforeTaxRatio": 0.1430601611,
    "incomeTaxExpense": 100000000,
    "netIncome": 202000000,
    "netIncomeRatio": 0.0956892468,
    "eps": 0.73,
    "epsdiluted": 0.73,
    "weightedAverageShsOut": 274800000,
    "weightedAverageShsOutDil": 275700000,
    "link": "https://www.sec.gov/Archives/edgar/data/811156/000110465915029577/0001104659-15-029577-index.htm",
    "finalLink": "https://www.sec.gov/Archives/edgar/data/201533/000110465915029577/a15-7888_110q.htm"
  },
  {
    "date": "2014-12-31",
    "symbol": "CMS",
    "reportedCurrency": "USD",
    "cik": "0000811156",
    "fillingDate": "2015-02-05",
    "acceptedDate": "2015-02-05 08:41:56",
    "calendarYear": "2014",
    "period": "Q4",
    "revenue": 1758000000,
    "costOfRevenue": 1239000000,
    "grossProfit": 519000000,
    "grossProfitRatio": 0.295221843,
    "researchAndDevelopmentExpenses": 0,
    "generalAndAdministrativeExpenses": 0,
    "sellingAndMarketingExpenses": 0,
    "sellingGeneralAndAdministrativeExpenses": 0,
    "otherExpenses": 246000000,
    "operatingExpenses": 246000000,
    "costAndExpenses": 1485000000,
    "interestIncome": 3000000,
    "interestExpense": 104000000,
    "depreciationAndAmortization": 182000000,
    "ebitda": 438000000,
    "ebitdaratio": 0.2491467577,
    "operatingIncome": 273000000,
    "operatingIncomeRatio": 0.1552901024,
    "totalOtherIncomeExpensesNet": -121000000,
    "incomeBeforeTax": 152000000,
    "incomeBeforeTaxRatio": 0.0864618885,
    "incomeTaxExpense": 55000000,
    "netIncome": 96000000,
    "netIncomeRatio": 0.0546075085,
    "eps": 0.35,
    "epsdiluted": 0.35,
    "weightedAverageShsOut": 274000000,
    "weightedAverageShsOutDil": 275000000,
    "link": "https://www.sec.gov/Archives/edgar/data/811156/000110465915006843/0001104659-15-006843-index.htm",
    "finalLink": "https://www.sec.gov/Archives/edgar/data/201533/000110465915006843/a15-1932_110k.htm"
  },
  {
    "date": "2014-09-30",
    "symbol": "CMS",
    "reportedCurrency": "USD",
    "cik": "0000811156",
    "fillingDate": "2014-10-23",
    "acceptedDate": "2014-10-23 09:39:04",
    "calendarYear": "2014",
    "period": "Q3",
    "revenue": 1430000000,
    "costOfRevenue": 984000000,
    "grossProfit": 446000000,
    "grossProfitRatio": 0.3118881119,
    "researchAndDevelopmentExpenses": 0,
    "generalAndAdministrativeExpenses": 0,
    "sellingAndMarketingExpenses": 0,
    "sellingGeneralAndAdministrativeExpenses": 0,
    "otherExpenses": 210000000,
    "operatingExpenses": 210000000,
    "costAndExpenses": 1194000000,
    "interestIncome": 1000000,
    "interestExpense": 101000000,
    "depreciationAndAmortization": 153000000,
    "ebitda": 395000000,
    "ebitdaratio": 0.2762237762,
    "operatingIncome": 236000000,
    "operatingIncomeRatio": 0.165034965,
    "totalOtherIncomeExpensesNet": -95000000,
    "incomeBeforeTax": 141000000,
    "incomeBeforeTaxRatio": 0.0986013986,
    "incomeTaxExpense": 47000000,
    "netIncome": 94000000,
    "netIncomeRatio": 0.0657342657,
    "eps": 0.34,
    "epsdiluted": 0.34,
    "weightedAverageShsOut": 274000000,
    "weightedAverageShsOutDil": 275000000,
    "link": "https://www.sec.gov/Archives/edgar/data/811156/000110465914073231/0001104659-14-073231-index.htm",
    "finalLink": "https://www.sec.gov/Archives/edgar/data/201533/000110465914073231/a14-19858_110q.htm"
  },
  {
    "date": "2014-06-30",
    "symbol": "CMS",
    "reportedCurrency": "USD",
    "cik": "0000811156",
    "fillingDate": "2014-07-24",
    "acceptedDate": "2014-07-24 09:51:22",
    "calendarYear": "2014",
    "period": "Q2",
    "revenue": 1468000000,
    "costOfRevenue": 1026000000,
    "grossProfit": 442000000,
    "grossProfitRatio": 0.3010899183,
    "researchAndDevelopmentExpenses": 0,
    "generalAndAdministrativeExpenses": 0,
    "sellingAndMarketingExpenses": 0,
    "sellingGeneralAndAdministrativeExpenses": 0,
    "otherExpenses": 207000000,
    "operatingExpenses": 207000000,
    "costAndExpenses": 1233000000,
    "interestIncome": 1000000,
    "interestExpense": 101000000,
    "depreciationAndAmortization": 151000000,
    "ebitda": 379000000,
    "ebitdaratio": 0.2581743869,
    "operatingIncome": 235000000,
    "operatingIncomeRatio": 0.1600817439,
    "totalOtherIncomeExpensesNet": -108000000,
    "incomeBeforeTax": 127000000,
    "incomeBeforeTaxRatio": 0.0865122616,
    "incomeTaxExpense": 43000000,
    "netIncome": 83000000,
    "netIncomeRatio": 0.0565395095,
    "eps": 0.31,
    "epsdiluted": 0.3,
    "weightedAverageShsOut": 268000000,
    "weightedAverageShsOutDil": 274600000,
    "link": "https://www.sec.gov/Archives/edgar/data/811156/000110465914053168/0001104659-14-053168-index.htm",
    "finalLink": "https://www.sec.gov/Archives/edgar/data/201533/000110465914053168/a14-14150_110q.htm"
  },
  {
    "date": "2014-03-31",
    "symbol": "CMS",
    "reportedCurrency": "USD",
    "cik": "0000811156",
    "fillingDate": "2014-04-24",
    "acceptedDate": "2014-04-24 10:16:01",
    "calendarYear": "2014",
    "period": "Q1",
    "revenue": 2523000000,
    "costOfRevenue": 1841000000,
    "grossProfit": 682000000,
    "grossProfitRatio": 0.2703131193,
    "researchAndDevelopmentExpenses": 0,
    "generalAndAdministrativeExpenses": 0,
    "sellingAndMarketingExpenses": 0,
    "sellingGeneralAndAdministrativeExpenses": 0,
    "otherExpenses": 274000000,
    "operatingExpenses": 274000000,
    "costAndExpenses": 2115000000,
    "interestIncome": 0,
    "interestExpense": 101000000,
    "depreciationAndAmortization": 199000000,
    "ebitda": 609000000,
    "ebitdaratio": 0.2413793103,
    "operatingIncome": 408000000,
    "operatingIncomeRatio": 0.1617122473,
    "totalOtherIncomeExpensesNet": -99000000,
    "incomeBeforeTax": 309000000,
    "incomeBeforeTaxRatio": 0.1224732461,
    "incomeTaxExpense": 105000000,
    "netIncome": 204000000,
    "netIncomeRatio": 0.0808561237,
    "eps": 0.77,
    "epsdiluted": 0.75,
    "weightedAverageShsOut": 266100000,
    "weightedAverageShsOutDil": 273000000,
    "link": "https://www.sec.gov/Archives/edgar/data/811156/000110465914029765/0001104659-14-029765-index.htm",
    "finalLink": "https://www.sec.gov/Archives/edgar/data/201533/000110465914029765/a14-9754_110q.htm"
  },
  {
    "date": "2013-12-31",
    "symbol": "CMS",
    "reportedCurrency": "USD",
    "cik": "0000811156",
    "fillingDate": "2014-02-06",
    "acceptedDate": "2014-02-06 09:01:23",
    "calendarYear": "2013",
    "period": "Q4",
    "revenue": 1736000000,
    "costOfRevenue": 1246000000,
    "grossProfit": 490000000,
    "grossProfitRatio": 0.2822580645,
    "researchAndDevelopmentExpenses": 0,
    "generalAndAdministrativeExpenses": 0,
    "sellingAndMarketingExpenses": 0,
    "sellingGeneralAndAdministrativeExpenses": 0,
    "otherExpenses": 226000000,
    "operatingExpenses": 226000000,
    "costAndExpenses": 1472000000,
    "interestIncome": 0,
    "interestExpense": 99000000,
    "depreciationAndAmortization": 165000000,
    "ebitda": 428000000,
    "ebitdaratio": 0.2465437788,
    "operatingIncome": 264000000,
    "operatingIncomeRatio": 0.1520737327,
    "totalOtherIncomeExpensesNet": -100000000,
    "incomeBeforeTax": 164000000,
    "incomeBeforeTaxRatio": 0.0944700461,
    "incomeTaxExpense": 62000000,
    "netIncome": 102000000,
    "netIncomeRatio": 0.0587557604,
    "eps": 0.38,
    "epsdiluted": 0.37,
    "weightedAverageShsOut": 265000000,
    "weightedAverageShsOutDil": 272000000,
    "link": "https://www.sec.gov/Archives/edgar/data/811156/000110465914006974/0001104659-14-006974-index.htm",
    "finalLink": "https://www.sec.gov/Archives/edgar/data/201533/000110465914006974/a14-1343_210k.htm"
  },
  {
    "date": "2013-09-30",
    "symbol": "CMS",
    "reportedCurrency": "USD",
    "cik": "0000811156",
    "fillingDate": "2013-10-24",
    "acceptedDate": "2013-10-24 15:10:36",
    "calendarYear": "2013",
    "period": "Q3",
    "revenue": 1445000000,
    "costOfRevenue": 929000000,
    "grossProfit": 516000000,
    "grossProfitRatio": 0.3570934256,
    "researchAndDevelopmentExpenses": 0,
    "generalAndAdministrativeExpenses": 0,
    "sellingAndMarketingExpenses": 0,
    "sellingGeneralAndAdministrativeExpenses": 0,
    "otherExpenses": 199000000,
    "operatingExpenses": 199000000,
    "costAndExpenses": 1128000000,
    "interestIncome": 1000000,
    "interestExpense": 99000000,
    "depreciationAndAmortization": 145000000,
    "ebitda": 462000000,
    "ebitdaratio": 0.3197231834,
    "operatingIncome": 317000000,
    "operatingIncomeRatio": 0.2193771626,
    "totalOtherIncomeExpensesNet": -99000000,
    "incomeBeforeTax": 218000000,
    "incomeBeforeTaxRatio": 0.1508650519,
    "incomeTaxExpense": 91000000,
    "netIncome": 126000000,
    "netIncomeRatio": 0.0871972318,
    "eps": 0.48,
    "epsdiluted": 0.46,
    "weightedAverageShsOut": 265000000,
    "weightedAverageShsOutDil": 272000000,
    "link": "https://www.sec.gov/Archives/edgar/data/811156/000110465913077610/0001104659-13-077610-index.htm",
    "finalLink": "https://www.sec.gov/Archives/edgar/data/201533/000110465913077610/a13-19806_110q.htm"
  },
  {
    "date": "2013-06-30",
    "symbol": "CMS",
    "reportedCurrency": "USD",
    "cik": "0000811156",
    "fillingDate": "2013-07-25",
    "acceptedDate": "2013-07-25 09:39:58",
    "calendarYear": "2013",
    "period": "Q2",
    "revenue": 1406000000,
    "costOfRevenue": 987000000,
    "grossProfit": 419000000,
    "grossProfitRatio": 0.2980085349,
    "researchAndDevelopmentExpenses": 0,
    "generalAndAdministrativeExpenses": 0,
    "sellingAndMarketingExpenses": 0,
    "sellingGeneralAndAdministrativeExpenses": 0,
    "otherExpenses": 187000000,
    "operatingExpenses": 187000000,
    "costAndExpenses": 1174000000,
    "interestIncome": 2000000,
    "interestExpense": 102000000,
    "depreciationAndAmortization": 137000000,
    "ebitda": 374000000,
    "ebitdaratio": 0.266002845,
    "operatingIncome": 232000000,
    "operatingIncomeRatio": 0.1650071124,
    "totalOtherIncomeExpensesNet": -97000000,
    "incomeBeforeTax": 135000000,
    "incomeBeforeTaxRatio": 0.0960170697,
    "incomeTaxExpense": 54000000,
    "netIncome": 80000000,
    "netIncomeRatio": 0.0568990043,
    "eps": 0.3,
    "epsdiluted": 0.29,
    "weightedAverageShsOut": 264500000,
    "weightedAverageShsOutDil": 272200000,
    "link": "https://www.sec.gov/Archives/edgar/data/811156/000110465913056511/0001104659-13-056511-index.htm",
    "finalLink": "https://www.sec.gov/Archives/edgar/data/201533/000110465913056511/a13-13976_110q.htm"
  },
  {
    "date": "2013-03-31",
    "symbol": "CMS",
    "reportedCurrency": "USD",
    "cik": "0000811156",
    "fillingDate": "2013-04-25",
    "acceptedDate": "2013-04-25 10:38:44",
    "calendarYear": "2013",
    "period": "Q1",
    "revenue": 1979000000,
    "costOfRevenue": 1399000000,
    "grossProfit": 580000000,
    "grossProfitRatio": 0.2930773118,
    "researchAndDevelopmentExpenses": 0,
    "generalAndAdministrativeExpenses": 0,
    "sellingAndMarketingExpenses": 0,
    "sellingGeneralAndAdministrativeExpenses": 0,
    "otherExpenses": 251000000,
    "operatingExpenses": 251000000,
    "costAndExpenses": 1650000000,
    "interestIncome": 0,
    "interestExpense": 98000000,
    "depreciationAndAmortization": 181000000,
    "ebitda": 518000000,
    "ebitdaratio": 0.2617483578,
    "operatingIncome": 329000000,
    "operatingIncomeRatio": 0.1662455786,
    "totalOtherIncomeExpensesNet": -90000000,
    "incomeBeforeTax": 239000000,
    "incomeBeforeTaxRatio": 0.1207680647,
    "incomeTaxExpense": 95000000,
    "netIncome": 144000000,
    "netIncomeRatio": 0.0727640222,
    "eps": 0.55,
    "epsdiluted": 0.53,
    "weightedAverageShsOut": 263600000,
    "weightedAverageShsOutDil": 270900000,
    "link": "https://www.sec.gov/Archives/edgar/data/811156/000110465913032793/0001104659-13-032793-index.htm",
    "finalLink": "https://www.sec.gov/Archives/edgar/data/201533/000110465913032793/a13-8701_110q.htm"
  },
  {
    "date": "2012-12-31",
    "symbol": "CMS",
    "reportedCurrency": "USD",
    "cik": "0000811156",
    "fillingDate": "2013-02-21",
    "acceptedDate": "2013-02-21 12:46:29",
    "calendarYear": "2012",
    "period": "Q4",
    "revenue": 1670000000,
    "costOfRevenue": 2113000000,
    "grossProfit": -443000000,
    "grossProfitRatio": -0.2652694611,
    "researchAndDevelopmentExpenses": 0,
    "generalAndAdministrativeExpenses": 0,
    "sellingAndMarketingExpenses": 0,
    "sellingGeneralAndAdministrativeExpenses": 0,
    "otherExpenses": -655000000,
    "operatingExpenses": -655000000,
    "costAndExpenses": 1458000000,
    "interestIncome": 2000000,
    "interestExpense": 96000000,
    "depreciationAndAmortization": 158000000,
    "ebitda": 363000000,
    "ebitdaratio": 0.2173652695,
    "operatingIncome": 212000000,
    "operatingIncomeRatio": 0.1269461078,
    "totalOtherIncomeExpensesNet": -103000000,
    "incomeBeforeTax": 109000000,
    "incomeBeforeTaxRatio": 0.0652694611,
    "incomeTaxExpense": 42000000,
    "netIncome": 67000000,
    "netIncomeRatio": 0.0401197605,
    "eps": 0.25,
    "epsdiluted": 0.25,
    "weightedAverageShsOut": 262900000,
    "weightedAverageShsOutDil": 262900000,
    "link": "https://www.sec.gov/Archives/edgar/data/811156/000104746913001373/0001047469-13-001373-index.htm",
    "finalLink": "https://www.sec.gov/Archives/edgar/data/201533/000104746913001373/a2212663z10-k.htm"
  },
  {
    "date": "2012-09-30",
    "symbol": "CMS",
    "reportedCurrency": "USD",
    "cik": "0000811156",
    "fillingDate": "2012-10-25",
    "acceptedDate": "2012-10-25 12:11:08",
    "calendarYear": "2012",
    "period": "Q3",
    "revenue": 1507000000,
    "costOfRevenue": 974000000,
    "grossProfit": 533000000,
    "grossProfitRatio": 0.3536828135,
    "researchAndDevelopmentExpenses": 0,
    "generalAndAdministrativeExpenses": 0,
    "sellingAndMarketingExpenses": 0,
    "sellingGeneralAndAdministrativeExpenses": 0,
    "otherExpenses": 190000000,
    "operatingExpenses": 190000000,
    "costAndExpenses": 1164000000,
    "interestIncome": 1000000,
    "interestExpense": 96000000,
    "depreciationAndAmortization": 138000000,
    "ebitda": 481000000,
    "ebitdaratio": 0.3191771732,
    "operatingIncome": 343000000,
    "operatingIncomeRatio": 0.2276045123,
    "totalOtherIncomeExpensesNet": -96000000,
    "incomeBeforeTax": 247000000,
    "incomeBeforeTaxRatio": 0.1639017916,
    "incomeTaxExpense": 98000000,
    "netIncome": 148000000,
    "netIncomeRatio": 0.098208361,
    "eps": 0.56,
    "epsdiluted": 0.55,
    "weightedAverageShsOut": 262900000,
    "weightedAverageShsOutDil": 269000000,
    "link": "https://www.sec.gov/Archives/edgar/data/811156/000110465912071116/0001104659-12-071116-index.htm",
    "finalLink": "https://www.sec.gov/Archives/edgar/data/201533/000110465912071116/a12-24475_110q.htm"
  },
  {
    "date": "2012-05-30",
    "symbol": "CMS",
    "reportedCurrency": "USD",
    "cik": "0000811156",
    "fillingDate": "2012-07-26",
    "acceptedDate": "2012-07-26 10:31:05",
    "calendarYear": "2012",
    "period": "Q2",
    "revenue": 1333000000,
    "costOfRevenue": 895000000,
    "grossProfit": 438000000,
    "grossProfitRatio": 0.3285821455,
    "researchAndDevelopmentExpenses": 0,
    "generalAndAdministrativeExpenses": 0,
    "sellingAndMarketingExpenses": 0,
    "sellingGeneralAndAdministrativeExpenses": 0,
    "otherExpenses": 178000000,
    "operatingExpenses": 178000000,
    "costAndExpenses": 1073000000,
    "interestIncome": 1000000,
    "interestExpense": 98000000,
    "depreciationAndAmortization": 130000000,
    "ebitda": 396000000,
    "ebitdaratio": 0.2970742686,
    "operatingIncome": 260000000,
    "operatingIncomeRatio": 0.1950487622,
    "totalOtherIncomeExpensesNet": -92000000,
    "incomeBeforeTax": 168000000,
    "incomeBeforeTaxRatio": 0.1260315079,
    "incomeTaxExpense": 67000000,
    "netIncome": 100000000,
    "netIncomeRatio": 0.0750187547,
    "eps": 0.38,
    "epsdiluted": 0.37,
    "weightedAverageShsOut": 261200000,
    "weightedAverageShsOutDil": 268200000,
    "link": "https://www.sec.gov/Archives/edgar/data/811156/000119312512316024/0001193125-12-316024-index.htm",
    "finalLink": "https://www.sec.gov/Archives/edgar/data/201533/000119312512316024/d363458d10q.htm"
  },
  {
    "date": "2012-03-31",
    "symbol": "CMS",
    "reportedCurrency": "USD",
    "cik": "0000811156",
    "fillingDate": "2012-04-26",
    "acceptedDate": "2012-04-26 11:34:37",
    "calendarYear": "2012",
    "period": "Q1",
    "revenue": 1743000000,
    "costOfRevenue": 1314000000,
    "grossProfit": 429000000,
    "grossProfitRatio": 0.2461273666,
    "researchAndDevelopmentExpenses": 0,
    "generalAndAdministrativeExpenses": 0,
    "sellingAndMarketingExpenses": 0,
    "sellingGeneralAndAdministrativeExpenses": 0,
    "otherExpenses": 241000000,
    "operatingExpenses": 241000000,
    "costAndExpenses": 1555000000,
    "interestIncome": 1000000,
    "interestExpense": 99000000,
    "depreciationAndAmortization": 172000000,
    "ebitda": 369000000,
    "ebitdaratio": 0.2117039587,
    "operatingIncome": 188000000,
    "operatingIncomeRatio": 0.1078600115,
    "totalOtherIncomeExpensesNet": -90000000,
    "incomeBeforeTax": 98000000,
    "incomeBeforeTaxRatio": 0.0562248996,
    "incomeTaxExpense": 38000000,
    "netIncome": 67000000,
    "netIncomeRatio": 0.0384394722,
    "eps": 0.23,
    "epsdiluted": 0.22,
    "weightedAverageShsOut": 255600000,
    "weightedAverageShsOutDil": 266800000,
    "link": "https://www.sec.gov/Archives/edgar/data/811156/000119312512184602/0001193125-12-184602-index.htm",
    "finalLink": "https://www.sec.gov/Archives/edgar/data/201533/000119312512184602/d316229d10q.htm"
  },
  {
    "date": "2011-12-31",
    "symbol": "CMS",
    "reportedCurrency": "USD",
    "cik": "0000811156",
    "fillingDate": "2012-02-23",
    "acceptedDate": "2012-02-23 10:03:21",
    "calendarYear": "2011",
    "period": "Q4",
    "revenue": 1620000000,
    "costOfRevenue": 881000000,
    "grossProfit": 739000000,
    "grossProfitRatio": 0.4561728395,
    "researchAndDevelopmentExpenses": 0,
    "generalAndAdministrativeExpenses": 0,
    "sellingAndMarketingExpenses": 0,
    "sellingGeneralAndAdministrativeExpenses": 0,
    "otherExpenses": 565000000,
    "operatingExpenses": 565000000,
    "costAndExpenses": 1446000000,
    "interestIncome": 1000000,
    "interestExpense": 102000000,
    "depreciationAndAmortization": 142000000,
    "ebitda": 308000000,
    "ebitdaratio": 0.1901234568,
    "operatingIncome": 174000000,
    "operatingIncomeRatio": 0.1074074074,
    "totalOtherIncomeExpensesNet": -110000000,
    "incomeBeforeTax": 64000000,
    "incomeBeforeTaxRatio": 0.0395061728,
    "incomeTaxExpense": 23000000,
    "netIncome": 41000000,
    "netIncomeRatio": 0.025308642,
    "eps": 0.16,
    "epsdiluted": 0.16,
    "weightedAverageShsOut": 251700000,
    "weightedAverageShsOutDil": 255600000,
    "link": "https://www.sec.gov/Archives/edgar/data/811156/000119312512074276/0001193125-12-074276-index.htm",
    "finalLink": "https://www.sec.gov/Archives/edgar/data/201533/000119312512074276/d287367d10k.htm"
  },
  {
    "date": "2011-09-30",
    "symbol": "CMS",
    "reportedCurrency": "USD",
    "cik": "0000811156",
    "fillingDate": "2011-10-27",
    "acceptedDate": "2011-10-27 12:33:29",
    "calendarYear": "2011",
    "period": "Q3",
    "revenue": 1464000000,
    "costOfRevenue": 694000000,
    "grossProfit": 770000000,
    "grossProfitRatio": 0.5259562842,
    "researchAndDevelopmentExpenses": 0,
    "generalAndAdministrativeExpenses": 0,
    "sellingAndMarketingExpenses": 0,
    "sellingGeneralAndAdministrativeExpenses": 0,
    "otherExpenses": 454000000,
    "operatingExpenses": 454000000,
    "costAndExpenses": 1148000000,
    "interestIncome": 4000000,
    "interestExpense": 104000000,
    "depreciationAndAmortization": 120000000,
    "ebitda": 445000000,
    "ebitdaratio": 0.3039617486,
    "operatingIncome": 316000000,
    "operatingIncomeRatio": 0.2158469945,
    "totalOtherIncomeExpensesNet": -95000000,
    "incomeBeforeTax": 221000000,
    "incomeBeforeTaxRatio": 0.1509562842,
    "incomeTaxExpense": 81000000,
    "netIncome": 139000000,
    "netIncomeRatio": 0.0949453552,
    "eps": 0.55,
    "epsdiluted": 0.53,
    "weightedAverageShsOut": 251300000,
    "weightedAverageShsOutDil": 263900000,
    "link": "https://www.sec.gov/Archives/edgar/data/811156/000095012311092346/0000950123-11-092346-index.htm",
    "finalLink": "https://www.sec.gov/Archives/edgar/data/201533/000095012311092346/k50726e10vq.htm"
  },
  {
    "date": "2011-06-30",
    "symbol": "CMS",
    "reportedCurrency": "USD",
    "cik": "0000811156",
    "fillingDate": "2011-07-28",
    "acceptedDate": "2011-07-28 12:52:20",
    "calendarYear": "2011",
    "period": "Q2",
    "revenue": 1364000000,
    "costOfRevenue": 696000000,
    "grossProfit": 668000000,
    "grossProfitRatio": 0.4897360704,
    "researchAndDevelopmentExpenses": 0,
    "generalAndAdministrativeExpenses": 0,
    "sellingAndMarketingExpenses": 0,
    "sellingGeneralAndAdministrativeExpenses": 0,
    "otherExpenses": 461000000,
    "operatingExpenses": 461000000,
    "costAndExpenses": 1157000000,
    "interestIncome": 2000000,
    "interestExpense": 104000000,
    "depreciationAndAmortization": 122000000,
    "ebitda": 337000000,
    "ebitdaratio": 0.2470674487,
    "operatingIncome": 207000000,
    "operatingIncomeRatio": 0.1517595308,
    "totalOtherIncomeExpensesNet": -96000000,
    "incomeBeforeTax": 111000000,
    "incomeBeforeTaxRatio": 0.0813782991,
    "incomeTaxExpense": 10000000,
    "netIncome": 100000000,
    "netIncomeRatio": 0.073313783,
    "eps": 0.4,
    "epsdiluted": 0.38,
    "weightedAverageShsOut": 250300000,
    "weightedAverageShsOutDil": 261900000,
    "link": "https://www.sec.gov/Archives/edgar/data/811156/000095012311069403/0000950123-11-069403-index.htm",
    "finalLink": "https://www.sec.gov/Archives/edgar/data/201533/000095012311069403/k50548e10vq.htm"
  },
  {
    "date": "2011-03-31",
    "symbol": "CMS",
    "reportedCurrency": "USD",
    "cik": "0000811156",
    "fillingDate": "2011-04-28",
    "acceptedDate": "2011-04-28 10:59:10",
    "calendarYear": "2011",
    "period": "Q1",
    "revenue": 2055000000,
    "costOfRevenue": 1520000000,
    "grossProfit": 535000000,
    "grossProfitRatio": 0.2603406326,
    "researchAndDevelopmentExpenses": 0,
    "generalAndAdministrativeExpenses": 0,
    "sellingAndMarketingExpenses": 0,
    "sellingGeneralAndAdministrativeExpenses": 0,
    "otherExpenses": 229000000,
    "operatingExpenses": 229000000,
    "costAndExpenses": 1749000000,
    "interestIncome": 2000000,
    "interestExpense": 105000000,
    "depreciationAndAmortization": 162000000,
    "ebitda": 477000000,
    "ebitdaratio": 0.2321167883,
    "operatingIncome": 306000000,
    "operatingIncomeRatio": 0.1489051095,
    "totalOtherIncomeExpensesNet": -96000000,
    "incomeBeforeTax": 210000000,
    "incomeBeforeTaxRatio": 0.102189781,
    "incomeTaxExpense": 77000000,
    "netIncome": 135000000,
    "netIncomeRatio": 0.0656934307,
    "eps": 0.54,
    "epsdiluted": 0.52,
    "weightedAverageShsOut": 250000000,
    "weightedAverageShsOutDil": 261700000,
    "link": "https://www.sec.gov/Archives/edgar/data/811156/000095012311040663/0000950123-11-040663-index.htm",
    "finalLink": "https://www.sec.gov/Archives/edgar/data/201533/000095012311040663/k50315e10vq.htm"
  },
  {
    "date": "2010-12-31",
    "symbol": "CMS",
    "reportedCurrency": "USD",
    "cik": "0000811156",
    "fillingDate": "2011-02-24",
    "acceptedDate": "2011-02-24 17:21:57",
    "calendarYear": "2010",
    "period": "Q4",
    "revenue": 1682000000,
    "costOfRevenue": 968000000,
    "grossProfit": 714000000,
    "grossProfitRatio": 0.4244946492,
    "researchAndDevelopmentExpenses": 0,
    "generalAndAdministrativeExpenses": 0,
    "sellingAndMarketingExpenses": 0,
    "sellingGeneralAndAdministrativeExpenses": 0,
    "otherExpenses": 556000000,
    "operatingExpenses": 556000000,
    "costAndExpenses": 1524000000,
    "interestIncome": 5000000,
    "interestExpense": 107000000,
    "depreciationAndAmortization": 140000000,
    "ebitda": 295000000,
    "ebitdaratio": 0.1753864447,
    "operatingIncome": 158000000,
    "operatingIncomeRatio": 0.0939357907,
    "totalOtherIncomeExpensesNet": -110000000,
    "incomeBeforeTax": 48000000,
    "incomeBeforeTaxRatio": 0.0285374554,
    "incomeTaxExpense": 17000000,
    "netIncome": 25000000,
    "netIncomeRatio": 0.014863258,
    "eps": 0.1,
    "epsdiluted": 0.1,
    "weightedAverageShsOut": 240800000,
    "weightedAverageShsOutDil": 250000000,
    "link": "https://www.sec.gov/Archives/edgar/data/811156/000095012311017966/0000950123-11-017966-index.htm",
    "finalLink": "https://www.sec.gov/Archives/edgar/data/201533/000095012311017966/k50057e10vk.htm"
  },
  {
    "date": "2010-09-30",
    "symbol": "CMS",
    "reportedCurrency": "USD",
    "cik": "0000811156",
    "fillingDate": "2010-10-28",
    "acceptedDate": "2010-10-28 13:47:21",
    "calendarYear": "2010",
    "period": "Q3",
    "revenue": 1443000000,
    "costOfRevenue": 671000000,
    "grossProfit": 772000000,
    "grossProfitRatio": 0.534996535,
    "researchAndDevelopmentExpenses": 0,
    "generalAndAdministrativeExpenses": 0,
    "sellingAndMarketingExpenses": 0,
    "sellingGeneralAndAdministrativeExpenses": 0,
    "otherExpenses": 453000000,
    "operatingExpenses": 453000000,
    "costAndExpenses": 1124000000,
    "interestIncome": 5000000,
    "interestExpense": 102000000,
    "depreciationAndAmortization": 133000000,
    "ebitda": 468000000,
    "ebitdaratio": 0.3243243243,
    "operatingIncome": 319000000,
    "operatingIncomeRatio": 0.2210672211,
    "totalOtherIncomeExpensesNet": -86000000,
    "incomeBeforeTax": 233000000,
    "incomeBeforeTaxRatio": 0.1614691615,
    "incomeTaxExpense": 87000000,
    "netIncome": 145000000,
    "netIncomeRatio": 0.1004851005,
    "eps": 0.63,
    "epsdiluted": 0.57,
    "weightedAverageShsOut": 229000000,
    "weightedAverageShsOutDil": 254700000,
    "link": "https://www.sec.gov/Archives/edgar/data/811156/000095012310097298/0000950123-10-097298-index.htm",
    "finalLink": "https://www.sec.gov/Archives/edgar/data/201533/000095012310097298/k49721e10vq.htm"
  },
  {
    "date": "2010-06-30",
    "symbol": "CMS",
    "reportedCurrency": "USD",
    "cik": "0000811156",
    "fillingDate": "2010-07-28",
    "acceptedDate": "2010-07-28 13:55:06",
    "calendarYear": "2010",
    "period": "Q2",
    "revenue": 1340000000,
    "costOfRevenue": 664000000,
    "grossProfit": 676000000,
    "grossProfitRatio": 0.5044776119,
    "researchAndDevelopmentExpenses": 0,
    "generalAndAdministrativeExpenses": 0,
    "sellingAndMarketingExpenses": 0,
    "sellingGeneralAndAdministrativeExpenses": 0,
    "otherExpenses": 414000000,
    "operatingExpenses": 414000000,
    "costAndExpenses": 1078000000,
    "interestIncome": 4000000,
    "interestExpense": 117000000,
    "depreciationAndAmortization": 131000000,
    "ebitda": 407000000,
    "ebitdaratio": 0.3037313433,
    "operatingIncome": 262000000,
    "operatingIncomeRatio": 0.1955223881,
    "totalOtherIncomeExpensesNet": -103000000,
    "incomeBeforeTax": 159000000,
    "incomeBeforeTaxRatio": 0.1186567164,
    "incomeTaxExpense": 59000000,
    "netIncome": 82000000,
    "netIncomeRatio": 0.0611940299,
    "eps": 0.35,
    "epsdiluted": 0.32,
    "weightedAverageShsOut": 228200000,
    "weightedAverageShsOutDil": 247600000,
    "link": "https://www.sec.gov/Archives/edgar/data/811156/000095012310068962/0000950123-10-068962-index.htm",
    "finalLink": "https://www.sec.gov/Archives/edgar/data/201533/000095012310068962/k49436e10vq.htm"
  },
  {
    "date": "2010-03-31",
    "symbol": "CMS",
    "reportedCurrency": "USD",
    "cik": "0000811156",
    "fillingDate": "2010-04-23",
    "acceptedDate": "2010-04-23 12:38:45",
    "calendarYear": "2010",
    "period": "Q1",
    "revenue": 1967000000,
    "costOfRevenue": 1215000000,
    "grossProfit": 752000000,
    "grossProfitRatio": 0.3823080834,
    "researchAndDevelopmentExpenses": 0,
    "generalAndAdministrativeExpenses": 0,
    "sellingAndMarketingExpenses": 0,
    "sellingGeneralAndAdministrativeExpenses": 0,
    "otherExpenses": 513000000,
    "operatingExpenses": 513000000,
    "costAndExpenses": 1728000000,
    "interestIncome": 5000000,
    "interestExpense": 105000000,
    "depreciationAndAmortization": 172000000,
    "ebitda": 427000000,
    "ebitdaratio": 0.2170818505,
    "operatingIncome": 239000000,
    "operatingIncomeRatio": 0.1215048297,
    "totalOtherIncomeExpensesNet": -89000000,
    "incomeBeforeTax": 150000000,
    "incomeBeforeTaxRatio": 0.0762582613,
    "incomeTaxExpense": 61000000,
    "netIncome": 88000000,
    "netIncomeRatio": 0.04473818,
    "eps": 0.37,
    "epsdiluted": 0.34,
    "weightedAverageShsOut": 229729730,
    "weightedAverageShsOutDil": 250000000,
    "link": "https://www.sec.gov/Archives/edgar/data/811156/000095012310037511/0000950123-10-037511-index.htm",
    "finalLink": "https://www.sec.gov/Archives/edgar/data/201533/000095012310037511/k49097e10vq.htm"
  },
  {
    "date": "2009-12-31",
    "symbol": "CMS",
    "reportedCurrency": "USD",
    "cik": "0000811156",
    "fillingDate": "2010-03-01",
    "acceptedDate": "2010-02-26 18:41:11",
    "calendarYear": "2009",
    "period": "Q4",
    "revenue": 1597000000,
    "costOfRevenue": 994000000,
    "grossProfit": 603000000,
    "grossProfitRatio": 0.3775829681,
    "researchAndDevelopmentExpenses": 0,
    "generalAndAdministrativeExpenses": 0,
    "sellingAndMarketingExpenses": 0,
    "sellingGeneralAndAdministrativeExpenses": 0,
    "otherExpenses": 492000000,
    "operatingExpenses": 492000000,
    "costAndExpenses": 1486000000,
    "interestIncome": 7000000,
    "interestExpense": 128000000,
    "depreciationAndAmortization": 148000000,
    "ebitda": 279000000,
    "ebitdaratio": 0.1747025673,
    "operatingIncome": 111000000,
    "operatingIncomeRatio": 0.0695053225,
    "totalOtherIncomeExpensesNet": -108000000,
    "incomeBeforeTax": 3000000,
    "incomeBeforeTaxRatio": 0.0018785222,
    "incomeTaxExpense": -13000000,
    "netIncome": 5000000,
    "netIncomeRatio": 0.0031308704,
    "eps": 0.0218,
    "epsdiluted": 0.0218,
    "weightedAverageShsOut": 227800000,
    "weightedAverageShsOutDil": 229729730,
    "link": "https://www.sec.gov/Archives/edgar/data/811156/000095012310018474/0000950123-10-018474-index.htm",
    "finalLink": "https://www.sec.gov/Archives/edgar/data/201533/000095012310018474/k48861e10vk.htm"
  },
  {
    "date": "2009-09-30",
    "symbol": "CMS",
    "reportedCurrency": "USD",
    "cik": "0000811156",
    "fillingDate": "2009-10-30",
    "acceptedDate": "2009-10-30 13:42:59",
    "calendarYear": "2009",
    "period": "Q3",
    "revenue": 1263000000,
    "costOfRevenue": 581000000,
    "grossProfit": 682000000,
    "grossProfitRatio": 0.5399841647,
    "researchAndDevelopmentExpenses": 0,
    "generalAndAdministrativeExpenses": 0,
    "sellingAndMarketingExpenses": 0,
    "sellingGeneralAndAdministrativeExpenses": 0,
    "otherExpenses": 452000000,
    "operatingExpenses": 452000000,
    "costAndExpenses": 1033000000,
    "interestIncome": 5000000,
    "interestExpense": 103000000,
    "depreciationAndAmortization": 128000000,
    "ebitda": 354000000,
    "ebitdaratio": 0.2802850356,
    "operatingIncome": 230000000,
    "operatingIncomeRatio": 0.1821060966,
    "totalOtherIncomeExpensesNet": -107000000,
    "incomeBeforeTax": 123000000,
    "incomeBeforeTaxRatio": 0.0973871734,
    "incomeTaxExpense": 47000000,
    "netIncome": 69000000,
    "netIncomeRatio": 0.054631829,
    "eps": 0.32,
    "epsdiluted": 0.31,
    "weightedAverageShsOut": 228125000,
    "weightedAverageShsOutDil": 235483871,
    "link": "https://www.sec.gov/Archives/edgar/data/811156/000095012309055427/0000950123-09-055427-index.htm",
    "finalLink": "https://www.sec.gov/Archives/edgar/data/201533/000095012309055427/k48293e10vq.htm"
  },
  {
    "date": "2009-06-30",
    "symbol": "CMS",
    "reportedCurrency": "USD",
    "cik": "0000811156",
    "fillingDate": "2009-07-30",
    "acceptedDate": "2009-07-30 15:54:08",
    "calendarYear": "2009",
    "period": "Q2",
    "revenue": 1225000000,
    "costOfRevenue": 608000000,
    "grossProfit": 617000000,
    "grossProfitRatio": 0.5036734694,
    "researchAndDevelopmentExpenses": 0,
    "generalAndAdministrativeExpenses": 0,
    "sellingAndMarketingExpenses": 0,
    "sellingGeneralAndAdministrativeExpenses": 0,
    "otherExpenses": 467000000,
    "operatingExpenses": 467000000,
    "costAndExpenses": 1075000000,
    "interestIncome": 4000000,
    "interestExpense": 98000000,
    "depreciationAndAmortization": 121000000,
    "ebitda": 306000000,
    "ebitdaratio": 0.2497959184,
    "operatingIncome": 150000000,
    "operatingIncomeRatio": 0.1224489796,
    "totalOtherIncomeExpensesNet": -63000000,
    "incomeBeforeTax": 87000000,
    "incomeBeforeTaxRatio": 0.0710204082,
    "incomeTaxExpense": 32000000,
    "netIncome": 78000000,
    "netIncomeRatio": 0.0636734694,
    "eps": 0.33,
    "epsdiluted": 0.32,
    "weightedAverageShsOut": 227000000,
    "weightedAverageShsOutDil": 235000000,
    "link": "https://www.sec.gov/Archives/edgar/data/811156/000095012309027644/0000950123-09-027644-index.htm",
    "finalLink": "https://www.sec.gov/Archives/edgar/data/201533/000095012309027644/k48068e10vq.htm"
  },
  {
    "date": "2009-03-31",
    "symbol": "CMS",
    "reportedCurrency": "USD",
    "cik": "0000811156",
    "fillingDate": "2009-04-30",
    "acceptedDate": "2009-04-30 16:29:28",
    "calendarYear": "2009",
    "period": "Q1",
    "revenue": 2104000000,
    "costOfRevenue": 1387000000,
    "grossProfit": 717000000,
    "grossProfitRatio": 0.3407794677,
    "researchAndDevelopmentExpenses": 0,
    "generalAndAdministrativeExpenses": 0,
    "sellingAndMarketingExpenses": 0,
    "sellingGeneralAndAdministrativeExpenses": 0,
    "otherExpenses": 508000000,
    "operatingExpenses": 508000000,
    "costAndExpenses": 1895000000,
    "interestIncome": 4000000,
    "interestExpense": 100000000,
    "depreciationAndAmortization": 173000000,
    "ebitda": 398000000,
    "ebitdaratio": 0.1891634981,
    "operatingIncome": 209000000,
    "operatingIncomeRatio": 0.0993346008,
    "totalOtherIncomeExpensesNet": -84000000,
    "incomeBeforeTax": 125000000,
    "incomeBeforeTaxRatio": 0.0594106464,
    "incomeTaxExpense": 50000000,
    "netIncome": 73000000,
    "netIncomeRatio": 0.0346958175,
    "eps": 0.31,
    "epsdiluted": 0.3,
    "weightedAverageShsOut": 226600000,
    "weightedAverageShsOutDil": 233200000,
    "link": "https://www.sec.gov/Archives/edgar/data/811156/000095015209004476/0000950152-09-004476-index.htm",
    "finalLink": "https://www.sec.gov/Archives/edgar/data/201533/000095015209004476/k47738e10vq.htm"
  },
  {
    "date": "2008-12-31",
    "symbol": "CMS",
    "reportedCurrency": "USD",
    "cik": "0000811156",
    "fillingDate": "2009-02-25",
    "acceptedDate": "2009-02-25 17:31:23",
    "calendarYear": "2008",
    "period": "Q4",
    "revenue": 1844000000,
    "costOfRevenue": 2716000000,
    "grossProfit": -872000000,
    "grossProfitRatio": -0.4728850325,
    "researchAndDevelopmentExpenses": 0,
    "generalAndAdministrativeExpenses": 0,
    "sellingAndMarketingExpenses": 0,
    "sellingGeneralAndAdministrativeExpenses": 0,
    "otherExpenses": -1049000000,
    "operatingExpenses": -1049000000,
    "costAndExpenses": 1667000000,
    "interestIncome": 0,
    "interestExpense": 0,
    "depreciationAndAmortization": 125000000,
    "ebitda": 330000000,
    "ebitdaratio": 0.1789587852,
    "operatingIncome": 177000000,
    "operatingIncomeRatio": 0.0959869848,
    "totalOtherIncomeExpensesNet": -97000000,
    "incomeBeforeTax": 80000000,
    "incomeBeforeTaxRatio": 0.0433839479,
    "incomeTaxExpense": 16000000,
    "netIncome": 64000000,
    "netIncomeRatio": 0.0347071584,
    "eps": 0.28,
    "epsdiluted": 0.28,
    "weightedAverageShsOut": 226600000,
    "weightedAverageShsOutDil": 226600000,
    "link": "https://www.sec.gov/Archives/edgar/data/811156/000095015209001765/0000950152-09-001765-index.htm",
    "finalLink": "https://www.sec.gov/Archives/edgar/data/201533/000095015209001765/k47328e10vk.htm"
  },
  {
    "date": "2008-09-30",
    "symbol": "CMS",
    "reportedCurrency": "USD",
    "cik": "0000811156",
    "fillingDate": "2008-11-05",
    "acceptedDate": "2008-11-05 17:17:13",
    "calendarYear": "2008",
    "period": "Q3",
    "revenue": 1428000000,
    "costOfRevenue": 579000000,
    "grossProfit": 849000000,
    "grossProfitRatio": 0.5945378151,
    "researchAndDevelopmentExpenses": 0,
    "generalAndAdministrativeExpenses": 0,
    "sellingAndMarketingExpenses": 0,
    "sellingGeneralAndAdministrativeExpenses": 0,
    "otherExpenses": 642000000,
    "operatingExpenses": 642000000,
    "costAndExpenses": 1221000000,
    "interestIncome": 0,
    "interestExpense": 0,
    "depreciationAndAmortization": 163000000,
    "ebitda": 370000000,
    "ebitdaratio": 0.2591036415,
    "operatingIncome": 207000000,
    "operatingIncomeRatio": 0.1449579832,
    "totalOtherIncomeExpensesNet": -90000000,
    "incomeBeforeTax": 117000000,
    "incomeBeforeTaxRatio": 0.0819327731,
    "incomeTaxExpense": 37000000,
    "netIncome": 81000000,
    "netIncomeRatio": 0.0567226891,
    "eps": 0.36,
    "epsdiluted": 0.34,
    "weightedAverageShsOut": 224100000,
    "weightedAverageShsOutDil": 234300000,
    "link": "https://www.sec.gov/Archives/edgar/data/811156/000095015208008758/0000950152-08-008758-index.htm",
    "finalLink": "https://www.sec.gov/Archives/edgar/data/201533/000095015208008758/k46871e10vq.htm"
  },
  {
    "date": "2008-06-30",
    "symbol": "CMS",
    "reportedCurrency": "USD",
    "cik": "0000811156",
    "fillingDate": "2008-08-05",
    "acceptedDate": "2008-08-05 15:52:16",
    "calendarYear": "2008",
    "period": "Q2",
    "revenue": 1365000000,
    "costOfRevenue": 783000000,
    "grossProfit": 582000000,
    "grossProfitRatio": 0.4263736264,
    "researchAndDevelopmentExpenses": 0,
    "generalAndAdministrativeExpenses": 0,
    "sellingAndMarketingExpenses": 0,
    "sellingGeneralAndAdministrativeExpenses": 0,
    "otherExpenses": 426000000,
    "operatingExpenses": 426000000,
    "costAndExpenses": 1209000000,
    "interestIncome": 9000000,
    "interestExpense": 97000000,
    "depreciationAndAmortization": 128000000,
    "ebitda": 298000000,
    "ebitdaratio": 0.2183150183,
    "operatingIncome": 156000000,
    "operatingIncomeRatio": 0.1142857143,
    "totalOtherIncomeExpensesNet": -83000000,
    "incomeBeforeTax": 73000000,
    "incomeBeforeTaxRatio": 0.0534798535,
    "incomeTaxExpense": 24000000,
    "netIncome": 47000000,
    "netIncomeRatio": 0.0344322344,
    "eps": 0.2,
    "epsdiluted": 0.18,
    "weightedAverageShsOut": 225400000,
    "weightedAverageShsOutDil": 240600000,
    "link": "https://www.sec.gov/Archives/edgar/data/811156/000095015208006025/0000950152-08-006025-index.htm",
    "finalLink": "https://www.sec.gov/Archives/edgar/data/201533/000095015208006025/k33879e10vq.htm"
  },
  {
    "date": "2008-03-31",
    "symbol": "CMS",
    "reportedCurrency": "USD",
    "cik": "0000811156",
    "fillingDate": "2008-05-05",
    "acceptedDate": "2008-05-05 17:25:05",
    "calendarYear": "2008",
    "period": "Q1",
    "revenue": 2184000000,
    "costOfRevenue": 1469000000,
    "grossProfit": 715000000,
    "grossProfitRatio": 0.3273809524,
    "researchAndDevelopmentExpenses": 0,
    "generalAndAdministrativeExpenses": 0,
    "sellingAndMarketingExpenses": 0,
    "sellingGeneralAndAdministrativeExpenses": 0,
    "otherExpenses": 462000000,
    "operatingExpenses": 462000000,
    "costAndExpenses": 1931000000,
    "interestIncome": 9000000,
    "interestExpense": 101000000,
    "depreciationAndAmortization": 173000000,
    "ebitda": 445000000,
    "ebitdaratio": 0.2037545788,
    "operatingIncome": 253000000,
    "operatingIncomeRatio": 0.1158424908,
    "totalOtherIncomeExpensesNet": -82000000,
    "incomeBeforeTax": 171000000,
    "incomeBeforeTaxRatio": 0.0782967033,
    "incomeTaxExpense": 63000000,
    "netIncome": 105000000,
    "netIncomeRatio": 0.0480769231,
    "eps": 0.45,
    "epsdiluted": 0.43,
    "weightedAverageShsOut": 225200000,
    "weightedAverageShsOutDil": 237600000,
    "link": "https://www.sec.gov/Archives/edgar/data/811156/000095012408002236/0000950124-08-002236-index.htm",
    "finalLink": "https://www.sec.gov/Archives/edgar/data/201533/000095012408002236/k26025e10vq.htm"
  },
  {
    "date": "2007-12-31",
    "symbol": "CMS",
    "reportedCurrency": "USD",
    "cik": "0000811156",
    "fillingDate": "2008-02-21",
    "acceptedDate": "2008-02-21 17:21:38",
    "calendarYear": "2007",
    "period": "Q4",
    "revenue": 1674000000,
    "costOfRevenue": 2697000000,
    "grossProfit": -1023000000,
    "grossProfitRatio": -0.6111111111,
    "researchAndDevelopmentExpenses": 0,
    "generalAndAdministrativeExpenses": 0,
    "sellingAndMarketingExpenses": 0,
    "sellingGeneralAndAdministrativeExpenses": 0,
    "otherExpenses": -792000000,
    "operatingExpenses": -792000000,
    "costAndExpenses": 1905000000,
    "interestIncome": 0,
    "interestExpense": 0,
    "depreciationAndAmortization": 97000000,
    "ebitda": -93000000,
    "ebitdaratio": -0.0555555556,
    "operatingIncome": -231000000,
    "operatingIncomeRatio": -0.1379928315,
    "totalOtherIncomeExpensesNet": -28000000,
    "incomeBeforeTax": -259000000,
    "incomeBeforeTaxRatio": -0.1547192354,
    "incomeTaxExpense": -137000000,
    "netIncome": -124000000,
    "netIncomeRatio": -0.0740740741,
    "eps": -0.56,
    "epsdiluted": -0.55,
    "weightedAverageShsOut": 222996078,
    "weightedAverageShsOutDil": 223913043,
    "link": "https://www.sec.gov/Archives/edgar/data/811156/000095012408000749/0000950124-08-000749-index.htm",
    "finalLink": "https://www.sec.gov/Archives/edgar/data/201533/000095012408000749/k23633e10vk.htm"
  },
  {
    "date": "2007-09-30",
    "symbol": "CMS",
    "reportedCurrency": "USD",
    "cik": "0000811156",
    "fillingDate": "2007-11-01",
    "acceptedDate": "2007-11-01 17:03:08",
    "calendarYear": "2007",
    "period": "Q3",
    "revenue": 1282000000,
    "costOfRevenue": 548000000,
    "grossProfit": 734000000,
    "grossProfitRatio": 0.5725429017,
    "researchAndDevelopmentExpenses": 0,
    "generalAndAdministrativeExpenses": 0,
    "sellingAndMarketingExpenses": 0,
    "sellingGeneralAndAdministrativeExpenses": 0,
    "otherExpenses": 540000000,
    "operatingExpenses": 540000000,
    "costAndExpenses": 1088000000,
    "interestIncome": 0,
    "interestExpense": 0,
    "depreciationAndAmortization": 138000000,
    "ebitda": 332000000,
    "ebitdaratio": 0.2589703588,
    "operatingIncome": 194000000,
    "operatingIncomeRatio": 0.151326053,
    "totalOtherIncomeExpensesNet": -64000000,
    "incomeBeforeTax": 130000000,
    "incomeBeforeTaxRatio": 0.1014040562,
    "incomeTaxExpense": 46000000,
    "netIncome": 84000000,
    "netIncomeRatio": 0.0655226209,
    "eps": 0.37,
    "epsdiluted": 0.34,
    "weightedAverageShsOut": 223000000,
    "weightedAverageShsOutDil": 241300000,
    "link": "https://www.sec.gov/Archives/edgar/data/811156/000095012407005517/0000950124-07-005517-index.htm",
    "finalLink": "https://www.sec.gov/Archives/edgar/data/201533/000095012407005517/k21037e10vq.htm"
  },
  {
    "date": "2007-06-30",
    "symbol": "CMS",
    "reportedCurrency": "USD",
    "cik": "0000811156",
    "fillingDate": "2007-08-02",
    "acceptedDate": "2007-08-02 17:20:41",
    "calendarYear": "2007",
    "period": "Q2",
    "revenue": 1319000000,
    "costOfRevenue": 472000000,
    "grossProfit": 847000000,
    "grossProfitRatio": 0.6421531463,
    "researchAndDevelopmentExpenses": 0,
    "generalAndAdministrativeExpenses": 0,
    "sellingAndMarketingExpenses": 0,
    "sellingGeneralAndAdministrativeExpenses": 0,
    "otherExpenses": 843000000,
    "operatingExpenses": 843000000,
    "costAndExpenses": 1315000000,
    "interestIncome": 0,
    "interestExpense": 0,
    "depreciationAndAmortization": 138000000,
    "ebitda": 142000000,
    "ebitdaratio": 0.1076573161,
    "operatingIncome": 4000000,
    "operatingIncomeRatio": 0.0030326005,
    "totalOtherIncomeExpensesNet": -88000000,
    "incomeBeforeTax": -84000000,
    "incomeBeforeTaxRatio": -0.0636846096,
    "incomeTaxExpense": -29000000,
    "netIncome": 36000000,
    "netIncomeRatio": 0.0272934041,
    "eps": 0.15,
    "epsdiluted": 0.15,
    "weightedAverageShsOut": 220000000,
    "weightedAverageShsOutDil": 220000000,
    "link": "https://www.sec.gov/Archives/edgar/data/811156/000095012407003948/0000950124-07-003948-index.htm",
    "finalLink": "https://www.sec.gov/Archives/edgar/data/201533/000095012407003948/k17233e10vq.htm"
  },
  {
    "date": "2007-03-31",
    "symbol": "CMS",
    "reportedCurrency": "USD",
    "cik": "0000811156",
    "fillingDate": "2007-05-03",
    "acceptedDate": "2007-05-03 17:21:27",
    "calendarYear": "2007",
    "period": "Q1",
    "revenue": 2189000000,
    "costOfRevenue": 440000000,
    "grossProfit": 1749000000,
    "grossProfitRatio": 0.7989949749,
    "researchAndDevelopmentExpenses": 0,
    "generalAndAdministrativeExpenses": 0,
    "sellingAndMarketingExpenses": 0,
    "sellingGeneralAndAdministrativeExpenses": 0,
    "otherExpenses": 1796000000,
    "operatingExpenses": 1796000000,
    "costAndExpenses": 2236000000,
    "interestIncome": 0,
    "interestExpense": 0,
    "depreciationAndAmortization": 172000000,
    "ebitda": 125000000,
    "ebitdaratio": 0.0571037003,
    "operatingIncome": -47000000,
    "operatingIncomeRatio": -0.0214709913,
    "totalOtherIncomeExpensesNet": -61000000,
    "incomeBeforeTax": -108000000,
    "incomeBeforeTaxRatio": -0.0493375971,
    "incomeTaxExpense": -75000000,
    "netIncome": -211000000,
    "netIncomeRatio": -0.0963910461,
    "eps": -0.96,
    "epsdiluted": -0.96,
    "weightedAverageShsOut": 220618557,
    "weightedAverageShsOutDil": 220618557,
    "link": "https://www.sec.gov/Archives/edgar/data/811156/000095012407002670/0000950124-07-002670-index.htm",
    "finalLink": "https://www.sec.gov/Archives/edgar/data/201533/000095012407002670/k14761e10vq.txt"
  },
  {
    "date": "2006-12-31",
    "symbol": "CMS",
    "reportedCurrency": "USD",
    "cik": "0000811156",
    "fillingDate": "2007-02-23",
    "acceptedDate": "2007-02-23 17:21:35",
    "calendarYear": "2006",
    "period": "Q4",
    "revenue": 1920000000,
    "costOfRevenue": 2573000000,
    "grossProfit": -653000000,
    "grossProfitRatio": -0.3401041667,
    "researchAndDevelopmentExpenses": 0,
    "generalAndAdministrativeExpenses": 0,
    "sellingAndMarketingExpenses": 0,
    "sellingGeneralAndAdministrativeExpenses": 0,
    "otherExpenses": -506000000,
    "operatingExpenses": -506000000,
    "costAndExpenses": 2067000000,
    "interestIncome": 0,
    "interestExpense": 0,
    "depreciationAndAmortization": 158000000,
    "ebitda": 11000000,
    "ebitdaratio": 0.0057291667,
    "operatingIncome": -147000000,
    "operatingIncomeRatio": -0.0765625,
    "totalOtherIncomeExpensesNet": 83000000,
    "incomeBeforeTax": -64000000,
    "incomeBeforeTaxRatio": -0.0333333333,
    "incomeTaxExpense": -33000000,
    "netIncome": -29000000,
    "netIncomeRatio": -0.0151041667,
    "eps": -0.13,
    "epsdiluted": -0.13,
    "weightedAverageShsOut": 220618557,
    "weightedAverageShsOutDil": 220618557,
    "link": "https://www.sec.gov/Archives/edgar/data/811156/000095012407001061/0000950124-07-001061-index.htm",
    "finalLink": "https://www.sec.gov/Archives/edgar/data/201533/000095012407001061/k12475e10vk.txt"
  },
  {
    "date": "2006-09-30",
    "symbol": "CMS",
    "reportedCurrency": "USD",
    "cik": "0000811156",
    "fillingDate": "2006-11-02",
    "acceptedDate": "2006-11-02 16:52:41",
    "calendarYear": "2006",
    "period": "Q3",
    "revenue": 1288000000,
    "costOfRevenue": 457000000,
    "grossProfit": 831000000,
    "grossProfitRatio": 0.6451863354,
    "researchAndDevelopmentExpenses": 0,
    "generalAndAdministrativeExpenses": 0,
    "sellingAndMarketingExpenses": 0,
    "sellingGeneralAndAdministrativeExpenses": 0,
    "otherExpenses": 877000000,
    "operatingExpenses": 877000000,
    "costAndExpenses": 1334000000,
    "interestIncome": 0,
    "interestExpense": 0,
    "depreciationAndAmortization": 106000000,
    "ebitda": 78000000,
    "ebitdaratio": 0.0605590062,
    "operatingIncome": -46000000,
    "operatingIncomeRatio": -0.0357142857,
    "totalOtherIncomeExpensesNet": -107000000,
    "incomeBeforeTax": -153000000,
    "incomeBeforeTaxRatio": -0.1187888199,
    "incomeTaxExpense": -41000000,
    "netIncome": -101000000,
    "netIncomeRatio": -0.0784161491,
    "eps": -0.46,
    "epsdiluted": -0.46,
    "weightedAverageShsOut": 219148936,
    "weightedAverageShsOutDil": 219148936,
    "link": "https://www.sec.gov/Archives/edgar/data/811156/000095012406006386/0000950124-06-006386-index.htm",
    "finalLink": "https://www.sec.gov/Archives/edgar/data/201533/000095012406006386/k09522e10vq.txt"
  },
  {
    "date": "2006-06-30",
    "symbol": "CMS",
    "reportedCurrency": "USD",
    "cik": "0000811156",
    "fillingDate": "2006-08-04",
    "acceptedDate": "2006-08-04 15:33:12",
    "calendarYear": "2006",
    "period": "Q2",
    "revenue": 1219000000,
    "costOfRevenue": 374000000,
    "grossProfit": 845000000,
    "grossProfitRatio": 0.6931911403,
    "researchAndDevelopmentExpenses": 0,
    "generalAndAdministrativeExpenses": 0,
    "sellingAndMarketingExpenses": 0,
    "sellingGeneralAndAdministrativeExpenses": 0,
    "otherExpenses": 784000000,
    "operatingExpenses": 784000000,
    "costAndExpenses": 1158000000,
    "interestIncome": 0,
    "interestExpense": 0,
    "depreciationAndAmortization": 139000000,
    "ebitda": 200000000,
    "ebitdaratio": 0.1640689089,
    "operatingIncome": 61000000,
    "operatingIncomeRatio": 0.0500410172,
    "totalOtherIncomeExpensesNet": -78000000,
    "incomeBeforeTax": -17000000,
    "incomeBeforeTaxRatio": -0.0139458573,
    "incomeTaxExpense": -80000000,
    "netIncome": 75000000,
    "netIncomeRatio": 0.0615258409,
    "eps": 0.33,
    "epsdiluted": 0.31,
    "weightedAverageShsOut": 218181818,
    "weightedAverageShsOutDil": 232258065,
    "link": "https://www.sec.gov/Archives/edgar/data/811156/000095012406004182/0000950124-06-004182-index.htm",
    "finalLink": "https://www.sec.gov/Archives/edgar/data/201533/000095012406004182/k06781e10vq.txt"
  },
  {
    "date": "2006-03-31",
    "symbol": "CMS",
    "reportedCurrency": "USD",
    "cik": "0000811156",
    "fillingDate": "2006-05-03",
    "acceptedDate": "2006-05-03 17:12:52",
    "calendarYear": "2006",
    "period": "Q1",
    "revenue": 1973000000,
    "costOfRevenue": 472000000,
    "grossProfit": 1501000000,
    "grossProfitRatio": 0.7607704004,
    "researchAndDevelopmentExpenses": 0,
    "generalAndAdministrativeExpenses": 0,
    "sellingAndMarketingExpenses": 0,
    "sellingGeneralAndAdministrativeExpenses": 0,
    "otherExpenses": 1520000000,
    "operatingExpenses": 1520000000,
    "costAndExpenses": 1992000000,
    "interestIncome": 0,
    "interestExpense": 0,
    "depreciationAndAmortization": 173000000,
    "ebitda": 154000000,
    "ebitdaratio": 0.0780537253,
    "operatingIncome": -19000000,
    "operatingIncomeRatio": -0.0096300051,
    "totalOtherIncomeExpensesNet": -41000000,
    "incomeBeforeTax": -60000000,
    "incomeBeforeTaxRatio": -0.0304105423,
    "incomeTaxExpense": -28000000,
    "netIncome": -24000000,
    "netIncomeRatio": -0.0121642169,
    "eps": -0.11,
    "epsdiluted": -0.11,
    "weightedAverageShsOut": 225000000,
    "weightedAverageShsOutDil": 225000000,
    "link": "https://www.sec.gov/Archives/edgar/data/811156/000095012406002450/0000950124-06-002450-index.htm",
    "finalLink": "https://www.sec.gov/Archives/edgar/data/201533/000095012406002450/k04805e10vq.txt"
  },
  {
    "date": "2005-12-31",
    "symbol": "CMS",
    "reportedCurrency": "USD",
    "cik": "0000811156",
    "fillingDate": "2006-02-24",
    "acceptedDate": "2006-02-24 17:21:32",
    "calendarYear": "2005",
    "period": "Q4",
    "revenue": 1867000000,
    "costOfRevenue": 57000000,
    "grossProfit": 1810000000,
    "grossProfitRatio": 0.9694697375,
    "researchAndDevelopmentExpenses": 0,
    "generalAndAdministrativeExpenses": 0,
    "sellingAndMarketingExpenses": 0,
    "sellingGeneralAndAdministrativeExpenses": 0,
    "otherExpenses": 1855000000,
    "operatingExpenses": 1855000000,
    "costAndExpenses": 1912000000,
    "interestIncome": 0,
    "interestExpense": 0,
    "depreciationAndAmortization": 126000000,
    "ebitda": 81000000,
    "ebitdaratio": 0.0433851098,
    "operatingIncome": -45000000,
    "operatingIncomeRatio": -0.0241028388,
    "totalOtherIncomeExpensesNet": -24000000,
    "incomeBeforeTax": -69000000,
    "incomeBeforeTaxRatio": -0.0369576861,
    "incomeTaxExpense": -52000000,
    "netIncome": -3000000,
    "netIncomeRatio": -0.0016068559,
    "eps": -0.0133,
    "epsdiluted": -0.0133,
    "weightedAverageShsOut": 225000000,
    "weightedAverageShsOutDil": 225000000,
    "link": "https://www.sec.gov/Archives/edgar/data/811156/000095012406000851/0000950124-06-000851-index.htm",
    "finalLink": "https://www.sec.gov/Archives/edgar/data/201533/000095012406000851/k02628e10vk.txt"
  },
  {
    "date": "2005-09-30",
    "symbol": "CMS",
    "reportedCurrency": "USD",
    "cik": "0000811156",
    "fillingDate": "2005-11-01",
    "acceptedDate": "2005-11-01 17:10:00",
    "calendarYear": "2005",
    "period": "Q3",
    "revenue": 1335000000,
    "costOfRevenue": 446000000,
    "grossProfit": 889000000,
    "grossProfitRatio": 0.665917603,
    "researchAndDevelopmentExpenses": 0,
    "generalAndAdministrativeExpenses": 0,
    "sellingAndMarketingExpenses": 0,
    "sellingGeneralAndAdministrativeExpenses": 0,
    "otherExpenses": 1733000000,
    "operatingExpenses": 1733000000,
    "costAndExpenses": 2179000000,
    "interestIncome": 0,
    "interestExpense": 0,
    "depreciationAndAmortization": 121000000,
    "ebitda": -723000000,
    "ebitdaratio": -0.5415730337,
    "operatingIncome": -844000000,
    "operatingIncomeRatio": -0.6322097378,
    "totalOtherIncomeExpensesNet": 416000000,
    "incomeBeforeTax": -428000000,
    "incomeBeforeTaxRatio": -0.3205992509,
    "incomeTaxExpense": -165000000,
    "netIncome": -263000000,
    "netIncomeRatio": -0.1970037453,
    "eps": -1.2,
    "epsdiluted": -1.2,
    "weightedAverageShsOut": 219008264,
    "weightedAverageShsOutDil": 219008264,
    "link": "https://www.sec.gov/Archives/edgar/data/811156/000095012405006063/0000950124-05-006063-index.htm",
    "finalLink": "https://www.sec.gov/Archives/edgar/data/201533/000095012405006063/k99325e10vq.txt"
  },
  {
    "date": "2005-06-30",
    "symbol": "CMS",
    "reportedCurrency": "USD",
    "cik": "0000811156",
    "fillingDate": "2005-08-04",
    "acceptedDate": "2005-08-04 15:44:01",
    "calendarYear": "2005",
    "period": "Q2",
    "revenue": 1230000000,
    "costOfRevenue": 319000000,
    "grossProfit": 911000000,
    "grossProfitRatio": 0.7406504065,
    "researchAndDevelopmentExpenses": 0,
    "generalAndAdministrativeExpenses": 0,
    "sellingAndMarketingExpenses": 0,
    "sellingGeneralAndAdministrativeExpenses": 0,
    "otherExpenses": 842000000,
    "operatingExpenses": 842000000,
    "costAndExpenses": 1161000000,
    "interestIncome": 0,
    "interestExpense": 0,
    "depreciationAndAmortization": 122000000,
    "ebitda": 191000000,
    "ebitdaratio": 0.1552845528,
    "operatingIncome": 69000000,
    "operatingIncomeRatio": 0.056097561,
    "totalOtherIncomeExpensesNet": -64000000,
    "incomeBeforeTax": 5000000,
    "incomeBeforeTaxRatio": 0.0040650407,
    "incomeTaxExpense": -25000000,
    "netIncome": 30000000,
    "netIncomeRatio": 0.0243902439,
    "eps": 0.12,
    "epsdiluted": 0.12,
    "weightedAverageShsOut": 225000000,
    "weightedAverageShsOutDil": 225000000,
    "link": "https://www.sec.gov/Archives/edgar/data/811156/000095012405004682/0000950124-05-004682-index.htm",
    "finalLink": "https://www.sec.gov/Archives/edgar/data/201533/000095012405004682/k97012e10vq.txt"
  },
  {
    "date": "2005-03-31",
    "symbol": "CMS",
    "reportedCurrency": "USD",
    "cik": "0000811156",
    "fillingDate": "2005-05-05",
    "acceptedDate": "2005-05-05 15:03:30",
    "calendarYear": "2005",
    "period": "Q1",
    "revenue": 1845000000,
    "costOfRevenue": 63000000,
    "grossProfit": 1782000000,
    "grossProfitRatio": 0.9658536585,
    "researchAndDevelopmentExpenses": 0,
    "generalAndAdministrativeExpenses": 0,
    "sellingAndMarketingExpenses": 0,
    "sellingGeneralAndAdministrativeExpenses": 0,
    "otherExpenses": 1362000000,
    "operatingExpenses": 1362000000,
    "costAndExpenses": 1425000000,
    "interestIncome": 0,
    "interestExpense": 0,
    "depreciationAndAmortization": 156000000,
    "ebitda": 576000000,
    "ebitdaratio": 0.312195122,
    "operatingIncome": 420000000,
    "operatingIncomeRatio": 0.2276422764,
    "totalOtherIncomeExpensesNet": -194000000,
    "incomeBeforeTax": 226000000,
    "incomeBeforeTaxRatio": 0.1224932249,
    "incomeTaxExpense": 74000000,
    "netIncome": 152000000,
    "netIncomeRatio": 0.0823848238,
    "eps": 0.77,
    "epsdiluted": 0.74,
    "weightedAverageShsOut": 194805195,
    "weightedAverageShsOutDil": 202702703,
    "link": "https://www.sec.gov/Archives/edgar/data/811156/000095012405003006/0000950124-05-003006-index.htm",
    "finalLink": "https://www.sec.gov/Archives/edgar/data/201533/000095012405003006/k94753e10vq.txt"
  },
  {
    "date": "2004-12-31",
    "symbol": "CMS",
    "reportedCurrency": "USD",
    "cik": "0000811156",
    "fillingDate": "2005-03-10",
    "acceptedDate": "2005-03-10 16:08:04",
    "calendarYear": "2004",
    "period": "Q4",
    "revenue": 1562000000,
    "costOfRevenue": -857000000,
    "grossProfit": 2419000000,
    "grossProfitRatio": 1.5486555698,
    "researchAndDevelopmentExpenses": 0,
    "generalAndAdministrativeExpenses": 0,
    "sellingAndMarketingExpenses": 0,
    "sellingGeneralAndAdministrativeExpenses": 0,
    "otherExpenses": 2201000000,
    "operatingExpenses": 2201000000,
    "costAndExpenses": 1344000000,
    "interestIncome": 0,
    "interestExpense": 0,
    "depreciationAndAmortization": 65000000,
    "ebitda": 283000000,
    "ebitdaratio": 0.181177977,
    "operatingIncome": 218000000,
    "operatingIncomeRatio": 0.1395646607,
    "totalOtherIncomeExpensesNet": -172000000,
    "incomeBeforeTax": 46000000,
    "incomeBeforeTaxRatio": 0.0294494238,
    "incomeTaxExpense": -13000000,
    "netIncome": 47000000,
    "netIncomeRatio": 0.0300896287,
    "eps": 0.24,
    "epsdiluted": 0.24,
    "weightedAverageShsOut": 192307692,
    "weightedAverageShsOutDil": 194805195,
    "link": "https://www.sec.gov/Archives/edgar/data/811156/000095012405001425/0000950124-05-001425-index.htm",
    "finalLink": "https://www.sec.gov/Archives/edgar/data/201533/000095012405001425/k91832e10vk.txt"
  },
  {
    "date": "2004-09-30",
    "symbol": "CMS",
    "reportedCurrency": "USD",
    "cik": "0000811156",
    "fillingDate": "2004-11-04",
    "acceptedDate": "2004-11-04 16:55:51",
    "calendarYear": "2004",
    "period": "Q3",
    "revenue": 1063000000,
    "costOfRevenue": 315000000,
    "grossProfit": 748000000,
    "grossProfitRatio": 0.7036688617,
    "researchAndDevelopmentExpenses": 0,
    "generalAndAdministrativeExpenses": 0,
    "sellingAndMarketingExpenses": 0,
    "sellingGeneralAndAdministrativeExpenses": 0,
    "otherExpenses": 608000000,
    "operatingExpenses": 608000000,
    "costAndExpenses": 923000000,
    "interestIncome": 0,
    "interestExpense": 0,
    "depreciationAndAmortization": 114000000,
    "ebitda": 254000000,
    "ebitdaratio": 0.2389463782,
    "operatingIncome": 140000000,
    "operatingIncomeRatio": 0.1317027281,
    "totalOtherIncomeExpensesNet": -71000000,
    "incomeBeforeTax": 69000000,
    "incomeBeforeTaxRatio": 0.0649106303,
    "incomeTaxExpense": 18000000,
    "netIncome": 59000000,
    "netIncomeRatio": 0.0555032926,
    "eps": 0.35,
    "epsdiluted": 0.34,
    "weightedAverageShsOut": 160000000,
    "weightedAverageShsOutDil": 164705882,
    "link": "https://www.sec.gov/Archives/edgar/data/811156/000095012404005323/0000950124-04-005323-index.htm",
    "finalLink": "https://www.sec.gov/Archives/edgar/data/201533/000095012404005323/k88652e10vq.txt"
  },
  {
    "date": "2004-06-30",
    "symbol": "CMS",
    "reportedCurrency": "USD",
    "cik": "0000811156",
    "fillingDate": "2004-08-06",
    "acceptedDate": "2004-08-06 17:24:47",
    "calendarYear": "2004",
    "period": "Q2",
    "revenue": 1093000000,
    "costOfRevenue": 264000000,
    "grossProfit": 829000000,
    "grossProfitRatio": 0.758462946,
    "researchAndDevelopmentExpenses": 0,
    "generalAndAdministrativeExpenses": 0,
    "sellingAndMarketingExpenses": 0,
    "sellingGeneralAndAdministrativeExpenses": 0,
    "otherExpenses": 722000000,
    "operatingExpenses": 722000000,
    "costAndExpenses": 986000000,
    "interestIncome": 0,
    "interestExpense": 0,
    "depreciationAndAmortization": 108000000,
    "ebitda": 215000000,
    "ebitdaratio": 0.1967063129,
    "operatingIncome": 107000000,
    "operatingIncomeRatio": 0.0978956999,
    "totalOtherIncomeExpensesNet": -95000000,
    "incomeBeforeTax": 12000000,
    "incomeBeforeTaxRatio": 0.010978957,
    "incomeTaxExpense": -7000000,
    "netIncome": 19000000,
    "netIncomeRatio": 0.0173833486,
    "eps": 0.1,
    "epsdiluted": 0.1,
    "weightedAverageShsOut": 160000000,
    "weightedAverageShsOutDil": 160000000,
    "link": "https://www.sec.gov/Archives/edgar/data/811156/000095012404003655/0000950124-04-003655-index.htm",
    "finalLink": "https://www.sec.gov/Archives/edgar/data/201533/000095012404003655/k87244e10vq.txt"
  },
  {
    "date": "2004-03-31",
    "symbol": "CMS",
    "reportedCurrency": "USD",
    "cik": "0000811156",
    "fillingDate": "2004-05-07",
    "acceptedDate": "2004-05-07 16:03:45",
    "calendarYear": "2004",
    "period": "Q1",
    "revenue": 1754000000,
    "costOfRevenue": 249000000,
    "grossProfit": 1505000000,
    "grossProfitRatio": 0.8580387685,
    "researchAndDevelopmentExpenses": 0,
    "generalAndAdministrativeExpenses": 0,
    "sellingAndMarketingExpenses": 0,
    "sellingGeneralAndAdministrativeExpenses": 0,
    "otherExpenses": 1379000000,
    "operatingExpenses": 1379000000,
    "costAndExpenses": 1628000000,
    "interestIncome": 0,
    "interestExpense": 0,
    "depreciationAndAmortization": 144000000,
    "ebitda": 270000000,
    "ebitdaratio": 0.1539338655,
    "operatingIncome": 126000000,
    "operatingIncomeRatio": 0.0718358039,
    "totalOtherIncomeExpensesNet": -131000000,
    "incomeBeforeTax": -5000000,
    "incomeBeforeTaxRatio": -0.0028506271,
    "incomeTaxExpense": -3000000,
    "netIncome": -6000000,
    "netIncomeRatio": -0.0034207526,
    "eps": -0.0733,
    "epsdiluted": -0.0733,
    "weightedAverageShsOut": 150000000,
    "weightedAverageShsOutDil": 150000000,
    "link": "https://www.sec.gov/Archives/edgar/data/811156/000095012404002141/0000950124-04-002141-index.htm",
    "finalLink": "https://www.sec.gov/Archives/edgar/data/201533/000095012404002141/k85072e10vq.txt"
  },
  {
    "date": "2003-12-31",
    "symbol": "CMS",
    "reportedCurrency": "USD",
    "cik": "0000811156",
    "fillingDate": "2004-07-21",
    "acceptedDate": "2004-07-21 15:42:53",
    "calendarYear": "2003",
    "period": "Q4",
    "revenue": 1454000000,
    "costOfRevenue": -1040000000,
    "grossProfit": 2494000000,
    "grossProfitRatio": 1.7152682256,
    "researchAndDevelopmentExpenses": 0,
    "generalAndAdministrativeExpenses": 0,
    "sellingAndMarketingExpenses": 0,
    "sellingGeneralAndAdministrativeExpenses": 0,
    "otherExpenses": 2493000000,
    "operatingExpenses": 2493000000,
    "costAndExpenses": 1453000000,
    "interestIncome": 0,
    "interestExpense": 0,
    "depreciationAndAmortization": 123000000,
    "ebitda": 129000000,
    "ebitdaratio": 0.0887207703,
    "operatingIncome": 1000000,
    "operatingIncomeRatio": 0.0006877579,
    "totalOtherIncomeExpensesNet": -81000000,
    "incomeBeforeTax": -80000000,
    "incomeBeforeTaxRatio": -0.0550206327,
    "incomeTaxExpense": 0,
    "netIncome": -1000000,
    "netIncomeRatio": -0.0006877579,
    "eps": -0.0064,
    "epsdiluted": -0.0064,
    "weightedAverageShsOut": 157142857,
    "weightedAverageShsOutDil": 157142857,
    "link": "https://www.sec.gov/Archives/edgar/data/811156/000095012404003315/0000950124-04-003315-index.htm",
    "finalLink": "https://www.sec.gov/Archives/edgar/data/201533/000095012404003315/k86383e10vkza.txt"
  },
  {
    "date": "2003-09-30",
    "symbol": "CMS",
    "reportedCurrency": "USD",
    "cik": "0000811156",
    "fillingDate": "2003-11-12",
    "acceptedDate": "2003-11-12 06:19:06",
    "calendarYear": "2003",
    "period": "Q3",
    "revenue": 1047000000,
    "costOfRevenue": 523000000,
    "grossProfit": 524000000,
    "grossProfitRatio": 0.5004775549,
    "researchAndDevelopmentExpenses": 0,
    "generalAndAdministrativeExpenses": 0,
    "sellingAndMarketingExpenses": 0,
    "sellingGeneralAndAdministrativeExpenses": 0,
    "otherExpenses": 474000000,
    "operatingExpenses": 474000000,
    "costAndExpenses": 997000000,
    "interestIncome": 0,
    "interestExpense": 0,
    "depreciationAndAmortization": 90000000,
    "ebitda": 140000000,
    "ebitdaratio": 0.1337153773,
    "operatingIncome": 50000000,
    "operatingIncomeRatio": 0.0477554919,
    "totalOtherIncomeExpensesNet": -146000000,
    "incomeBeforeTax": -96000000,
    "incomeBeforeTaxRatio": -0.0916905444,
    "incomeTaxExpense": -25000000,
    "netIncome": -69000000,
    "netIncomeRatio": -0.0659025788,
    "eps": -0.51,
    "epsdiluted": -0.51,
    "weightedAverageShsOut": 150000000,
    "weightedAverageShsOutDil": 150000000,
    "link": "https://www.sec.gov/Archives/edgar/data/811156/000095012403003536/0000950124-03-003536-index.htm",
    "finalLink": "https://www.sec.gov/Archives/edgar/data/201533/000095012403003536/k80589e10vq.txt"
  },
  {
    "date": "2003-06-30",
    "symbol": "CMS",
    "reportedCurrency": "USD",
    "cik": "0000811156",
    "fillingDate": "2003-08-14",
    "acceptedDate": "2003-08-14 17:27:34",
    "calendarYear": "2003",
    "period": "Q2",
    "revenue": 1126000000,
    "costOfRevenue": 324000000,
    "grossProfit": 802000000,
    "grossProfitRatio": 0.7122557726,
    "researchAndDevelopmentExpenses": 0,
    "generalAndAdministrativeExpenses": 0,
    "sellingAndMarketingExpenses": 0,
    "sellingGeneralAndAdministrativeExpenses": 0,
    "otherExpenses": 676000000,
    "operatingExpenses": 676000000,
    "costAndExpenses": 1000000000,
    "interestIncome": 0,
    "interestExpense": 0,
    "depreciationAndAmortization": 90000000,
    "ebitda": 216000000,
    "ebitdaratio": 0.1918294849,
    "operatingIncome": 126000000,
    "operatingIncomeRatio": 0.1119005329,
    "totalOtherIncomeExpensesNet": -104000000,
    "incomeBeforeTax": 22000000,
    "incomeBeforeTaxRatio": 0.0195381883,
    "incomeTaxExpense": 34000000,
    "netIncome": -65000000,
    "netIncomeRatio": -0.0577264654,
    "eps": -0.31,
    "epsdiluted": -0.31,
    "weightedAverageShsOut": 144444444,
    "weightedAverageShsOutDil": 144444444,
    "link": "https://www.sec.gov/Archives/edgar/data/811156/000095013703004382/0000950137-03-004382-index.htm",
    "finalLink": "https://www.sec.gov/Archives/edgar/data/201533/000095013703004382/k78992e10vq.txt"
  },
  {
    "date": "2003-03-31",
    "symbol": "CMS",
    "reportedCurrency": "USD",
    "cik": "0000811156",
    "fillingDate": "2003-05-14",
    "acceptedDate": "2003-05-14 15:56:29",
    "calendarYear": "2003",
    "period": "Q1",
    "revenue": 1968000000,
    "costOfRevenue": 483000000,
    "grossProfit": 1485000000,
    "grossProfitRatio": 0.7545731707,
    "researchAndDevelopmentExpenses": 0,
    "generalAndAdministrativeExpenses": 0,
    "sellingAndMarketingExpenses": 0,
    "sellingGeneralAndAdministrativeExpenses": 0,
    "otherExpenses": 1296000000,
    "operatingExpenses": 1296000000,
    "costAndExpenses": 1779000000,
    "interestIncome": 0,
    "interestExpense": 0,
    "depreciationAndAmortization": 128000000,
    "ebitda": 317000000,
    "ebitdaratio": 0.1610772358,
    "operatingIncome": 189000000,
    "operatingIncomeRatio": 0.0960365854,
    "totalOtherIncomeExpensesNet": -75000000,
    "incomeBeforeTax": 114000000,
    "incomeBeforeTaxRatio": 0.0579268293,
    "incomeTaxExpense": 39000000,
    "netIncome": 82000000,
    "netIncomeRatio": 0.0416666667,
    "eps": 0.57,
    "epsdiluted": 0.52,
    "weightedAverageShsOut": 143859649,
    "weightedAverageShsOutDil": 157692308,
    "link": "https://www.sec.gov/Archives/edgar/data/811156/000095012403001752/0000950124-03-001752-index.htm",
    "finalLink": "https://www.sec.gov/Archives/edgar/data/76063/000095012403001752/k76722e10vq.txt"
  },
  {
    "date": "2002-12-31",
    "symbol": "CMS",
    "reportedCurrency": "USD",
    "cik": "0000811156",
    "fillingDate": "2003-03-31",
    "acceptedDate": "2003-03-31 17:25:11",
    "calendarYear": "2002",
    "period": "Q4",
    "revenue": 4402000000,
    "costOfRevenue": 2536000000,
    "grossProfit": 1866000000,
    "grossProfitRatio": 0.4238982281,
    "researchAndDevelopmentExpenses": 0,
    "generalAndAdministrativeExpenses": 0,
    "sellingAndMarketingExpenses": 0,
    "sellingGeneralAndAdministrativeExpenses": 0,
    "otherExpenses": 2498000000,
    "operatingExpenses": 2498000000,
    "costAndExpenses": 5034000000,
    "interestIncome": 0,
    "interestExpense": 0,
    "depreciationAndAmortization": 169000000,
    "ebitda": -463000000,
    "ebitdaratio": -0.1051794639,
    "operatingIncome": -632000000,
    "operatingIncomeRatio": -0.143571104,
    "totalOtherIncomeExpensesNet": -86000000,
    "incomeBeforeTax": -718000000,
    "incomeBeforeTaxRatio": -0.1631076783,
    "incomeTaxExpense": -134000000,
    "netIncome": -974000000,
    "netIncomeRatio": -0.2212630622,
    "eps": -6.78,
    "epsdiluted": -6.78,
    "weightedAverageShsOut": 143636364,
    "weightedAverageShsOutDil": 143636364,
    "link": "https://www.sec.gov/Archives/edgar/data/811156/000095012403001055/0000950124-03-001055-index.htm",
    "finalLink": "https://www.sec.gov/Archives/edgar/data/811156/000095012403001055/k74289e10vk.txt"
  },
  {
    "date": "2002-09-30",
    "symbol": "CMS",
    "reportedCurrency": "USD",
    "cik": "0000811156",
    "fillingDate": "2003-07-23",
    "acceptedDate": "2003-07-23 17:31:03",
    "calendarYear": "2002",
    "period": "Q3",
    "revenue": 2534000000,
    "costOfRevenue": 1954000000,
    "grossProfit": 580000000,
    "grossProfitRatio": 0.228887135,
    "researchAndDevelopmentExpenses": 0,
    "generalAndAdministrativeExpenses": 0,
    "sellingAndMarketingExpenses": 0,
    "sellingGeneralAndAdministrativeExpenses": 0,
    "otherExpenses": 431000000,
    "operatingExpenses": 431000000,
    "costAndExpenses": 2385000000,
    "interestIncome": 0,
    "interestExpense": 0,
    "depreciationAndAmortization": 116000000,
    "ebitda": 265000000,
    "ebitdaratio": 0.1045777427,
    "operatingIncome": 149000000,
    "operatingIncomeRatio": 0.0588003157,
    "totalOtherIncomeExpensesNet": -84000000,
    "incomeBeforeTax": 65000000,
    "incomeBeforeTaxRatio": 0.0256511444,
    "incomeTaxExpense": 54000000,
    "netIncome": 37000000,
    "netIncomeRatio": 0.0146014207,
    "eps": 0.26,
    "epsdiluted": 0.26,
    "weightedAverageShsOut": 142307692,
    "weightedAverageShsOutDil": 142307692,
    "link": "https://www.sec.gov/Archives/edgar/data/811156/000095012403002416/0000950124-03-002416-index.htm",
    "finalLink": "https://www.sec.gov/Archives/edgar/data/811156/000095012403002416/k78296ae10vqza.txt"
  },
  {
    "date": "2002-06-30",
    "symbol": "CMS",
    "reportedCurrency": "USD",
    "cik": "0000811156",
    "fillingDate": "2002-08-14",
    "acceptedDate": "2002-08-14 18:25:42",
    "calendarYear": "2002",
    "period": "Q2",
    "revenue": 2135000000,
    "costOfRevenue": 875000000,
    "grossProfit": 1260000000,
    "grossProfitRatio": 0.5901639344,
    "researchAndDevelopmentExpenses": 0,
    "generalAndAdministrativeExpenses": 0,
    "sellingAndMarketingExpenses": 0,
    "sellingGeneralAndAdministrativeExpenses": 0,
    "otherExpenses": 1108000000,
    "operatingExpenses": 1108000000,
    "costAndExpenses": 1983000000,
    "interestIncome": 0,
    "interestExpense": 0,
    "depreciationAndAmortization": 78000000,
    "ebitda": 238000000,
    "ebitdaratio": 0.1114754098,
    "operatingIncome": 152000000,
    "operatingIncomeRatio": 0.0711943794,
    "totalOtherIncomeExpensesNet": -110000000,
    "incomeBeforeTax": 42000000,
    "incomeBeforeTaxRatio": 0.0196721311,
    "incomeTaxExpense": 6000000,
    "netIncome": -74000000,
    "netIncomeRatio": -0.0346604215,
    "eps": -0.56,
    "epsdiluted": -0.56,
    "weightedAverageShsOut": 134700000,
    "weightedAverageShsOutDil": 134700000,
    "link": "https://www.sec.gov/Archives/edgar/data/811156/000095012402002792/0000950124-02-002792-index.htm",
    "finalLink": "https://www.sec.gov/Archives/edgar/data/76063/000095012402002792/k71197e10vq.txt"
  },
  {
    "date": "2002-03-31",
    "symbol": "CMS",
    "reportedCurrency": "USD",
    "cik": "0000811156",
    "fillingDate": "2002-05-15",
    "acceptedDate": "2002-05-15 17:15:28",
    "calendarYear": "2002",
    "period": "Q1",
    "revenue": 2263000000,
    "costOfRevenue": 692000000,
    "grossProfit": 1571000000,
    "grossProfitRatio": 0.694211224,
    "researchAndDevelopmentExpenses": 0,
    "generalAndAdministrativeExpenses": 0,
    "sellingAndMarketingExpenses": 0,
    "sellingGeneralAndAdministrativeExpenses": 0,
    "otherExpenses": 1296000000,
    "operatingExpenses": 1296000000,
    "costAndExpenses": 1988000000,
    "interestIncome": 0,
    "interestExpense": 0,
    "depreciationAndAmortization": 140000000,
    "ebitda": 415000000,
    "ebitdaratio": 0.1833848873,
    "operatingIncome": 275000000,
    "operatingIncomeRatio": 0.1215201061,
    "totalOtherIncomeExpensesNet": -114000000,
    "incomeBeforeTax": 161000000,
    "incomeBeforeTaxRatio": 0.0711444985,
    "incomeTaxExpense": 68000000,
    "netIncome": 42000000,
    "netIncomeRatio": 0.0185594344,
    "eps": 0.32,
    "epsdiluted": 0.32,
    "weightedAverageShsOut": 133300000,
    "weightedAverageShsOutDil": 137500000,
    "link": "https://www.sec.gov/Archives/edgar/data/811156/000095012402001862/0000950124-02-001862-index.htm",
    "finalLink": "https://www.sec.gov/Archives/edgar/data/76063/000095012402001862/k69554e10-q.txt"
  },
  {
    "date": "2001-12-31",
    "symbol": "CMS",
    "reportedCurrency": "USD",
    "cik": "0000811156",
    "fillingDate": "2002-03-29",
    "acceptedDate": "2002-03-29 00:00:00",
    "calendarYear": "2001",
    "period": "Q4",
    "revenue": -1875000000,
    "costOfRevenue": -6016000000,
    "grossProfit": 4141000000,
    "grossProfitRatio": -2.2085333333,
    "researchAndDevelopmentExpenses": 0,
    "generalAndAdministrativeExpenses": 0,
    "sellingAndMarketingExpenses": 0,
    "sellingGeneralAndAdministrativeExpenses": 0,
    "otherExpenses": 4022000000,
    "operatingExpenses": 4022000000,
    "costAndExpenses": -1994000000,
    "interestIncome": 0,
    "interestExpense": 0,
    "depreciationAndAmortization": 136000000,
    "ebitda": 261000000,
    "ebitdaratio": -0.1392,
    "operatingIncome": 119000000,
    "operatingIncomeRatio": -0.0634666667,
    "totalOtherIncomeExpensesNet": -193000000,
    "incomeBeforeTax": -74000000,
    "incomeBeforeTaxRatio": 0.0394666667,
    "incomeTaxExpense": 35000000,
    "netIncome": -138000000,
    "netIncomeRatio": 0.0736,
    "eps": -1.06,
    "epsdiluted": -1.04,
    "weightedAverageShsOut": 130000000,
    "weightedAverageShsOutDil": 133000000,
    "link": "https://www.sec.gov/Archives/edgar/data/811156/000095012402001143/0000950124-02-001143-index.htm",
    "finalLink": "https://www.sec.gov/Archives/edgar/data/76063/000095012402001143/k67879e10-k.txt"
  },
  {
    "date": "2001-09-30",
    "symbol": "CMS",
    "reportedCurrency": "USD",
    "cik": "0000811156",
    "fillingDate": "2001-11-14",
    "acceptedDate": "2001-11-14 00:00:00",
    "calendarYear": "2001",
    "period": "Q3",
    "revenue": 1333000000,
    "costOfRevenue": 440000000,
    "grossProfit": 893000000,
    "grossProfitRatio": 0.6699174794,
    "researchAndDevelopmentExpenses": 0,
    "generalAndAdministrativeExpenses": 0,
    "sellingAndMarketingExpenses": 0,
    "sellingGeneralAndAdministrativeExpenses": 0,
    "otherExpenses": 1273000000,
    "operatingExpenses": 1273000000,
    "costAndExpenses": 1713000000,
    "interestIncome": 0,
    "interestExpense": 0,
    "depreciationAndAmortization": 101000000,
    "ebitda": -267000000,
    "ebitdaratio": -0.200300075,
    "operatingIncome": -380000000,
    "operatingIncomeRatio": -0.2850712678,
    "totalOtherIncomeExpensesNet": -167000000,
    "incomeBeforeTax": -547000000,
    "incomeBeforeTaxRatio": -0.4103525881,
    "incomeTaxExpense": -184000000,
    "netIncome": -569000000,
    "netIncomeRatio": -0.4268567142,
    "eps": -4.28,
    "epsdiluted": -4.28,
    "weightedAverageShsOut": 133000000,
    "weightedAverageShsOutDil": 133000000,
    "link": "https://www.sec.gov/Archives/edgar/data/811156/000095012401504082/0000950124-01-504082-index.htm",
    "finalLink": "https://www.sec.gov/Archives/edgar/data/76063/000095012401504082/k65602e10-q.txt"
  },
  {
    "date": "2001-06-30",
    "symbol": "CMS",
    "reportedCurrency": "USD",
    "cik": "0000811156",
    "fillingDate": "2001-08-14",
    "acceptedDate": "2001-08-14 00:00:00",
    "calendarYear": "2001",
    "period": "Q2",
    "revenue": 2165000000,
    "costOfRevenue": 625000000,
    "grossProfit": 1540000000,
    "grossProfitRatio": 0.7113163972,
    "researchAndDevelopmentExpenses": 0,
    "generalAndAdministrativeExpenses": 0,
    "sellingAndMarketingExpenses": 0,
    "sellingGeneralAndAdministrativeExpenses": 0,
    "otherExpenses": 1315000000,
    "operatingExpenses": 1315000000,
    "costAndExpenses": 1940000000,
    "interestIncome": 0,
    "interestExpense": 0,
    "depreciationAndAmortization": 107000000,
    "ebitda": 332000000,
    "ebitdaratio": 0.1533487298,
    "operatingIncome": 225000000,
    "operatingIncomeRatio": 0.103926097,
    "totalOtherIncomeExpensesNet": -171000000,
    "incomeBeforeTax": 54000000,
    "incomeBeforeTaxRatio": 0.0249422633,
    "incomeTaxExpense": 20000000,
    "netIncome": 53000000,
    "netIncomeRatio": 0.0244803695,
    "eps": 0.4,
    "epsdiluted": 0.4,
    "weightedAverageShsOut": 132000000,
    "weightedAverageShsOutDil": 132000000,
    "link": "https://www.sec.gov/Archives/edgar/data/811156/000095012401502868/0000950124-01-502868-index.htm",
    "finalLink": "https://www.sec.gov/Archives/edgar/data/76063/000095012401502868/k64312e10-q.txt"
  },
  {
    "date": "2001-03-31",
    "symbol": "CMS",
    "reportedCurrency": "USD",
    "cik": "0000811156",
    "fillingDate": "2001-05-11",
    "acceptedDate": "2001-05-11 00:00:00",
    "calendarYear": "2001",
    "period": "Q1",
    "revenue": 4126000000,
    "costOfRevenue": 1779000000,
    "grossProfit": 2347000000,
    "grossProfitRatio": 0.5688317984,
    "researchAndDevelopmentExpenses": 0,
    "generalAndAdministrativeExpenses": 0,
    "sellingAndMarketingExpenses": 0,
    "sellingGeneralAndAdministrativeExpenses": 0,
    "otherExpenses": 2016000000,
    "operatingExpenses": 2016000000,
    "costAndExpenses": 3795000000,
    "interestIncome": 0,
    "interestExpense": 0,
    "depreciationAndAmortization": 162000000,
    "ebitda": 493000000,
    "ebitdaratio": 0.1194861852,
    "operatingIncome": 331000000,
    "operatingIncomeRatio": 0.0802229762,
    "totalOtherIncomeExpensesNet": -163000000,
    "incomeBeforeTax": 168000000,
    "incomeBeforeTaxRatio": 0.0407174018,
    "incomeTaxExpense": 59000000,
    "netIncome": 109000000,
    "netIncomeRatio": 0.0264178381,
    "eps": 0.87,
    "epsdiluted": 0.85,
    "weightedAverageShsOut": 131989846,
    "weightedAverageShsOutDil": 131989846,
    "link": "https://www.sec.gov/Archives/edgar/data/811156/000095012401501002/0000950124-01-501002-index.htm",
    "finalLink": "https://www.sec.gov/Archives/edgar/data/76063/000095012401501002/k62288e10-q.txt"
  },
  {
    "date": "2000-12-31",
    "symbol": "CMS",
    "reportedCurrency": "USD",
    "cik": "0000811156",
    "fillingDate": "2001-03-23",
    "acceptedDate": "2001-03-23 00:00:00",
    "calendarYear": "2000",
    "period": "Q4",
    "revenue": 3177000000,
    "costOfRevenue": -1230000000,
    "grossProfit": 4407000000,
    "grossProfitRatio": 1.3871576959,
    "researchAndDevelopmentExpenses": 0,
    "generalAndAdministrativeExpenses": 0,
    "sellingAndMarketingExpenses": 0,
    "sellingGeneralAndAdministrativeExpenses": 0,
    "otherExpenses": 4425000000,
    "operatingExpenses": 4425000000,
    "costAndExpenses": 3195000000,
    "interestIncome": 0,
    "interestExpense": 0,
    "depreciationAndAmortization": 142000000,
    "ebitda": 149000000,
    "ebitdaratio": 0.0468995908,
    "operatingIncome": -18000000,
    "operatingIncomeRatio": -0.0056657224,
    "totalOtherIncomeExpensesNet": -185000000,
    "incomeBeforeTax": -203000000,
    "incomeBeforeTaxRatio": -0.0638967579,
    "incomeTaxExpense": -28000000,
    "netIncome": -180000000,
    "netIncomeRatio": -0.0566572238,
    "eps": -1.44,
    "epsdiluted": -1.44,
    "weightedAverageShsOut": 125000000,
    "weightedAverageShsOutDil": 125000000,
    "link": "https://www.sec.gov/Archives/edgar/data/811156/000095012401001548/0000950124-01-001548-index.htm",
    "finalLink": "https://www.sec.gov/Archives/edgar/data/76063/000095012401001548/k60932e10-k.txt"
  },
  {
    "date": "2000-09-30",
    "symbol": "CMS",
    "reportedCurrency": "USD",
    "cik": "0000811156",
    "fillingDate": "2000-11-14",
    "acceptedDate": "2000-11-14 00:00:00",
    "calendarYear": "2000",
    "period": "Q3",
    "revenue": 2395000000,
    "costOfRevenue": 1859000000,
    "grossProfit": 536000000,
    "grossProfitRatio": 0.2237995825,
    "researchAndDevelopmentExpenses": 0,
    "generalAndAdministrativeExpenses": 0,
    "sellingAndMarketingExpenses": 0,
    "sellingGeneralAndAdministrativeExpenses": 0,
    "otherExpenses": 289000000,
    "operatingExpenses": 289000000,
    "costAndExpenses": 2148000000,
    "interestIncome": 0,
    "interestExpense": 0,
    "depreciationAndAmortization": 177000000,
    "ebitda": 424000000,
    "ebitdaratio": 0.1770354906,
    "operatingIncome": 247000000,
    "operatingIncomeRatio": 0.103131524,
    "totalOtherIncomeExpensesNet": -172000000,
    "incomeBeforeTax": 75000000,
    "incomeBeforeTaxRatio": 0.0313152401,
    "incomeTaxExpense": 20000000,
    "netIncome": 55000000,
    "netIncomeRatio": 0.0229645094,
    "eps": 0.51,
    "epsdiluted": 0.51,
    "weightedAverageShsOut": 120877000,
    "weightedAverageShsOutDil": 120877000,
    "link": "https://www.sec.gov/Archives/edgar/data/811156/000095012400006951/0000950124-00-006951-index.htm",
    "finalLink": "https://www.sec.gov/Archives/edgar/data/76063/000095012400006951/k58460e10-q.txt"
  },
  {
    "date": "2000-06-30",
    "symbol": "CMS",
    "reportedCurrency": "USD",
    "cik": "0000811156",
    "fillingDate": "2000-08-11",
    "acceptedDate": "2000-08-11 00:00:00",
    "calendarYear": "2000",
    "period": "Q2",
    "revenue": 1596000000,
    "costOfRevenue": 418000000,
    "grossProfit": 1178000000,
    "grossProfitRatio": 0.7380952381,
    "researchAndDevelopmentExpenses": 0,
    "generalAndAdministrativeExpenses": 0,
    "sellingAndMarketingExpenses": 0,
    "sellingGeneralAndAdministrativeExpenses": 0,
    "otherExpenses": 976000000,
    "operatingExpenses": 976000000,
    "costAndExpenses": 1394000000,
    "interestIncome": 0,
    "interestExpense": 0,
    "depreciationAndAmortization": 135000000,
    "ebitda": 344000000,
    "ebitdaratio": 0.2155388471,
    "operatingIncome": 202000000,
    "operatingIncomeRatio": 0.126566416,
    "totalOtherIncomeExpensesNet": -109000000,
    "incomeBeforeTax": 93000000,
    "incomeBeforeTaxRatio": 0.0582706767,
    "incomeTaxExpense": 14000000,
    "netIncome": 79000000,
    "netIncomeRatio": 0.0494987469,
    "eps": 0.72,
    "epsdiluted": 0.71,
    "weightedAverageShsOut": 110000000,
    "weightedAverageShsOutDil": 110000000,
    "link": "https://www.sec.gov/Archives/edgar/data/811156/000095012400004849/0000950124-00-004849-index.htm",
    "finalLink": "https://www.sec.gov/Archives/edgar/data/76063/000095012400004849/e10-q.htm"
  },
  {
    "date": "2000-03-31",
    "symbol": "CMS",
    "reportedCurrency": "USD",
    "cik": "0000811156",
    "fillingDate": "2000-05-15",
    "acceptedDate": "2000-05-15 00:00:00",
    "calendarYear": "2000",
    "period": "Q1",
    "revenue": 1828000000,
    "costOfRevenue": 392000000,
    "grossProfit": 1436000000,
    "grossProfitRatio": 0.7855579869,
    "researchAndDevelopmentExpenses": 0,
    "generalAndAdministrativeExpenses": 0,
    "sellingAndMarketingExpenses": 0,
    "sellingGeneralAndAdministrativeExpenses": 0,
    "otherExpenses": 1144000000,
    "operatingExpenses": 1144000000,
    "costAndExpenses": 1536000000,
    "interestIncome": 0,
    "interestExpense": 0,
    "depreciationAndAmortization": 183000000,
    "ebitda": 475000000,
    "ebitdaratio": 0.2598468271,
    "operatingIncome": 292000000,
    "operatingIncomeRatio": 0.1597374179,
    "totalOtherIncomeExpensesNet": -160000000,
    "incomeBeforeTax": 132000000,
    "incomeBeforeTaxRatio": 0.0722100656,
    "incomeTaxExpense": 52000000,
    "netIncome": 80000000,
    "netIncomeRatio": 0.0437636761,
    "eps": 0.66,
    "epsdiluted": 0.65,
    "weightedAverageShsOut": 113000000,
    "weightedAverageShsOutDil": 113000000,
    "link": "https://www.sec.gov/Archives/edgar/data/811156/000095012400003257/0000950124-00-003257-index.html",
    "finalLink": "https://www.sec.gov/Archives/edgar/data/76063/000095012400003257/"
  },
  {
    "date": "1999-12-31",
    "symbol": "CMS",
    "reportedCurrency": "USD",
    "cik": "0000811156",
    "fillingDate": "2000-03-30",
    "acceptedDate": "2000-03-30 00:00:00",
    "calendarYear": "1999",
    "period": "Q4",
    "revenue": 1724000000,
    "costOfRevenue": 1167000000,
    "grossProfit": 557000000,
    "grossProfitRatio": 0.3230858469,
    "researchAndDevelopmentExpenses": 0,
    "generalAndAdministrativeExpenses": 0,
    "sellingAndMarketingExpenses": 0,
    "sellingGeneralAndAdministrativeExpenses": 0,
    "otherExpenses": 393000000,
    "operatingExpenses": 393000000,
    "costAndExpenses": 1560000000,
    "interestIncome": 0,
    "interestExpense": 0,
    "depreciationAndAmortization": 0,
    "ebitda": 329000000,
    "ebitdaratio": 0.1908352668,
    "operatingIncome": 164000000,
    "operatingIncomeRatio": 0.0951276102,
    "totalOtherIncomeExpensesNet": -171000000,
    "incomeBeforeTax": -7000000,
    "incomeBeforeTaxRatio": -0.0040603248,
    "incomeTaxExpense": -28000000,
    "netIncome": 21000000,
    "netIncomeRatio": 0.0121809745,
    "eps": 0.19,
    "epsdiluted": 0.19,
    "weightedAverageShsOut": 113000000,
    "weightedAverageShsOutDil": 113000000,
    "link": "https://www.sec.gov/Archives/edgar/data/811156/000095012400001799/0000950124-00-001799-index.html",
    "finalLink": "https://www.sec.gov/Archives/edgar/data/76063/000095012400001799/"
  },
  {
    "date": "1999-09-30",
    "symbol": "CMS",
    "reportedCurrency": "USD",
    "cik": "0000811156",
    "fillingDate": "1999-11-12",
    "acceptedDate": "1999-11-12 00:00:00",
    "calendarYear": "1999",
    "period": "Q3",
    "revenue": 1466000000,
    "costOfRevenue": 939000000,
    "grossProfit": 527000000,
    "grossProfitRatio": 0.3594815825,
    "researchAndDevelopmentExpenses": 0,
    "generalAndAdministrativeExpenses": 0,
    "sellingAndMarketingExpenses": 0,
    "sellingGeneralAndAdministrativeExpenses": 0,
    "otherExpenses": 254000000,
    "operatingExpenses": 254000000,
    "costAndExpenses": 1193000000,
    "interestIncome": 0,
    "interestExpense": 0,
    "depreciationAndAmortization": 151000000,
    "ebitda": 424000000,
    "ebitdaratio": 0.2892223738,
    "operatingIncome": 273000000,
    "operatingIncomeRatio": 0.1862210095,
    "totalOtherIncomeExpensesNet": -166000000,
    "incomeBeforeTax": 107000000,
    "incomeBeforeTaxRatio": 0.0729877217,
    "incomeTaxExpense": 24000000,
    "netIncome": 83000000,
    "netIncomeRatio": 0.0566166439,
    "eps": 0.79,
    "epsdiluted": 0.78,
    "weightedAverageShsOut": 109000000,
    "weightedAverageShsOutDil": 109000000,
    "link": "https://www.sec.gov/Archives/edgar/data/811156/000095012499005982/0000950124-99-005982-index.html",
    "finalLink": "https://www.sec.gov/Archives/edgar/data/76063/000095012499005982/"
  },
  {
    "date": "1999-06-30",
    "symbol": "CMS",
    "reportedCurrency": "USD",
    "cik": "0000811156",
    "fillingDate": "1999-08-13",
    "acceptedDate": "1999-08-13 00:00:00",
    "calendarYear": "1999",
    "period": "Q2",
    "revenue": 1332000000,
    "costOfRevenue": 854000000,
    "grossProfit": 478000000,
    "grossProfitRatio": 0.3588588589,
    "researchAndDevelopmentExpenses": 0,
    "generalAndAdministrativeExpenses": 0,
    "sellingAndMarketingExpenses": 0,
    "sellingGeneralAndAdministrativeExpenses": 0,
    "otherExpenses": 247000000,
    "operatingExpenses": 247000000,
    "costAndExpenses": 1101000000,
    "interestIncome": 0,
    "interestExpense": 0,
    "depreciationAndAmortization": 155000000,
    "ebitda": 386000000,
    "ebitdaratio": 0.2897897898,
    "operatingIncome": 231000000,
    "operatingIncomeRatio": 0.1734234234,
    "totalOtherIncomeExpensesNet": -126000000,
    "incomeBeforeTax": 105000000,
    "incomeBeforeTaxRatio": 0.0788288288,
    "incomeTaxExpense": 30000000,
    "netIncome": 75000000,
    "netIncomeRatio": 0.0563063063,
    "eps": 0.68,
    "epsdiluted": 0.67,
    "weightedAverageShsOut": 110294118,
    "weightedAverageShsOutDil": 111940299,
    "link": "https://www.sec.gov/Archives/edgar/data/811156/000095012499004711/0000950124-99-004711-index.html",
    "finalLink": "https://www.sec.gov/Archives/edgar/data/76063/000095012499004711/"
  },
  {
    "date": "1999-03-31",
    "symbol": "CMS",
    "reportedCurrency": "USD",
    "cik": "0000811156",
    "fillingDate": "1999-05-14",
    "acceptedDate": "1999-05-14 00:00:00",
    "calendarYear": "1999",
    "period": "Q1",
    "revenue": 1537000000,
    "costOfRevenue": 1038000000,
    "grossProfit": 499000000,
    "grossProfitRatio": 0.3246584255,
    "researchAndDevelopmentExpenses": 0,
    "generalAndAdministrativeExpenses": 0,
    "sellingAndMarketingExpenses": 0,
    "sellingGeneralAndAdministrativeExpenses": 0,
    "otherExpenses": 255000000,
    "operatingExpenses": 255000000,
    "costAndExpenses": 1293000000,
    "interestIncome": 0,
    "interestExpense": 0,
    "depreciationAndAmortization": 159000000,
    "ebitda": 403000000,
    "ebitdaratio": 0.2621990891,
    "operatingIncome": 244000000,
    "operatingIncomeRatio": 0.1587508133,
    "totalOtherIncomeExpensesNet": -109000000,
    "incomeBeforeTax": 135000000,
    "incomeBeforeTaxRatio": 0.0878334418,
    "incomeTaxExpense": 37000000,
    "netIncome": 98000000,
    "netIncomeRatio": 0.0637605725,
    "eps": 0.82,
    "epsdiluted": 0.8,
    "weightedAverageShsOut": 119512195,
    "weightedAverageShsOutDil": 122500000,
    "link": "https://www.sec.gov/Archives/edgar/data/811156/000095012499003268/0000950124-99-003268-index.html",
    "finalLink": "https://www.sec.gov/Archives/edgar/data/76063/"
  },
  {
    "date": "1998-12-31",
    "symbol": "CMS",
    "reportedCurrency": "USD",
    "cik": "0000811156",
    "fillingDate": "1999-03-31",
    "acceptedDate": "1999-03-31 00:00:00",
    "calendarYear": "1998",
    "period": "Q4",
    "revenue": 1349000000,
    "costOfRevenue": 936000000,
    "grossProfit": 413000000,
    "grossProfitRatio": 0.3061527057,
    "researchAndDevelopmentExpenses": 0,
    "generalAndAdministrativeExpenses": 0,
    "sellingAndMarketingExpenses": 0,
    "sellingGeneralAndAdministrativeExpenses": 0,
    "otherExpenses": 245000000,
    "operatingExpenses": 245000000,
    "costAndExpenses": 1181000000,
    "interestIncome": 0,
    "interestExpense": 0,
    "depreciationAndAmortization": 0,
    "ebitda": 327000000,
    "ebitdaratio": 0.2424017791,
    "operatingIncome": 168000000,
    "operatingIncomeRatio": 0.1245366938,
    "totalOtherIncomeExpensesNet": -103000000,
    "incomeBeforeTax": 65000000,
    "incomeBeforeTaxRatio": 0.0481838399,
    "incomeTaxExpense": 14000000,
    "netIncome": 51000000,
    "netIncomeRatio": 0.0378057821,
    "eps": 0.43,
    "epsdiluted": 0.43,
    "weightedAverageShsOut": 119512195,
    "weightedAverageShsOutDil": 119512195,
    "link": "https://www.sec.gov/Archives/edgar/data/811156/000095012499002252/0000950124-99-002252-index.html",
    "finalLink": "https://www.sec.gov/Archives/edgar/data/201533/"
  },
  {
    "date": "1998-09-30",
    "symbol": "CMS",
    "reportedCurrency": "USD",
    "cik": "0000811156",
    "fillingDate": "1998-11-13",
    "acceptedDate": "1998-11-13 00:00:00",
    "calendarYear": "1998",
    "period": "Q3",
    "revenue": 1286000000,
    "costOfRevenue": 854000000,
    "grossProfit": 432000000,
    "grossProfitRatio": 0.3359253499,
    "researchAndDevelopmentExpenses": 0,
    "generalAndAdministrativeExpenses": 0,
    "sellingAndMarketingExpenses": 0,
    "sellingGeneralAndAdministrativeExpenses": 0,
    "otherExpenses": 210000000,
    "operatingExpenses": 210000000,
    "costAndExpenses": 1064000000,
    "interestIncome": 0,
    "interestExpense": 0,
    "depreciationAndAmortization": 0,
    "ebitda": 1286000000,
    "ebitdaratio": 1,
    "operatingIncome": 222000000,
    "operatingIncomeRatio": 0.1726283048,
    "totalOtherIncomeExpensesNet": -100000000,
    "incomeBeforeTax": 122000000,
    "incomeBeforeTaxRatio": 0.0948678072,
    "incomeTaxExpense": 41000000,
    "netIncome": 81000000,
    "netIncomeRatio": 0.0629860031,
    "eps": 0.81,
    "epsdiluted": 0.8,
    "weightedAverageShsOut": 100000000,
    "weightedAverageShsOutDil": 101250000,
    "link": "https://www.sec.gov/Archives/edgar/data/811156/000020153398000107/0000201533-98-000107-index.html",
    "finalLink": "https://www.sec.gov/Archives/edgar/data/201533/"
  },
  {
    "date": "1998-06-30",
    "symbol": "CMS",
    "reportedCurrency": "USD",
    "cik": "0000811156",
    "fillingDate": "1998-08-14",
    "acceptedDate": "1998-08-14 00:00:00",
    "calendarYear": "1998",
    "period": "Q2",
    "revenue": 1132000000,
    "costOfRevenue": 747000000,
    "grossProfit": 385000000,
    "grossProfitRatio": 0.3401060071,
    "researchAndDevelopmentExpenses": 0,
    "generalAndAdministrativeExpenses": 0,
    "sellingAndMarketingExpenses": 0,
    "sellingGeneralAndAdministrativeExpenses": 0,
    "otherExpenses": 197000000,
    "operatingExpenses": 197000000,
    "costAndExpenses": 944000000,
    "interestIncome": 0,
    "interestExpense": 0,
    "depreciationAndAmortization": 0,
    "ebitda": 1132000000,
    "ebitdaratio": 1,
    "operatingIncome": 188000000,
    "operatingIncomeRatio": 0.1660777385,
    "totalOtherIncomeExpensesNet": -97000000,
    "incomeBeforeTax": 91000000,
    "incomeBeforeTaxRatio": 0.0803886926,
    "incomeTaxExpense": 26000000,
    "netIncome": 65000000,
    "netIncomeRatio": 0.0574204947,
    "eps": 0.63,
    "epsdiluted": 0.62,
    "weightedAverageShsOut": 103174603,
    "weightedAverageShsOutDil": 104838710,
    "link": "https://www.sec.gov/Archives/edgar/data/811156/000020153398000088/0000201533-98-000088-index.html",
    "finalLink": "https://www.sec.gov/Archives/edgar/data/201533/"
  },
  {
    "date": "1998-03-31",
    "symbol": "CMS",
    "reportedCurrency": "USD",
    "cik": "0000811156",
    "fillingDate": "1998-05-15",
    "acceptedDate": "1998-05-15 00:00:00",
    "calendarYear": "1998",
    "period": "Q1",
    "revenue": 1374000000,
    "costOfRevenue": 954000000,
    "grossProfit": 420000000,
    "grossProfitRatio": 0.3056768559,
    "researchAndDevelopmentExpenses": 0,
    "generalAndAdministrativeExpenses": 0,
    "sellingAndMarketingExpenses": 0,
    "sellingGeneralAndAdministrativeExpenses": 0,
    "otherExpenses": 260000000,
    "operatingExpenses": 260000000,
    "costAndExpenses": 1214000000,
    "interestIncome": 0,
    "interestExpense": 0,
    "depreciationAndAmortization": 0,
    "ebitda": 299000000,
    "ebitdaratio": 0.2176128093,
    "operatingIncome": 160000000,
    "operatingIncomeRatio": 0.1164483261,
    "totalOtherIncomeExpensesNet": -96000000,
    "incomeBeforeTax": 64000000,
    "incomeBeforeTaxRatio": 0.0465793304,
    "incomeTaxExpense": 19000000,
    "netIncome": 88000000,
    "netIncomeRatio": 0.0640465793,
    "eps": 0.73,
    "epsdiluted": 0.72,
    "weightedAverageShsOut": 120547945,
    "weightedAverageShsOutDil": 122222222,
    "link": "https://www.sec.gov/Archives/edgar/data/811156/000020153398000064/0000201533-98-000064-index.html",
    "finalLink": "https://www.sec.gov/Archives/edgar/data/201533/"
  },
  {
    "date": "1997-12-31",
    "symbol": "CMS",
    "reportedCurrency": "USD",
    "cik": "0000811156",
    "fillingDate": "1998-03-26",
    "acceptedDate": "1998-03-26 00:00:00",
    "calendarYear": "1997",
    "period": "Q4",
    "revenue": 1393000000,
    "costOfRevenue": 978000000,
    "grossProfit": 415000000,
    "grossProfitRatio": 0.2979181622,
    "researchAndDevelopmentExpenses": 0,
    "generalAndAdministrativeExpenses": 0,
    "sellingAndMarketingExpenses": 0,
    "sellingGeneralAndAdministrativeExpenses": 0,
    "otherExpenses": 234000000,
    "operatingExpenses": 234000000,
    "costAndExpenses": 1212000000,
    "interestIncome": 0,
    "interestExpense": 0,
    "depreciationAndAmortization": 0,
    "ebitda": 318000000,
    "ebitdaratio": 0.2282842785,
    "operatingIncome": 181000000,
    "operatingIncomeRatio": 0.1299353912,
    "totalOtherIncomeExpensesNet": -107000000,
    "incomeBeforeTax": 74000000,
    "incomeBeforeTaxRatio": 0.0531227566,
    "incomeTaxExpense": 10000000,
    "netIncome": 64000000,
    "netIncomeRatio": 0.0459440057,
    "eps": 0.56,
    "epsdiluted": 0.56,
    "weightedAverageShsOut": 113698630,
    "weightedAverageShsOutDil": 113698630,
    "link": "https://www.sec.gov/Archives/edgar/data/811156/000020153398000042/0000201533-98-000042-index.html",
    "finalLink": "https://www.sec.gov/Archives/edgar/data/201533/"
  },
  {
    "date": "1997-09-30",
    "symbol": "CMS",
    "reportedCurrency": "USD",
    "cik": "0000811156",
    "fillingDate": "1997-11-14",
    "acceptedDate": "1997-11-14 00:00:00",
    "calendarYear": "1997",
    "period": "Q3",
    "revenue": 1030000000,
    "costOfRevenue": 656000000,
    "grossProfit": 374000000,
    "grossProfitRatio": 0.3631067961,
    "researchAndDevelopmentExpenses": 0,
    "generalAndAdministrativeExpenses": 0,
    "sellingAndMarketingExpenses": 0,
    "sellingGeneralAndAdministrativeExpenses": 0,
    "otherExpenses": 196000000,
    "operatingExpenses": 196000000,
    "costAndExpenses": 852000000,
    "interestIncome": 0,
    "interestExpense": 0,
    "depreciationAndAmortization": 0,
    "ebitda": 300000000,
    "ebitdaratio": 0.2912621359,
    "operatingIncome": 178000000,
    "operatingIncomeRatio": 0.172815534,
    "totalOtherIncomeExpensesNet": -91000000,
    "incomeBeforeTax": 87000000,
    "incomeBeforeTaxRatio": 0.0844660194,
    "incomeTaxExpense": 27000000,
    "netIncome": 60000000,
    "netIncomeRatio": 0.0582524272,
    "eps": 0.7,
    "epsdiluted": 0.69,
    "weightedAverageShsOut": 85714286,
    "weightedAverageShsOutDil": 86956522,
    "link": "https://www.sec.gov/Archives/edgar/data/811156/000020153397000050/0000201533-97-000050-index.html",
    "finalLink": "https://www.sec.gov/Archives/edgar/data/201533/"
  },
  {
    "date": "1997-06-30",
    "symbol": "CMS",
    "reportedCurrency": "USD",
    "cik": "0000811156",
    "fillingDate": "1997-08-14",
    "acceptedDate": "1997-08-14 00:00:00",
    "calendarYear": "1997",
    "period": "Q2",
    "revenue": 1022000000,
    "costOfRevenue": 669000000,
    "grossProfit": 353000000,
    "grossProfitRatio": 0.3454011742,
    "researchAndDevelopmentExpenses": 0,
    "generalAndAdministrativeExpenses": 0,
    "sellingAndMarketingExpenses": 0,
    "sellingGeneralAndAdministrativeExpenses": 0,
    "otherExpenses": 195000000,
    "operatingExpenses": 195000000,
    "costAndExpenses": 864000000,
    "interestIncome": 0,
    "interestExpense": 0,
    "depreciationAndAmortization": 0,
    "ebitda": 278000000,
    "ebitdaratio": 0.2720156556,
    "operatingIncome": 158000000,
    "operatingIncomeRatio": 0.1545988258,
    "totalOtherIncomeExpensesNet": -86000000,
    "incomeBeforeTax": 72000000,
    "incomeBeforeTaxRatio": 0.0704500978,
    "incomeTaxExpense": 25000000,
    "netIncome": 47000000,
    "netIncomeRatio": 0.0459882583,
    "eps": 0.55,
    "epsdiluted": 0.55,
    "weightedAverageShsOut": 85454545,
    "weightedAverageShsOutDil": 85454545,
    "link": "https://www.sec.gov/Archives/edgar/data/811156/000020153397000034/0000201533-97-000034-index.html",
    "finalLink": "https://www.sec.gov/Archives/edgar/data/201533/"
  },
  {
    "date": "1997-03-31",
    "symbol": "CMS",
    "reportedCurrency": "USD",
    "cik": "0000811156",
    "fillingDate": "1997-05-14",
    "acceptedDate": "1997-05-14 00:00:00",
    "calendarYear": "1997",
    "period": "Q1",
    "revenue": 1295000000,
    "costOfRevenue": 849000000,
    "grossProfit": 446000000,
    "grossProfitRatio": 0.3444015444,
    "researchAndDevelopmentExpenses": 0,
    "generalAndAdministrativeExpenses": 0,
    "sellingAndMarketingExpenses": 0,
    "sellingGeneralAndAdministrativeExpenses": 0,
    "otherExpenses": 233000000,
    "operatingExpenses": 233000000,
    "costAndExpenses": 1082000000,
    "interestIncome": 0,
    "interestExpense": 0,
    "depreciationAndAmortization": 0,
    "ebitda": 352000000,
    "ebitdaratio": 0.2718146718,
    "operatingIncome": 213000000,
    "operatingIncomeRatio": 0.1644787645,
    "totalOtherIncomeExpensesNet": -79000000,
    "incomeBeforeTax": 134000000,
    "incomeBeforeTaxRatio": 0.1034749035,
    "incomeTaxExpense": 50000000,
    "netIncome": 84000000,
    "netIncomeRatio": 0.0648648649,
    "eps": 0.79,
    "epsdiluted": 0.78,
    "weightedAverageShsOut": 106329114,
    "weightedAverageShsOutDil": 107692308,
    "link": "https://www.sec.gov/Archives/edgar/data/811156/000020153397000023/0000201533-97-000023-index.html",
    "finalLink": "https://www.sec.gov/Archives/edgar/data/201533/"
  },
  {
    "date": "1996-12-31",
    "symbol": "CMS",
    "reportedCurrency": "USD",
    "cik": "0000811156",
    "fillingDate": "1997-03-14",
    "acceptedDate": "1997-03-14 00:00:00",
    "calendarYear": "1996",
    "period": "Q4",
    "revenue": 1183000000,
    "costOfRevenue": 812000000,
    "grossProfit": 371000000,
    "grossProfitRatio": 0.3136094675,
    "researchAndDevelopmentExpenses": 0,
    "generalAndAdministrativeExpenses": 0,
    "sellingAndMarketingExpenses": 0,
    "sellingGeneralAndAdministrativeExpenses": 0,
    "otherExpenses": 230000000,
    "operatingExpenses": 230000000,
    "costAndExpenses": 1042000000,
    "interestIncome": 0,
    "interestExpense": 0,
    "depreciationAndAmortization": 0,
    "ebitda": 268000000,
    "ebitdaratio": 0.2265426881,
    "operatingIncome": 141000000,
    "operatingIncomeRatio": 0.1191885038,
    "totalOtherIncomeExpensesNet": -83000000,
    "incomeBeforeTax": 58000000,
    "incomeBeforeTaxRatio": 0.0490278952,
    "incomeTaxExpense": 14000000,
    "netIncome": 44000000,
    "netIncomeRatio": 0.0371935757,
    "eps": 0.41,
    "epsdiluted": 0.41,
    "weightedAverageShsOut": 106329114,
    "weightedAverageShsOutDil": 106329114,
    "link": "https://www.sec.gov/Archives/edgar/data/811156/000020153397000016/0000201533-97-000016-index.html",
    "finalLink": "https://www.sec.gov/Archives/edgar/data/201533/"
  },
  {
    "date": "1996-09-30",
    "symbol": "CMS",
    "reportedCurrency": "USD",
    "cik": "0000811156",
    "fillingDate": "1996-11-12",
    "acceptedDate": "1996-11-12 00:00:00",
    "calendarYear": "1996",
    "period": "Q3",
    "revenue": 929000000,
    "costOfRevenue": 574000000,
    "grossProfit": 355000000,
    "grossProfitRatio": 0.382131324,
    "researchAndDevelopmentExpenses": 0,
    "generalAndAdministrativeExpenses": 0,
    "sellingAndMarketingExpenses": 0,
    "sellingGeneralAndAdministrativeExpenses": 0,
    "otherExpenses": 186000000,
    "operatingExpenses": 186000000,
    "costAndExpenses": 760000000,
    "interestIncome": 0,
    "interestExpense": 0,
    "depreciationAndAmortization": 0,
    "ebitda": 279000000,
    "ebitdaratio": 0.3003229279,
    "operatingIncome": 169000000,
    "operatingIncomeRatio": 0.1819160388,
    "totalOtherIncomeExpensesNet": -80000000,
    "incomeBeforeTax": 89000000,
    "incomeBeforeTaxRatio": 0.0958019376,
    "incomeTaxExpense": 31000000,
    "netIncome": 58000000,
    "netIncomeRatio": 0.0624327234,
    "eps": 0.65,
    "epsdiluted": 0.65,
    "weightedAverageShsOut": 89230769,
    "weightedAverageShsOutDil": 89230769,
    "link": "https://www.sec.gov/Archives/edgar/data/811156/000020153396000149/0000201533-96-000149-index.html",
    "finalLink": "https://www.sec.gov/Archives/edgar/data/201533/"
  },
  {
    "date": "1996-06-30",
    "symbol": "CMS",
    "reportedCurrency": "USD",
    "cik": "0000811156",
    "fillingDate": "1996-08-14",
    "acceptedDate": "1996-08-14 00:00:00",
    "calendarYear": "1996",
    "period": "Q2",
    "revenue": 938000000,
    "costOfRevenue": 597000000,
    "grossProfit": 341000000,
    "grossProfitRatio": 0.3635394456,
    "researchAndDevelopmentExpenses": 0,
    "generalAndAdministrativeExpenses": 0,
    "sellingAndMarketingExpenses": 0,
    "sellingGeneralAndAdministrativeExpenses": 0,
    "otherExpenses": 182000000,
    "operatingExpenses": 182000000,
    "costAndExpenses": 779000000,
    "interestIncome": 0,
    "interestExpense": 0,
    "depreciationAndAmortization": 0,
    "ebitda": 345000000,
    "ebitdaratio": 0.367803838,
    "operatingIncome": 159000000,
    "operatingIncomeRatio": 0.1695095949,
    "totalOtherIncomeExpensesNet": -78000000,
    "incomeBeforeTax": 81000000,
    "incomeBeforeTaxRatio": 0.0863539446,
    "incomeTaxExpense": 31000000,
    "netIncome": 50000000,
    "netIncomeRatio": 0.0533049041,
    "eps": 0.54,
    "epsdiluted": 0.53,
    "weightedAverageShsOut": 92592593,
    "weightedAverageShsOutDil": 94339623,
    "link": "https://www.sec.gov/Archives/edgar/data/811156/000020153396000106/0000201533-96-000106-index.html",
    "finalLink": "https://www.sec.gov/Archives/edgar/data/201533/"
  },
  {
    "date": "1996-03-31",
    "symbol": "CMS",
    "reportedCurrency": "USD",
    "cik": "0000811156",
    "fillingDate": "1996-05-15",
    "acceptedDate": "1996-05-15 00:00:00",
    "calendarYear": "1996",
    "period": "Q1",
    "revenue": 1283000000,
    "costOfRevenue": 841000000,
    "grossProfit": 442000000,
    "grossProfitRatio": 0.3445050663,
    "researchAndDevelopmentExpenses": 0,
    "generalAndAdministrativeExpenses": 0,
    "sellingAndMarketingExpenses": 0,
    "sellingGeneralAndAdministrativeExpenses": 0,
    "otherExpenses": 223000000,
    "operatingExpenses": 223000000,
    "costAndExpenses": 1064000000,
    "interestIncome": 0,
    "interestExpense": 0,
    "depreciationAndAmortization": 0,
    "ebitda": 352000000,
    "ebitdaratio": 0.2743569758,
    "operatingIncome": 219000000,
    "operatingIncomeRatio": 0.1706936867,
    "totalOtherIncomeExpensesNet": -77000000,
    "incomeBeforeTax": 142000000,
    "incomeBeforeTaxRatio": 0.1106780982,
    "incomeTaxExpense": 54000000,
    "netIncome": 88000000,
    "netIncomeRatio": 0.068589244,
    "eps": 0.83,
    "epsdiluted": 0.83,
    "weightedAverageShsOut": 106024096,
    "weightedAverageShsOutDil": 106024096,
    "link": "https://www.sec.gov/Archives/edgar/data/811156/000020153396000066/0000201533-96-000066-index.html",
    "finalLink": "https://www.sec.gov/Archives/edgar/data/201533/"
  },
  {
    "date": "1995-12-31",
    "symbol": "CMS",
    "reportedCurrency": "USD",
    "cik": "0000811156",
    "fillingDate": "1996-03-14",
    "acceptedDate": "1996-03-14 00:00:00",
    "calendarYear": "1995",
    "period": "Q4",
    "revenue": 1069000000,
    "costOfRevenue": 731000000,
    "grossProfit": 338000000,
    "grossProfitRatio": 0.3161833489,
    "researchAndDevelopmentExpenses": 0,
    "generalAndAdministrativeExpenses": 0,
    "sellingAndMarketingExpenses": 0,
    "sellingGeneralAndAdministrativeExpenses": 0,
    "otherExpenses": 214000000,
    "operatingExpenses": 214000000,
    "costAndExpenses": 945000000,
    "interestIncome": 0,
    "interestExpense": 0,
    "depreciationAndAmortization": 0,
    "ebitda": 249000000,
    "ebitdaratio": 0.2329279701,
    "operatingIncome": 124000000,
    "operatingIncomeRatio": 0.1159962582,
    "totalOtherIncomeExpensesNet": -67000000,
    "incomeBeforeTax": 57000000,
    "incomeBeforeTaxRatio": 0.0533208606,
    "incomeTaxExpense": 19000000,
    "netIncome": 38000000,
    "netIncomeRatio": 0.0355472404,
    "eps": 0.36,
    "epsdiluted": 0.36,
    "weightedAverageShsOut": 106024096,
    "weightedAverageShsOutDil": 106024096,
    "link": "https://www.sec.gov/Archives/edgar/data/811156/000020153396000043/0000201533-96-000043-index.html",
    "finalLink": "https://www.sec.gov/Archives/edgar/data/201533/"
  },
  {
    "date": "1995-09-30",
    "symbol": "CMS",
    "reportedCurrency": "USD",
    "cik": "0000811156",
    "fillingDate": "1995-11-13",
    "acceptedDate": "1995-11-13 00:00:00",
    "calendarYear": "1995",
    "period": "Q3",
    "revenue": 869000000,
    "costOfRevenue": 531000000,
    "grossProfit": 338000000,
    "grossProfitRatio": 0.3889528193,
    "researchAndDevelopmentExpenses": 0,
    "generalAndAdministrativeExpenses": 0,
    "sellingAndMarketingExpenses": 0,
    "sellingGeneralAndAdministrativeExpenses": 0,
    "otherExpenses": 189000000,
    "operatingExpenses": 189000000,
    "costAndExpenses": 720000000,
    "interestIncome": 0,
    "interestExpense": 0,
    "depreciationAndAmortization": 0,
    "ebitda": 260000000,
    "ebitdaratio": 0.2991944764,
    "operatingIncome": 149000000,
    "operatingIncomeRatio": 0.1714614499,
    "totalOtherIncomeExpensesNet": -70000000,
    "incomeBeforeTax": 79000000,
    "incomeBeforeTaxRatio": 0.0909090909,
    "incomeTaxExpense": 32000000,
    "netIncome": 47000000,
    "netIncomeRatio": 0.0540851554,
    "eps": 0.54,
    "epsdiluted": 0.54,
    "weightedAverageShsOut": 87037037,
    "weightedAverageShsOutDil": 87037037,
    "link": "https://www.sec.gov/Archives/edgar/data/811156/000020153395000128/0000201533-95-000128-index.html",
    "finalLink": "https://www.sec.gov/Archives/edgar/data/201533/"
  }
]