[
  {
    "date": "2024-12-31",
    "symbol": "CMS",
    "reportedCurrency": "USD",
    "cik": "0000811156",
    "fillingDate": "2025-02-11",
    "acceptedDate": "2025-02-11 09:10:10",
    "calendarYear": "2024",
    "period": "FY",
    "revenue": 7515000000,
    "costOfRevenue": 4306000000,
    "grossProfit": 3209000000,
    "grossProfitRatio": 0.4270126414,
    "researchAndDevelopmentExpenses": 0,
    "generalAndAdministrativeExpenses": 0,
    "sellingAndMarketingExpenses": 0,
    "sellingGeneralAndAdministrativeExpenses": 0,
    "otherExpenses": 1722000000,
    "operatingExpenses": 1722000000,
    "costAndExpenses": 6028000000,
    "interestIncome": 0,
    "interestExpense": 708000000,
    "depreciationAndAmortization": 1240000000,
    "ebitda": 3071000000,
    "ebitdaratio": 0.4086493679,
    "operatingIncome": 1487000000,
    "operatingIncomeRatio": 0.1978709248,
    "totalOtherIncomeExpensesNet": -364000000,
    "incomeBeforeTax": 1123000000,
    "incomeBeforeTaxRatio": 0.1494344644,
    "incomeTaxExpense": 176000000,
    "netIncome": 1003000000,
    "netIncomeRatio": 0.1334664005,
    "eps": 3.34,
    "epsdiluted": 3.33,
    "weightedAverageShsOut": 297600000,
    "weightedAverageShsOutDil": 298300000,
    "link": "https://www.sec.gov/Archives/edgar/data/811156/000081115625000036/0000811156-25-000036-index.htm",
    "finalLink": "https://www.sec.gov/Archives/edgar/data/201533/000081115625000036/cms-20241231.htm"
  },
  {
    "date": "2023-12-31",
    "symbol": "CMS",
    "reportedCurrency": "USD",
    "cik": "0000811156",
    "fillingDate": "2024-02-08",
    "acceptedDate": "2024-02-08 09:28:11",
    "calendarYear": "2023",
    "period": "FY",
    "revenue": 7462000000,
    "costOfRevenue": 4600000000,
    "grossProfit": 2862000000,
    "grossProfitRatio": 0.383543286,
    "researchAndDevelopmentExpenses": 0,
    "generalAndAdministrativeExpenses": 0,
    "sellingAndMarketingExpenses": 0,
    "sellingGeneralAndAdministrativeExpenses": 0,
    "otherExpenses": 1627000000,
    "operatingExpenses": 1627000000,
    "costAndExpenses": 6227000000,
    "interestIncome": 0,
    "interestExpense": 643000000,
    "depreciationAndAmortization": 1180000000,
    "ebitda": 2777000000,
    "ebitdaratio": 0.372152238,
    "operatingIncome": 1235000000,
    "operatingIncomeRatio": 0.1655052265,
    "totalOtherIncomeExpensesNet": -281000000,
    "incomeBeforeTax": 954000000,
    "incomeBeforeTaxRatio": 0.127847762,
    "incomeTaxExpense": 147000000,
    "netIncome": 887000000,
    "netIncomeRatio": 0.1188689359,
    "eps": 3.01,
    "epsdiluted": 3.01,
    "weightedAverageShsOut": 291200000,
    "weightedAverageShsOutDil": 291700000,
    "link": "https://www.sec.gov/Archives/edgar/data/811156/000081115624000044/0000811156-24-000044-index.htm",
    "finalLink": "https://www.sec.gov/Archives/edgar/data/201533/000081115624000044/cms-20231231.htm"
  },
  {
    "date": "2022-12-31",
    "symbol": "CMS",
    "reportedCurrency": "USD",
    "cik": "0000811156",
    "fillingDate": "2023-02-09",
    "acceptedDate": "2023-02-09 09:11:10",
    "calendarYear": "2022",
    "period": "FY",
    "revenue": 8596000000,
    "costOfRevenue": 5834000000,
    "grossProfit": 2762000000,
    "grossProfitRatio": 0.3213122383,
    "researchAndDevelopmentExpenses": 0,
    "generalAndAdministrativeExpenses": 0,
    "sellingAndMarketingExpenses": 0,
    "sellingGeneralAndAdministrativeExpenses": 0,
    "otherExpenses": 1538000000,
    "operatingExpenses": 1538000000,
    "costAndExpenses": 7372000000,
    "interestIncome": 0,
    "interestExpense": 519000000,
    "depreciationAndAmortization": 1126000000,
    "ebitda": 2547000000,
    "ebitdaratio": 0.2963006049,
    "operatingIncome": 1224000000,
    "operatingIncomeRatio": 0.1423918101,
    "totalOtherIncomeExpensesNet": -322000000,
    "incomeBeforeTax": 902000000,
    "incomeBeforeTaxRatio": 0.1049325268,
    "incomeTaxExpense": 93000000,
    "netIncome": 837000000,
    "netIncomeRatio": 0.0973708702,
    "eps": 2.86,
    "epsdiluted": 2.85,
    "weightedAverageShsOut": 289500000,
    "weightedAverageShsOutDil": 290000000,
    "link": "https://www.sec.gov/Archives/edgar/data/811156/000081115623000014/0000811156-23-000014-index.htm",
    "finalLink": "https://www.sec.gov/Archives/edgar/data/201533/000081115623000014/cms-20221231.htm"
  },
  {
    "date": "2021-12-31",
    "symbol": "CMS",
    "reportedCurrency": "USD",
    "cik": "0000811156",
    "fillingDate": "2022-02-10",
    "acceptedDate": "2022-02-10 10:13:23",
    "calendarYear": "2021",
    "period": "FY",
    "revenue": 7329000000,
    "costOfRevenue": 4680000000,
    "grossProfit": 2649000000,
    "grossProfitRatio": 0.3614408514,
    "researchAndDevelopmentExpenses": 0,
    "generalAndAdministrativeExpenses": 0,
    "sellingAndMarketingExpenses": 0,
    "sellingGeneralAndAdministrativeExpenses": 0,
    "otherExpenses": 1503000000,
    "operatingExpenses": 1503000000,
    "costAndExpenses": 6183000000,
    "interestIncome": 0,
    "interestExpense": 500000000,
    "depreciationAndAmortization": 1114000000,
    "ebitda": 2437000000,
    "ebitdaratio": 0.3325146678,
    "operatingIncome": 1146000000,
    "operatingIncomeRatio": 0.1563651248,
    "totalOtherIncomeExpensesNet": -323000000,
    "incomeBeforeTax": 823000000,
    "incomeBeforeTaxRatio": 0.1122936281,
    "incomeTaxExpense": 95000000,
    "netIncome": 1353000000,
    "netIncomeRatio": 0.1846090872,
    "eps": 4.66,
    "epsdiluted": 4.66,
    "weightedAverageShsOut": 289000000,
    "weightedAverageShsOutDil": 289500000,
    "link": "https://www.sec.gov/Archives/edgar/data/811156/000081115622000048/0000811156-22-000048-index.htm",
    "finalLink": "https://www.sec.gov/Archives/edgar/data/201533/000081115622000048/cms-20211231.htm"
  },
  {
    "date": "2020-12-31",
    "symbol": "CMS",
    "reportedCurrency": "USD",
    "cik": "0000811156",
    "fillingDate": "2021-02-11",
    "acceptedDate": "2021-02-11 08:20:56",
    "calendarYear": "2020",
    "period": "FY",
    "revenue": 6418000000,
    "costOfRevenue": 3788000000,
    "grossProfit": 2630000000,
    "grossProfitRatio": 0.4097849797,
    "researchAndDevelopmentExpenses": 0,
    "generalAndAdministrativeExpenses": 0,
    "sellingAndMarketingExpenses": 0,
    "sellingGeneralAndAdministrativeExpenses": 0,
    "otherExpenses": 1400000000,
    "operatingExpenses": 1400000000,
    "costAndExpenses": 5188000000,
    "interestIncome": 11000000,
    "interestExpense": 505000000,
    "depreciationAndAmortization": 1043000000,
    "ebitda": 2357000000,
    "ebitdaratio": 0.367248364,
    "operatingIncome": 1230000000,
    "operatingIncomeRatio": 0.1916484886,
    "totalOtherIncomeExpensesNet": -421000000,
    "incomeBeforeTax": 809000000,
    "incomeBeforeTaxRatio": 0.1260517295,
    "incomeTaxExpense": 115000000,
    "netIncome": 755000000,
    "netIncomeRatio": 0.1176378934,
    "eps": 2.65,
    "epsdiluted": 2.64,
    "weightedAverageShsOut": 285000000,
    "weightedAverageShsOutDil": 286300000,
    "link": "https://www.sec.gov/Archives/edgar/data/811156/000081115621000016/0000811156-21-000016-index.htm",
    "finalLink": "https://www.sec.gov/Archives/edgar/data/201533/000081115621000016/cms-20201231.htm"
  },
  {
    "date": "2019-12-31",
    "symbol": "CMS",
    "reportedCurrency": "USD",
    "cik": "0000811156",
    "fillingDate": "2020-02-06",
    "acceptedDate": "2020-02-06 08:59:52",
    "calendarYear": "2019",
    "period": "FY",
    "revenue": 6624000000,
    "costOfRevenue": 4189000000,
    "grossProfit": 2435000000,
    "grossProfitRatio": 0.367602657,
    "researchAndDevelopmentExpenses": 0,
    "generalAndAdministrativeExpenses": 0,
    "sellingAndMarketingExpenses": 0,
    "sellingGeneralAndAdministrativeExpenses": 0,
    "otherExpenses": 1320000000,
    "operatingExpenses": 1320000000,
    "costAndExpenses": 5509000000,
    "interestIncome": 7000000,
    "interestExpense": 460000000,
    "depreciationAndAmortization": 989000000,
    "ebitda": 2213000000,
    "ebitdaratio": 0.3340881643,
    "operatingIncome": 1115000000,
    "operatingIncomeRatio": 0.1683272947,
    "totalOtherIncomeExpensesNet": -351000000,
    "incomeBeforeTax": 764000000,
    "incomeBeforeTaxRatio": 0.1153381643,
    "incomeTaxExpense": 131000000,
    "netIncome": 680000000,
    "netIncomeRatio": 0.1026570048,
    "eps": 2.4,
    "epsdiluted": 2.39,
    "weightedAverageShsOut": 283000000,
    "weightedAverageShsOutDil": 284300000,
    "link": "https://www.sec.gov/Archives/edgar/data/811156/000081115620000004/0000811156-20-000004-index.htm",
    "finalLink": "https://www.sec.gov/Archives/edgar/data/201533/000081115620000004/a2019form10-kxcmsenerg.htm"
  },
  {
    "date": "2018-12-31",
    "symbol": "CMS",
    "reportedCurrency": "USD",
    "cik": "0000811156",
    "fillingDate": "2019-02-05",
    "acceptedDate": "2019-02-05 07:05:06",
    "calendarYear": "2018",
    "period": "FY",
    "revenue": 6873000000,
    "costOfRevenue": 4475000000,
    "grossProfit": 2398000000,
    "grossProfitRatio": 0.3489014986,
    "researchAndDevelopmentExpenses": 0,
    "generalAndAdministrativeExpenses": 0,
    "sellingAndMarketingExpenses": 0,
    "sellingGeneralAndAdministrativeExpenses": 0,
    "otherExpenses": 1236000000,
    "operatingExpenses": 1236000000,
    "costAndExpenses": 5711000000,
    "interestIncome": 11000000,
    "interestExpense": 458000000,
    "depreciationAndAmortization": 933000000,
    "ebitda": 2165000000,
    "ebitdaratio": 0.3150007275,
    "operatingIncome": 1162000000,
    "operatingIncomeRatio": 0.1690673651,
    "totalOtherIncomeExpensesNet": -388000000,
    "incomeBeforeTax": 774000000,
    "incomeBeforeTaxRatio": 0.1126145788,
    "incomeTaxExpense": 115000000,
    "netIncome": 657000000,
    "netIncomeRatio": 0.0955914448,
    "eps": 2.33,
    "epsdiluted": 2.32,
    "weightedAverageShsOut": 282200000,
    "weightedAverageShsOutDil": 282900000,
    "link": "https://www.sec.gov/Archives/edgar/data/811156/000081115619000003/0000811156-19-000003-index.htm",
    "finalLink": "https://www.sec.gov/Archives/edgar/data/201533/000081115619000003/consumersenergy10k12312018.htm"
  },
  {
    "date": "2017-12-31",
    "symbol": "CMS",
    "reportedCurrency": "USD",
    "cik": "0000811156",
    "fillingDate": "2018-02-14",
    "acceptedDate": "2018-02-14 10:22:00",
    "calendarYear": "2017",
    "period": "FY",
    "revenue": 6583000000,
    "costOfRevenue": 4080000000,
    "grossProfit": 2503000000,
    "grossProfitRatio": 0.3802217834,
    "researchAndDevelopmentExpenses": 0,
    "generalAndAdministrativeExpenses": 0,
    "sellingAndMarketingExpenses": 0,
    "sellingGeneralAndAdministrativeExpenses": 0,
    "otherExpenses": 1165000000,
    "operatingExpenses": 1165000000,
    "costAndExpenses": 5245000000,
    "interestIncome": 12000000,
    "interestExpense": 438000000,
    "depreciationAndAmortization": 881000000,
    "ebitda": 2205000000,
    "ebitdaratio": 0.3349536685,
    "operatingIncome": 1338000000,
    "operatingIncomeRatio": 0.2032507975,
    "totalOtherIncomeExpensesNet": -452000000,
    "incomeBeforeTax": 886000000,
    "incomeBeforeTaxRatio": 0.1345890931,
    "incomeTaxExpense": 424000000,
    "netIncome": 460000000,
    "netIncomeRatio": 0.0698769558,
    "eps": 1.64,
    "epsdiluted": 1.64,
    "weightedAverageShsOut": 280000000,
    "weightedAverageShsOutDil": 280800000,
    "link": "https://www.sec.gov/Archives/edgar/data/811156/000110465918009493/0001104659-18-009493-index.htm",
    "finalLink": "https://www.sec.gov/Archives/edgar/data/201533/000110465918009493/a18-1030_110k.htm"
  },
  {
    "date": "2016-12-31",
    "symbol": "CMS",
    "reportedCurrency": "USD",
    "cik": "0000811156",
    "fillingDate": "2017-02-07",
    "acceptedDate": "2017-02-07 10:08:29",
    "calendarYear": "2016",
    "period": "FY",
    "revenue": 6399000000,
    "costOfRevenue": 4051000000,
    "grossProfit": 2348000000,
    "grossProfitRatio": 0.3669323332,
    "researchAndDevelopmentExpenses": 0,
    "generalAndAdministrativeExpenses": 0,
    "sellingAndMarketingExpenses": 0,
    "sellingGeneralAndAdministrativeExpenses": 0,
    "otherExpenses": 1092000000,
    "operatingExpenses": 1092000000,
    "costAndExpenses": 5143000000,
    "interestIncome": 6000000,
    "interestExpense": 435000000,
    "depreciationAndAmortization": 811000000,
    "ebitda": 2072000000,
    "ebitdaratio": 0.3238005938,
    "operatingIncome": 1256000000,
    "operatingIncomeRatio": 0.1962806689,
    "totalOtherIncomeExpensesNet": -430000000,
    "incomeBeforeTax": 826000000,
    "incomeBeforeTaxRatio": 0.1290826692,
    "incomeTaxExpense": 273000000,
    "netIncome": 551000000,
    "netIncomeRatio": 0.0861072043,
    "eps": 1.99,
    "epsdiluted": 1.98,
    "weightedAverageShsOut": 278000000,
    "weightedAverageShsOutDil": 279000000,
    "link": "https://www.sec.gov/Archives/edgar/data/811156/000110465917006823/0001104659-17-006823-index.htm",
    "finalLink": "https://www.sec.gov/Archives/edgar/data/201533/000110465917006823/a17-1055_110k.htm"
  },
  {
    "date": "2015-12-31",
    "symbol": "CMS",
    "reportedCurrency": "USD",
    "cik": "0000811156",
    "fillingDate": "2016-02-11",
    "acceptedDate": "2016-02-11 09:30:53",
    "calendarYear": "2015",
    "period": "FY",
    "revenue": 6456000000,
    "costOfRevenue": 4266000000,
    "grossProfit": 2190000000,
    "grossProfitRatio": 0.3392193309,
    "researchAndDevelopmentExpenses": 0,
    "generalAndAdministrativeExpenses": 0,
    "sellingAndMarketingExpenses": 0,
    "sellingGeneralAndAdministrativeExpenses": 0,
    "otherExpenses": 1012000000,
    "operatingExpenses": 1012000000,
    "costAndExpenses": 5278000000,
    "interestIncome": 12000000,
    "interestExpense": 396000000,
    "depreciationAndAmortization": 750000000,
    "ebitda": 1942000000,
    "ebitdaratio": 0.3008054523,
    "operatingIncome": 1178000000,
    "operatingIncomeRatio": 0.1824659232,
    "totalOtherIncomeExpensesNet": -382000000,
    "incomeBeforeTax": 796000000,
    "incomeBeforeTaxRatio": 0.1232961586,
    "incomeTaxExpense": 271000000,
    "netIncome": 523000000,
    "netIncomeRatio": 0.0810099133,
    "eps": 1.9,
    "epsdiluted": 1.89,
    "weightedAverageShsOut": 276000000,
    "weightedAverageShsOutDil": 276000000,
    "link": "https://www.sec.gov/Archives/edgar/data/811156/000110465916095725/0001104659-16-095725-index.htm",
    "finalLink": "https://www.sec.gov/Archives/edgar/data/201533/000110465916095725/a15-23273_110k.htm"
  },
  {
    "date": "2014-12-31",
    "symbol": "CMS",
    "reportedCurrency": "USD",
    "cik": "0000811156",
    "fillingDate": "2015-02-05",
    "acceptedDate": "2015-02-05 08:41:56",
    "calendarYear": "2014",
    "period": "FY",
    "revenue": 7179000000,
    "costOfRevenue": 5090000000,
    "grossProfit": 2089000000,
    "grossProfitRatio": 0.2909876027,
    "researchAndDevelopmentExpenses": 0,
    "generalAndAdministrativeExpenses": 0,
    "sellingAndMarketingExpenses": 0,
    "sellingGeneralAndAdministrativeExpenses": 0,
    "otherExpenses": 937000000,
    "operatingExpenses": 937000000,
    "costAndExpenses": 6027000000,
    "interestIncome": 5000000,
    "interestExpense": 407000000,
    "depreciationAndAmortization": 685000000,
    "ebitda": 1821000000,
    "ebitdaratio": 0.2536564981,
    "operatingIncome": 1152000000,
    "operatingIncomeRatio": 0.1604680318,
    "totalOtherIncomeExpensesNet": -423000000,
    "incomeBeforeTax": 729000000,
    "incomeBeforeTaxRatio": 0.1015461763,
    "incomeTaxExpense": 250000000,
    "netIncome": 477000000,
    "netIncomeRatio": 0.0664437944,
    "eps": 1.76,
    "epsdiluted": 1.74,
    "weightedAverageShsOut": 271000000,
    "weightedAverageShsOutDil": 275000000,
    "link": "https://www.sec.gov/Archives/edgar/data/811156/000110465915006843/0001104659-15-006843-index.htm",
    "finalLink": "https://www.sec.gov/Archives/edgar/data/201533/000110465915006843/a15-1932_110k.htm"
  },
  {
    "date": "2013-12-31",
    "symbol": "CMS",
    "reportedCurrency": "USD",
    "cik": "0000811156",
    "fillingDate": "2014-02-06",
    "acceptedDate": "2014-02-06 09:01:23",
    "calendarYear": "2013",
    "period": "FY",
    "revenue": 6566000000,
    "costOfRevenue": 4562000000,
    "grossProfit": 2004000000,
    "grossProfitRatio": 0.3052086506,
    "researchAndDevelopmentExpenses": 0,
    "generalAndAdministrativeExpenses": 0,
    "sellingAndMarketingExpenses": 0,
    "sellingGeneralAndAdministrativeExpenses": 0,
    "otherExpenses": 862000000,
    "operatingExpenses": 862000000,
    "costAndExpenses": 5424000000,
    "interestIncome": 3000000,
    "interestExpense": 398000000,
    "depreciationAndAmortization": 628000000,
    "ebitda": 1782000000,
    "ebitdaratio": 0.2713981115,
    "operatingIncome": 1142000000,
    "operatingIncomeRatio": 0.1739262869,
    "totalOtherIncomeExpensesNet": -386000000,
    "incomeBeforeTax": 756000000,
    "incomeBeforeTaxRatio": 0.1151385928,
    "incomeTaxExpense": 302000000,
    "netIncome": 452000000,
    "netIncomeRatio": 0.0688394761,
    "eps": 1.71,
    "epsdiluted": 1.66,
    "weightedAverageShsOut": 265000000,
    "weightedAverageShsOutDil": 272000000,
    "link": "https://www.sec.gov/Archives/edgar/data/811156/000110465914006974/0001104659-14-006974-index.htm",
    "finalLink": "https://www.sec.gov/Archives/edgar/data/201533/000110465914006974/a14-1343_210k.htm"
  },
  {
    "date": "2012-12-31",
    "symbol": "CMS",
    "reportedCurrency": "USD",
    "cik": "0000811156",
    "fillingDate": "2013-02-21",
    "acceptedDate": "2013-02-21 12:46:29",
    "calendarYear": "2012",
    "period": "FY",
    "revenue": 6253000000,
    "costOfRevenue": 4423000000,
    "grossProfit": 1830000000,
    "grossProfitRatio": 0.2926595234,
    "researchAndDevelopmentExpenses": 0,
    "generalAndAdministrativeExpenses": 0,
    "sellingAndMarketingExpenses": 0,
    "sellingGeneralAndAdministrativeExpenses": 0,
    "otherExpenses": 827000000,
    "operatingExpenses": 827000000,
    "costAndExpenses": 5250000000,
    "interestIncome": 5000000,
    "interestExpense": 389000000,
    "depreciationAndAmortization": 598000000,
    "ebitda": 1609000000,
    "ebitdaratio": 0.2573164881,
    "operatingIncome": 1003000000,
    "operatingIncomeRatio": 0.1604030066,
    "totalOtherIncomeExpensesNet": -381000000,
    "incomeBeforeTax": 622000000,
    "incomeBeforeTaxRatio": 0.0994722533,
    "incomeTaxExpense": 245000000,
    "netIncome": 382000000,
    "netIncomeRatio": 0.0610906765,
    "eps": 1.43,
    "epsdiluted": 1.39,
    "weightedAverageShsOut": 260700000,
    "weightedAverageShsOutDil": 268600000,
    "link": "https://www.sec.gov/Archives/edgar/data/811156/000104746913001373/0001047469-13-001373-index.htm",
    "finalLink": "https://www.sec.gov/Archives/edgar/data/201533/000104746913001373/a2212663z10-k.htm"
  },
  {
    "date": "2011-12-31",
    "symbol": "CMS",
    "reportedCurrency": "USD",
    "cik": "0000811156",
    "fillingDate": "2012-02-23",
    "acceptedDate": "2012-02-23 10:03:21",
    "calendarYear": "2011",
    "period": "FY",
    "revenue": 6503000000,
    "costOfRevenue": 4749000000,
    "grossProfit": 1754000000,
    "grossProfitRatio": 0.2697216669,
    "researchAndDevelopmentExpenses": 0,
    "generalAndAdministrativeExpenses": 0,
    "sellingAndMarketingExpenses": 0,
    "sellingGeneralAndAdministrativeExpenses": 0,
    "otherExpenses": 751000000,
    "operatingExpenses": 751000000,
    "costAndExpenses": 5500000000,
    "interestIncome": 9000000,
    "interestExpense": 415000000,
    "depreciationAndAmortization": 546000000,
    "ebitda": 1567000000,
    "ebitdaratio": 0.2409657081,
    "operatingIncome": 1003000000,
    "operatingIncomeRatio": 0.1542365062,
    "totalOtherIncomeExpensesNet": -397000000,
    "incomeBeforeTax": 606000000,
    "incomeBeforeTaxRatio": 0.0931877595,
    "incomeTaxExpense": 191000000,
    "netIncome": 415000000,
    "netIncomeRatio": 0.0638167,
    "eps": 1.65,
    "epsdiluted": 1.57,
    "weightedAverageShsOut": 250800000,
    "weightedAverageShsOutDil": 263400000,
    "link": "https://www.sec.gov/Archives/edgar/data/811156/000119312512074276/0001193125-12-074276-index.htm",
    "finalLink": "https://www.sec.gov/Archives/edgar/data/201533/000119312512074276/d287367d10k.htm"
  },
  {
    "date": "2010-12-31",
    "symbol": "CMS",
    "reportedCurrency": "USD",
    "cik": "0000811156",
    "fillingDate": "2011-02-24",
    "acceptedDate": "2011-02-24 17:21:57",
    "calendarYear": "2010",
    "period": "FY",
    "revenue": 6432000000,
    "costOfRevenue": 4724000000,
    "grossProfit": 1708000000,
    "grossProfitRatio": 0.2655472637,
    "researchAndDevelopmentExpenses": 0,
    "generalAndAdministrativeExpenses": 0,
    "sellingAndMarketingExpenses": 0,
    "sellingGeneralAndAdministrativeExpenses": -50000000,
    "otherExpenses": 780000000,
    "operatingExpenses": 730000000,
    "costAndExpenses": 5454000000,
    "interestIncome": 19000000,
    "interestExpense": 431000000,
    "depreciationAndAmortization": 576000000,
    "ebitda": 1597000000,
    "ebitdaratio": 0.248289801,
    "operatingIncome": 978000000,
    "operatingIncomeRatio": 0.1520522388,
    "totalOtherIncomeExpensesNet": -388000000,
    "incomeBeforeTax": 590000000,
    "incomeBeforeTaxRatio": 0.0917288557,
    "incomeTaxExpense": 224000000,
    "netIncome": 340000000,
    "netIncomeRatio": 0.0528606965,
    "eps": 1.4,
    "epsdiluted": 1.28,
    "weightedAverageShsOut": 231500000,
    "weightedAverageShsOutDil": 252900000,
    "link": "https://www.sec.gov/Archives/edgar/data/811156/000095012311017966/0000950123-11-017966-index.htm",
    "finalLink": "https://www.sec.gov/Archives/edgar/data/201533/000095012311017966/k50057e10vk.htm"
  },
  {
    "date": "2009-12-31",
    "symbol": "CMS",
    "reportedCurrency": "USD",
    "cik": "0000811156",
    "fillingDate": "2010-03-01",
    "acceptedDate": "2010-02-26 18:41:11",
    "calendarYear": "2009",
    "period": "FY",
    "revenue": 6205000000,
    "costOfRevenue": 3570000000,
    "grossProfit": 2635000000,
    "grossProfitRatio": 0.4246575342,
    "researchAndDevelopmentExpenses": 0,
    "generalAndAdministrativeExpenses": 0,
    "sellingAndMarketingExpenses": 0,
    "sellingGeneralAndAdministrativeExpenses": 0,
    "otherExpenses": 1937000000,
    "operatingExpenses": 1937000000,
    "costAndExpenses": 5507000000,
    "interestIncome": 18000000,
    "interestExpense": 435000000,
    "depreciationAndAmortization": 570000000,
    "ebitda": 1340000000,
    "ebitdaratio": 0.2159548751,
    "operatingIncome": 698000000,
    "operatingIncomeRatio": 0.1124899275,
    "totalOtherIncomeExpensesNet": -363000000,
    "incomeBeforeTax": 335000000,
    "incomeBeforeTaxRatio": 0.0539887188,
    "incomeTaxExpense": 115000000,
    "netIncome": 229000000,
    "netIncomeRatio": 0.0369057212,
    "eps": 0.96,
    "epsdiluted": 0.91,
    "weightedAverageShsOut": 227200000,
    "weightedAverageShsOutDil": 237900000,
    "link": "https://www.sec.gov/Archives/edgar/data/811156/000095012310018474/0000950123-10-018474-index.htm",
    "finalLink": "https://www.sec.gov/Archives/edgar/data/201533/000095012310018474/k48861e10vk.htm"
  },
  {
    "date": "2008-12-31",
    "symbol": "CMS",
    "reportedCurrency": "USD",
    "cik": "0000811156",
    "fillingDate": "2009-02-25",
    "acceptedDate": "2009-02-25 17:31:23",
    "calendarYear": "2008",
    "period": "FY",
    "revenue": 6807000000,
    "costOfRevenue": 4212000000,
    "grossProfit": 2595000000,
    "grossProfitRatio": 0.3812252093,
    "researchAndDevelopmentExpenses": 0,
    "generalAndAdministrativeExpenses": 0,
    "sellingAndMarketingExpenses": 0,
    "sellingGeneralAndAdministrativeExpenses": 0,
    "otherExpenses": 1796000000,
    "operatingExpenses": 1796000000,
    "costAndExpenses": 6008000000,
    "interestIncome": 30000000,
    "interestExpense": 400000000,
    "depreciationAndAmortization": 589000000,
    "ebitda": 1429000000,
    "ebitdaratio": 0.2099309534,
    "operatingIncome": 799000000,
    "operatingIncomeRatio": 0.1173791685,
    "totalOtherIncomeExpensesNet": -359000000,
    "incomeBeforeTax": 440000000,
    "incomeBeforeTaxRatio": 0.0646393419,
    "incomeTaxExpense": 139000000,
    "netIncome": 295000000,
    "netIncomeRatio": 0.0433377406,
    "eps": 1.25,
    "epsdiluted": 1.2,
    "weightedAverageShsOut": 225700000,
    "weightedAverageShsOutDil": 236200000,
    "link": "https://www.sec.gov/Archives/edgar/data/811156/000095015209001765/0000950152-09-001765-index.htm",
    "finalLink": "https://www.sec.gov/Archives/edgar/data/201533/000095015209001765/k47328e10vk.htm"
  },
  {
    "date": "2007-12-31",
    "symbol": "CMS",
    "reportedCurrency": "USD",
    "cik": "0000811156",
    "fillingDate": "2008-02-21",
    "acceptedDate": "2008-02-21 17:21:38",
    "calendarYear": "2007",
    "period": "FY",
    "revenue": 6464000000,
    "costOfRevenue": 4102000000,
    "grossProfit": 2362000000,
    "grossProfitRatio": 0.3654084158,
    "researchAndDevelopmentExpenses": 0,
    "generalAndAdministrativeExpenses": 0,
    "sellingAndMarketingExpenses": 0,
    "sellingGeneralAndAdministrativeExpenses": 0,
    "otherExpenses": 2450000000,
    "operatingExpenses": 2450000000,
    "costAndExpenses": 6552000000,
    "interestIncome": 0,
    "interestExpense": 0,
    "depreciationAndAmortization": 545000000,
    "ebitda": 457000000,
    "ebitdaratio": 0.0706992574,
    "operatingIncome": -88000000,
    "operatingIncomeRatio": -0.0136138614,
    "totalOtherIncomeExpensesNet": -233000000,
    "incomeBeforeTax": -321000000,
    "incomeBeforeTaxRatio": -0.0496596535,
    "incomeTaxExpense": -195000000,
    "netIncome": -215000000,
    "netIncomeRatio": -0.0332611386,
    "eps": -0.97,
    "epsdiluted": -0.97,
    "weightedAverageShsOut": 222549020,
    "weightedAverageShsOutDil": 222549020,
    "link": "https://www.sec.gov/Archives/edgar/data/811156/000095012408000749/0000950124-08-000749-index.htm",
    "finalLink": "https://www.sec.gov/Archives/edgar/data/201533/000095012408000749/k23633e10vk.htm"
  },
  {
    "date": "2006-12-31",
    "symbol": "CMS",
    "reportedCurrency": "USD",
    "cik": "0000811156",
    "fillingDate": "2007-02-23",
    "acceptedDate": "2007-02-23 17:21:35",
    "calendarYear": "2006",
    "period": "FY",
    "revenue": 6126000000,
    "costOfRevenue": 3755000000,
    "grossProfit": 2371000000,
    "grossProfitRatio": 0.3870388508,
    "researchAndDevelopmentExpenses": 0,
    "generalAndAdministrativeExpenses": 0,
    "sellingAndMarketingExpenses": 0,
    "sellingGeneralAndAdministrativeExpenses": 0,
    "otherExpenses": 2593000000,
    "operatingExpenses": 2593000000,
    "costAndExpenses": 6348000000,
    "interestIncome": 0,
    "interestExpense": 0,
    "depreciationAndAmortization": 576000000,
    "ebitda": 354000000,
    "ebitdaratio": 0.0577864838,
    "operatingIncome": -222000000,
    "operatingIncomeRatio": -0.0362389814,
    "totalOtherIncomeExpensesNet": -99000000,
    "incomeBeforeTax": -321000000,
    "incomeBeforeTaxRatio": -0.0523996082,
    "incomeTaxExpense": -188000000,
    "netIncome": -79000000,
    "netIncomeRatio": -0.0128958537,
    "eps": -0.36,
    "epsdiluted": -0.36,
    "weightedAverageShsOut": 219512195,
    "weightedAverageShsOutDil": 219512195,
    "link": "https://www.sec.gov/Archives/edgar/data/811156/000095012407001061/0000950124-07-001061-index.htm",
    "finalLink": "https://www.sec.gov/Archives/edgar/data/201533/000095012407001061/k12475e10vk.txt"
  },
  {
    "date": "2005-12-31",
    "symbol": "CMS",
    "reportedCurrency": "USD",
    "cik": "0000811156",
    "fillingDate": "2006-02-24",
    "acceptedDate": "2006-02-24 17:21:32",
    "calendarYear": "2005",
    "period": "FY",
    "revenue": 5879000000,
    "costOfRevenue": 3181000000,
    "grossProfit": 2698000000,
    "grossProfitRatio": 0.4589215853,
    "researchAndDevelopmentExpenses": 0,
    "generalAndAdministrativeExpenses": 0,
    "sellingAndMarketingExpenses": 0,
    "sellingGeneralAndAdministrativeExpenses": 0,
    "otherExpenses": 3199000000,
    "operatingExpenses": 3199000000,
    "costAndExpenses": 6380000000,
    "interestIncome": 0,
    "interestExpense": 0,
    "depreciationAndAmortization": 525000000,
    "ebitda": 24000000,
    "ebitdaratio": 0.0040823269,
    "operatingIncome": -501000000,
    "operatingIncomeRatio": -0.0852185746,
    "totalOtherIncomeExpensesNet": 180000000,
    "incomeBeforeTax": -321000000,
    "incomeBeforeTaxRatio": -0.0546011226,
    "incomeTaxExpense": -180000000,
    "netIncome": -84000000,
    "netIncomeRatio": -0.0142881442,
    "eps": -0.39,
    "epsdiluted": -0.39,
    "weightedAverageShsOut": 213636364,
    "weightedAverageShsOutDil": 213636364,
    "link": "https://www.sec.gov/Archives/edgar/data/811156/000095012406000851/0000950124-06-000851-index.htm",
    "finalLink": "https://www.sec.gov/Archives/edgar/data/201533/000095012406000851/k02628e10vk.txt"
  },
  {
    "date": "2004-12-31",
    "symbol": "CMS",
    "reportedCurrency": "USD",
    "cik": "0000811156",
    "fillingDate": "2005-03-10",
    "acceptedDate": "2005-03-10 16:08:04",
    "calendarYear": "2004",
    "period": "FY",
    "revenue": 5472000000,
    "costOfRevenue": 1137000000,
    "grossProfit": 4335000000,
    "grossProfitRatio": 0.7922149123,
    "researchAndDevelopmentExpenses": 0,
    "generalAndAdministrativeExpenses": 0,
    "sellingAndMarketingExpenses": 0,
    "sellingGeneralAndAdministrativeExpenses": 0,
    "otherExpenses": 3744000000,
    "operatingExpenses": 3744000000,
    "costAndExpenses": 4881000000,
    "interestIncome": 0,
    "interestExpense": 0,
    "depreciationAndAmortization": 431000000,
    "ebitda": 1022000000,
    "ebitdaratio": 0.1867690058,
    "operatingIncome": 591000000,
    "operatingIncomeRatio": 0.108004386,
    "totalOtherIncomeExpensesNet": -469000000,
    "incomeBeforeTax": 122000000,
    "incomeBeforeTaxRatio": 0.0222953216,
    "incomeTaxExpense": -5000000,
    "netIncome": 121000000,
    "netIncomeRatio": 0.0221125731,
    "eps": 0.65,
    "epsdiluted": 0.64,
    "weightedAverageShsOut": 169230769,
    "weightedAverageShsOutDil": 171875000,
    "link": "https://www.sec.gov/Archives/edgar/data/811156/000095012405001425/0000950124-05-001425-index.htm",
    "finalLink": "https://www.sec.gov/Archives/edgar/data/201533/000095012405001425/k91832e10vk.txt"
  },
  {
    "date": "2003-12-31",
    "symbol": "CMS",
    "reportedCurrency": "USD",
    "cik": "0000811156",
    "fillingDate": "2004-07-21",
    "acceptedDate": "2004-07-21 15:42:53",
    "calendarYear": "2003",
    "period": "FY",
    "revenue": 5513000000,
    "costOfRevenue": 1400000000,
    "grossProfit": 4113000000,
    "grossProfitRatio": 0.7460547796,
    "researchAndDevelopmentExpenses": 0,
    "generalAndAdministrativeExpenses": 0,
    "sellingAndMarketingExpenses": 0,
    "sellingGeneralAndAdministrativeExpenses": 0,
    "otherExpenses": 3682000000,
    "operatingExpenses": 3682000000,
    "costAndExpenses": 5082000000,
    "interestIncome": 0,
    "interestExpense": 0,
    "depreciationAndAmortization": 462000000,
    "ebitda": 893000000,
    "ebitdaratio": 0.1619807727,
    "operatingIncome": 431000000,
    "operatingIncomeRatio": 0.07817885,
    "totalOtherIncomeExpensesNet": -416000000,
    "incomeBeforeTax": 15000000,
    "incomeBeforeTaxRatio": 0.0027208416,
    "incomeTaxExpense": 58000000,
    "netIncome": -45000000,
    "netIncomeRatio": -0.0081625249,
    "eps": -0.29,
    "epsdiluted": -0.29,
    "weightedAverageShsOut": 153333333,
    "weightedAverageShsOutDil": 153333333,
    "link": "https://www.sec.gov/Archives/edgar/data/811156/000095012404003315/0000950124-04-003315-index.htm",
    "finalLink": "https://www.sec.gov/Archives/edgar/data/201533/000095012404003315/k86383e10vkza.txt"
  },
  {
    "date": "2002-12-31",
    "symbol": "CMS",
    "reportedCurrency": "USD",
    "cik": "0000811156",
    "fillingDate": "2003-03-31",
    "acceptedDate": "2003-03-31 17:25:11",
    "calendarYear": "2002",
    "period": "FY",
    "revenue": 8673000000,
    "costOfRevenue": 3582000000,
    "grossProfit": 5091000000,
    "grossProfitRatio": 0.5869941197,
    "researchAndDevelopmentExpenses": 0,
    "generalAndAdministrativeExpenses": 0,
    "sellingAndMarketingExpenses": 0,
    "sellingGeneralAndAdministrativeExpenses": 0,
    "otherExpenses": 5108000000,
    "operatingExpenses": 5108000000,
    "costAndExpenses": 8690000000,
    "interestIncome": 0,
    "interestExpense": 0,
    "depreciationAndAmortization": 485000000,
    "ebitda": 468000000,
    "ebitdaratio": 0.0539605673,
    "operatingIncome": -17000000,
    "operatingIncomeRatio": -0.0019601061,
    "totalOtherIncomeExpensesNet": -418000000,
    "incomeBeforeTax": -435000000,
    "incomeBeforeTaxRatio": -0.0501556555,
    "incomeTaxExpense": -41000000,
    "netIncome": -650000000,
    "netIncomeRatio": -0.0749452323,
    "eps": -4.46,
    "epsdiluted": -4.46,
    "weightedAverageShsOut": 138888889,
    "weightedAverageShsOutDil": 138888889,
    "link": "https://www.sec.gov/Archives/edgar/data/811156/000095012403001055/0000950124-03-001055-index.htm",
    "finalLink": "https://www.sec.gov/Archives/edgar/data/811156/000095012403001055/k74289e10vk.txt"
  },
  {
    "date": "2001-12-31",
    "symbol": "CMS",
    "reportedCurrency": "USD",
    "cik": "0000811156",
    "fillingDate": "2002-03-29",
    "acceptedDate": "2002-03-29 00:00:00",
    "calendarYear": "2001",
    "period": "FY",
    "revenue": 8006000000,
    "costOfRevenue": 2686000000,
    "grossProfit": 5320000000,
    "grossProfitRatio": 0.6645016238,
    "researchAndDevelopmentExpenses": 0,
    "generalAndAdministrativeExpenses": 0,
    "sellingAndMarketingExpenses": 0,
    "sellingGeneralAndAdministrativeExpenses": 0,
    "otherExpenses": 5341000000,
    "operatingExpenses": 5341000000,
    "costAndExpenses": 8027000000,
    "interestIncome": 0,
    "interestExpense": 0,
    "depreciationAndAmortization": 524000000,
    "ebitda": 503000000,
    "ebitdaratio": 0.0628278791,
    "operatingIncome": -21000000,
    "operatingIncomeRatio": -0.0026230327,
    "totalOtherIncomeExpensesNet": -400000000,
    "incomeBeforeTax": -421000000,
    "incomeBeforeTaxRatio": -0.0525855608,
    "incomeTaxExpense": -94000000,
    "netIncome": -459000000,
    "netIncomeRatio": -0.057332001,
    "eps": -4.19,
    "epsdiluted": -4.17,
    "weightedAverageShsOut": 130000000,
    "weightedAverageShsOutDil": 130769231,
    "link": "https://www.sec.gov/Archives/edgar/data/811156/000095012402001143/0000950124-02-001143-index.htm",
    "finalLink": "https://www.sec.gov/Archives/edgar/data/76063/000095012402001143/k67879e10-k.txt"
  },
  {
    "date": "2000-12-31",
    "symbol": "CMS",
    "reportedCurrency": "USD",
    "cik": "0000811156",
    "fillingDate": "2001-03-23",
    "acceptedDate": "2001-03-23 00:00:00",
    "calendarYear": "2000",
    "period": "FY",
    "revenue": 8739000000,
    "costOfRevenue": 2848000000,
    "grossProfit": 5891000000,
    "grossProfitRatio": 0.6741045886,
    "researchAndDevelopmentExpenses": 0,
    "generalAndAdministrativeExpenses": 0,
    "sellingAndMarketingExpenses": 0,
    "sellingGeneralAndAdministrativeExpenses": 0,
    "otherExpenses": 5188000000,
    "operatingExpenses": 5188000000,
    "costAndExpenses": 8036000000,
    "interestIncome": 0,
    "interestExpense": 0,
    "depreciationAndAmortization": 637000000,
    "ebitda": 1340000000,
    "ebitdaratio": 0.1533356219,
    "operatingIncome": 703000000,
    "operatingIncomeRatio": 0.0804439867,
    "totalOtherIncomeExpensesNet": -615000000,
    "incomeBeforeTax": 88000000,
    "incomeBeforeTaxRatio": 0.010069802,
    "incomeTaxExpense": 50000000,
    "netIncome": 36000000,
    "netIncomeRatio": 0.0041194645,
    "eps": 0.04,
    "epsdiluted": 0.04,
    "weightedAverageShsOut": 111000000,
    "weightedAverageShsOutDil": 111917098,
    "link": "https://www.sec.gov/Archives/edgar/data/811156/000095012401001548/0000950124-01-001548-index.htm",
    "finalLink": "https://www.sec.gov/Archives/edgar/data/76063/000095012401001548/k60932e10-k.txt"
  },
  {
    "date": "1999-12-31",
    "symbol": "CMS",
    "reportedCurrency": "USD",
    "cik": "0000811156",
    "fillingDate": "2000-03-30",
    "acceptedDate": "2000-03-30 00:00:00",
    "calendarYear": "1999",
    "period": "FY",
    "revenue": 5926000000,
    "costOfRevenue": 1393000000,
    "grossProfit": 4533000000,
    "grossProfitRatio": 0.7649341883,
    "researchAndDevelopmentExpenses": 0,
    "generalAndAdministrativeExpenses": 0,
    "sellingAndMarketingExpenses": 0,
    "sellingGeneralAndAdministrativeExpenses": 0,
    "otherExpenses": 3642000000,
    "operatingExpenses": 3642000000,
    "costAndExpenses": 5035000000,
    "interestIncome": 0,
    "interestExpense": 0,
    "depreciationAndAmortization": 595000000,
    "ebitda": 1486000000,
    "ebitdaratio": 0.2507593655,
    "operatingIncome": 891000000,
    "operatingIncomeRatio": 0.1503543706,
    "totalOtherIncomeExpensesNet": -537000000,
    "incomeBeforeTax": 354000000,
    "incomeBeforeTaxRatio": 0.0597367533,
    "incomeTaxExpense": 63000000,
    "netIncome": 277000000,
    "netIncomeRatio": 0.0467431657,
    "eps": 2.18,
    "epsdiluted": 2.17,
    "weightedAverageShsOut": 110100000,
    "weightedAverageShsOutDil": 114700000,
    "link": "https://www.sec.gov/Archives/edgar/data/811156/000095012400001799/0000950124-00-001799-index.html",
    "finalLink": "https://www.sec.gov/Archives/edgar/data/76063/000095012400001799/"
  },
  {
    "date": "1998-12-31",
    "symbol": "CMS",
    "reportedCurrency": "USD",
    "cik": "0000811156",
    "fillingDate": "1999-03-31",
    "acceptedDate": "1999-03-31 00:00:00",
    "calendarYear": "1998",
    "period": "FY",
    "revenue": 5141000000,
    "costOfRevenue": 1516000000,
    "grossProfit": 3625000000,
    "grossProfitRatio": 0.7051157362,
    "researchAndDevelopmentExpenses": 0,
    "generalAndAdministrativeExpenses": 0,
    "sellingAndMarketingExpenses": 0,
    "sellingGeneralAndAdministrativeExpenses": 0,
    "otherExpenses": 2901000000,
    "operatingExpenses": 2901000000,
    "costAndExpenses": 4417000000,
    "interestIncome": 0,
    "interestExpense": 0,
    "depreciationAndAmortization": 535000000,
    "ebitda": 1259000000,
    "ebitdaratio": 0.2448939895,
    "operatingIncome": 724000000,
    "operatingIncomeRatio": 0.1408286326,
    "totalOtherIncomeExpensesNet": -382000000,
    "incomeBeforeTax": 342000000,
    "incomeBeforeTaxRatio": 0.0665240226,
    "incomeTaxExpense": 100000000,
    "netIncome": 285000000,
    "netIncomeRatio": 0.0554366855,
    "eps": 2.45,
    "epsdiluted": 2.45,
    "weightedAverageShsOut": 107746479,
    "weightedAverageShsOutDil": 108778626,
    "link": "https://www.sec.gov/Archives/edgar/data/811156/000095012499002252/0000950124-99-002252-index.html",
    "finalLink": "https://www.sec.gov/Archives/edgar/data/201533/"
  },
  {
    "date": "1997-12-31",
    "symbol": "CMS",
    "reportedCurrency": "USD",
    "cik": "0000811156",
    "fillingDate": "1998-03-26",
    "acceptedDate": "1998-03-26 00:00:00",
    "calendarYear": "1997",
    "period": "FY",
    "revenue": 4781000000,
    "costOfRevenue": 3213000000,
    "grossProfit": 1568000000,
    "grossProfitRatio": 0.3279648609,
    "researchAndDevelopmentExpenses": 0,
    "generalAndAdministrativeExpenses": 0,
    "sellingAndMarketingExpenses": 0,
    "sellingGeneralAndAdministrativeExpenses": 0,
    "otherExpenses": 852000000,
    "operatingExpenses": 852000000,
    "costAndExpenses": 4065000000,
    "interestIncome": 0,
    "interestExpense": 0,
    "depreciationAndAmortization": 0,
    "ebitda": 1227000000,
    "ebitdaratio": 0.2566408701,
    "operatingIncome": 716000000,
    "operatingIncomeRatio": 0.1497594645,
    "totalOtherIncomeExpensesNet": -364000000,
    "incomeBeforeTax": 352000000,
    "incomeBeforeTaxRatio": 0.0736247647,
    "incomeTaxExpense": 108000000,
    "netIncome": 244000000,
    "netIncomeRatio": 0.0510353483,
    "eps": 2.63,
    "epsdiluted": 2.61,
    "weightedAverageShsOut": 92775665,
    "weightedAverageShsOutDil": 93486590,
    "link": "https://www.sec.gov/Archives/edgar/data/811156/000020153398000042/0000201533-98-000042-index.html",
    "finalLink": "https://www.sec.gov/Archives/edgar/data/201533/"
  },
  {
    "date": "1996-12-31",
    "symbol": "CMS",
    "reportedCurrency": "USD",
    "cik": "0000811156",
    "fillingDate": "1997-03-14",
    "acceptedDate": "1997-03-14 00:00:00",
    "calendarYear": "1996",
    "period": "FY",
    "revenue": 4324000000,
    "costOfRevenue": 2842000000,
    "grossProfit": 1482000000,
    "grossProfitRatio": 0.3427382054,
    "researchAndDevelopmentExpenses": 0,
    "generalAndAdministrativeExpenses": 0,
    "sellingAndMarketingExpenses": 0,
    "sellingGeneralAndAdministrativeExpenses": 0,
    "otherExpenses": 806000000,
    "operatingExpenses": 806000000,
    "costAndExpenses": 3648000000,
    "interestIncome": 0,
    "interestExpense": 0,
    "depreciationAndAmortization": 0,
    "ebitda": 1144000000,
    "ebitdaratio": 0.2645698427,
    "operatingIncome": 676000000,
    "operatingIncomeRatio": 0.1563367253,
    "totalOtherIncomeExpensesNet": -315000000,
    "incomeBeforeTax": 361000000,
    "incomeBeforeTaxRatio": 0.0834875116,
    "incomeTaxExpense": 137000000,
    "netIncome": 224000000,
    "netIncomeRatio": 0.0518038853,
    "eps": 2.45,
    "epsdiluted": 2.44,
    "weightedAverageShsOut": 91428571,
    "weightedAverageShsOutDil": 91803279,
    "link": "https://www.sec.gov/Archives/edgar/data/811156/000020153397000016/0000201533-97-000016-index.html",
    "finalLink": "https://www.sec.gov/Archives/edgar/data/201533/"
  },
  {
    "date": "1995-12-31",
    "symbol": "CMS",
    "reportedCurrency": "USD",
    "cik": "0000811156",
    "fillingDate": "1996-03-14",
    "acceptedDate": "1996-03-14 00:00:00",
    "calendarYear": "1995",
    "period": "FY",
    "revenue": 3890000000,
    "costOfRevenue": 2473000000,
    "grossProfit": 1417000000,
    "grossProfitRatio": 0.3642673522,
    "researchAndDevelopmentExpenses": 0,
    "generalAndAdministrativeExpenses": 0,
    "sellingAndMarketingExpenses": 0,
    "sellingGeneralAndAdministrativeExpenses": 0,
    "otherExpenses": 798000000,
    "operatingExpenses": 798000000,
    "costAndExpenses": 3271000000,
    "interestIncome": 0,
    "interestExpense": 0,
    "depreciationAndAmortization": 0,
    "ebitda": 1096000000,
    "ebitdaratio": 0.281748072,
    "operatingIncome": 619000000,
    "operatingIncomeRatio": 0.159125964,
    "totalOtherIncomeExpensesNet": -297000000,
    "incomeBeforeTax": 322000000,
    "incomeBeforeTaxRatio": 0.0827763496,
    "incomeTaxExpense": 118000000,
    "netIncome": 204000000,
    "netIncomeRatio": 0.0524421594,
    "eps": 2.27,
    "epsdiluted": 2.26,
    "weightedAverageShsOut": 89867841,
    "weightedAverageShsOutDil": 90265487,
    "link": "https://www.sec.gov/Archives/edgar/data/811156/000020153396000043/0000201533-96-000043-index.html",
    "finalLink": "https://www.sec.gov/Archives/edgar/data/201533/"
  },
  {
    "date": "1994-12-31",
    "symbol": "CMS",
    "reportedCurrency": "USD",
    "cik": "0000811156",
    "fillingDate": "1995-03-15",
    "acceptedDate": "1995-03-15 00:00:00",
    "calendarYear": "1994",
    "period": "FY",
    "revenue": 3614000000,
    "costOfRevenue": 2356000000,
    "grossProfit": 1258000000,
    "grossProfitRatio": 0.3480907582,
    "researchAndDevelopmentExpenses": 0,
    "generalAndAdministrativeExpenses": 0,
    "sellingAndMarketingExpenses": 0,
    "sellingGeneralAndAdministrativeExpenses": 0,
    "otherExpenses": 755000000,
    "operatingExpenses": 755000000,
    "costAndExpenses": 3111000000,
    "interestIncome": 0,
    "interestExpense": 0,
    "depreciationAndAmortization": 0,
    "ebitda": 955000000,
    "ebitdaratio": 0.2642501384,
    "operatingIncome": 503000000,
    "operatingIncomeRatio": 0.1391809629,
    "totalOtherIncomeExpensesNet": -221000000,
    "incomeBeforeTax": 282000000,
    "incomeBeforeTaxRatio": 0.0780298838,
    "incomeTaxExpense": 103000000,
    "netIncome": 179000000,
    "netIncomeRatio": 0.0495296071,
    "eps": 2.09,
    "epsdiluted": 2.08,
    "weightedAverageShsOut": 85645933,
    "weightedAverageShsOutDil": 86057692,
    "link": "https://www.sec.gov/Archives/edgar/data/811156/000020153395000029/0000201533-95-000029-index.html",
    "finalLink": "https://www.sec.gov/Archives/edgar/data/201533/"
  },
  {
    "date": "1993-12-31",
    "symbol": "CMS",
    "reportedCurrency": "USD",
    "cik": "0000811156",
    "fillingDate": "1994-03-18",
    "acceptedDate": "1994-03-18 00:00:00",
    "calendarYear": "1993",
    "period": "FY",
    "revenue": 3482000000,
    "costOfRevenue": 0,
    "grossProfit": 0,
    "grossProfitRatio": 0,
    "researchAndDevelopmentExpenses": 0,
    "generalAndAdministrativeExpenses": 0,
    "sellingAndMarketingExpenses": 0,
    "sellingGeneralAndAdministrativeExpenses": 0,
    "otherExpenses": 3482000000,
    "operatingExpenses": 3482000000,
    "costAndExpenses": 3482000000,
    "interestIncome": 0,
    "interestExpense": 0,
    "depreciationAndAmortization": 0,
    "ebitda": 3482000000,
    "ebitdaratio": 1,
    "operatingIncome": 3482000000,
    "operatingIncomeRatio": 1,
    "totalOtherIncomeExpensesNet": -3482000000,
    "incomeBeforeTax": 0,
    "incomeBeforeTaxRatio": 0,
    "incomeTaxExpense": 0,
    "netIncome": 155000000,
    "netIncomeRatio": 0.0445146468,
    "eps": 1.9,
    "epsdiluted": 1.9,
    "weightedAverageShsOut": 81578947,
    "weightedAverageShsOutDil": 81578947,
    "link": "https://www.sec.gov/Archives/edgar/data/811156/000020153394000020/0000201533-94-000020-index.html",
    "finalLink": "https://www.sec.gov/Archives/edgar/data/201533/"
  },
  {
    "date": "1992-12-31",
    "symbol": "CMS",
    "reportedCurrency": "USD",
    "cik": "0000811156",
    "fillingDate": "1992-12-31",
    "acceptedDate": "1992-12-30 19:00:00",
    "calendarYear": "1992",
    "period": "FY",
    "revenue": 3073000000,
    "costOfRevenue": 0,
    "grossProfit": 0,
    "grossProfitRatio": 0,
    "researchAndDevelopmentExpenses": 0,
    "generalAndAdministrativeExpenses": 0,
    "sellingAndMarketingExpenses": 0,
    "sellingGeneralAndAdministrativeExpenses": 0,
    "otherExpenses": 3073000000,
    "operatingExpenses": 3073000000,
    "costAndExpenses": 3073000000,
    "interestIncome": 0,
    "interestExpense": 0,
    "depreciationAndAmortization": 0,
    "ebitda": 3073000000,
    "ebitdaratio": 1,
    "operatingIncome": 3073000000,
    "operatingIncomeRatio": 1,
    "totalOtherIncomeExpensesNet": -3073000000,
    "incomeBeforeTax": 0,
    "incomeBeforeTaxRatio": 0,
    "incomeTaxExpense": 0,
    "netIncome": -297000000,
    "netIncomeRatio": -0.0966482265,
    "eps": -3.72,
    "epsdiluted": -3.72,
    "weightedAverageShsOut": 79838710,
    "weightedAverageShsOutDil": 79838710,
    "link": "",
    "finalLink": ""
  },
  {
    "date": "1991-12-31",
    "symbol": "CMS",
    "reportedCurrency": "USD",
    "cik": "0000811156",
    "fillingDate": "1991-12-31",
    "acceptedDate": "1991-12-30 19:00:00",
    "calendarYear": "1991",
    "period": "FY",
    "revenue": 2941000000,
    "costOfRevenue": 0,
    "grossProfit": 0,
    "grossProfitRatio": 0,
    "researchAndDevelopmentExpenses": 0,
    "generalAndAdministrativeExpenses": 0,
    "sellingAndMarketingExpenses": 0,
    "sellingGeneralAndAdministrativeExpenses": 0,
    "otherExpenses": 2941000000,
    "operatingExpenses": 2941000000,
    "costAndExpenses": 2941000000,
    "interestIncome": 0,
    "interestExpense": 0,
    "depreciationAndAmortization": 0,
    "ebitda": 2941000000,
    "ebitdaratio": 1,
    "operatingIncome": 2941000000,
    "operatingIncomeRatio": 1,
    "totalOtherIncomeExpensesNet": -2941000000,
    "incomeBeforeTax": 0,
    "incomeBeforeTaxRatio": 0,
    "incomeTaxExpense": 0,
    "netIncome": -262000000,
    "netIncomeRatio": -0.0890853451,
    "eps": -3.26,
    "epsdiluted": -3.26,
    "weightedAverageShsOut": 80368098,
    "weightedAverageShsOutDil": 80368098,
    "link": "",
    "finalLink": ""
  },
  {
    "date": "1990-12-31",
    "symbol": "CMS",
    "reportedCurrency": "USD",
    "cik": "0000811156",
    "fillingDate": "1990-12-31",
    "acceptedDate": "1990-12-30 19:00:00",
    "calendarYear": "1990",
    "period": "FY",
    "revenue": 2977000000,
    "costOfRevenue": 0,
    "grossProfit": 0,
    "grossProfitRatio": 0,
    "researchAndDevelopmentExpenses": 0,
    "generalAndAdministrativeExpenses": 0,
    "sellingAndMarketingExpenses": 0,
    "sellingGeneralAndAdministrativeExpenses": 0,
    "otherExpenses": 2977000000,
    "operatingExpenses": 2977000000,
    "costAndExpenses": 2977000000,
    "interestIncome": 0,
    "interestExpense": 0,
    "depreciationAndAmortization": 0,
    "ebitda": 2977000000,
    "ebitdaratio": 1,
    "operatingIncome": 2977000000,
    "operatingIncomeRatio": 1,
    "totalOtherIncomeExpensesNet": -2977000000,
    "incomeBeforeTax": 0,
    "incomeBeforeTaxRatio": 0,
    "incomeTaxExpense": 0,
    "netIncome": -494000000,
    "netIncomeRatio": -0.1659388646,
    "eps": -6.07,
    "epsdiluted": -6.07,
    "weightedAverageShsOut": 81383855,
    "weightedAverageShsOutDil": 81383855,
    "link": "",
    "finalLink": ""
  },
  {
    "date": "1989-12-31",
    "symbol": "CMS",
    "reportedCurrency": "USD",
    "cik": "0000811156",
    "fillingDate": "1989-12-31",
    "acceptedDate": "1989-12-30 19:00:00",
    "calendarYear": "1989",
    "period": "FY",
    "revenue": 2961100000,
    "costOfRevenue": 0,
    "grossProfit": 0,
    "grossProfitRatio": 0,
    "researchAndDevelopmentExpenses": 0,
    "generalAndAdministrativeExpenses": 0,
    "sellingAndMarketingExpenses": 0,
    "sellingGeneralAndAdministrativeExpenses": 0,
    "otherExpenses": 2961100000,
    "operatingExpenses": 2961100000,
    "costAndExpenses": 2961100000,
    "interestIncome": 0,
    "interestExpense": 0,
    "depreciationAndAmortization": 0,
    "ebitda": 2961100000,
    "ebitdaratio": 1,
    "operatingIncome": 2961100000,
    "operatingIncomeRatio": 1,
    "totalOtherIncomeExpensesNet": -2961100000,
    "incomeBeforeTax": 0,
    "incomeBeforeTaxRatio": 0,
    "incomeTaxExpense": 0,
    "netIncome": 312100000,
    "netIncomeRatio": 0.1054000203,
    "eps": 3.8,
    "epsdiluted": 3.8,
    "weightedAverageShsOut": 82131579,
    "weightedAverageShsOutDil": 82131579,
    "link": "",
    "finalLink": ""
  },
  {
    "date": "1988-12-31",
    "symbol": "CMS",
    "reportedCurrency": "USD",
    "cik": "0000811156",
    "fillingDate": "1988-12-31",
    "acceptedDate": "1988-12-30 19:00:00",
    "calendarYear": "1988",
    "period": "FY",
    "revenue": 2942700000,
    "costOfRevenue": 0,
    "grossProfit": 0,
    "grossProfitRatio": 0,
    "researchAndDevelopmentExpenses": 0,
    "generalAndAdministrativeExpenses": 0,
    "sellingAndMarketingExpenses": 0,
    "sellingGeneralAndAdministrativeExpenses": 0,
    "otherExpenses": 2942700000,
    "operatingExpenses": 2942700000,
    "costAndExpenses": 2942700000,
    "interestIncome": 0,
    "interestExpense": 0,
    "depreciationAndAmortization": 0,
    "ebitda": 2942700000,
    "ebitdaratio": 1,
    "operatingIncome": 2942700000,
    "operatingIncomeRatio": 1,
    "totalOtherIncomeExpensesNet": -2942700000,
    "incomeBeforeTax": 0,
    "incomeBeforeTaxRatio": 0,
    "incomeTaxExpense": 0,
    "netIncome": 271600000,
    "netIncomeRatio": 0.0922961906,
    "eps": 3.31,
    "epsdiluted": 3.31,
    "weightedAverageShsOut": 82054381,
    "weightedAverageShsOutDil": 82054381,
    "link": "",
    "finalLink": ""
  },
  {
    "date": "1987-12-31",
    "symbol": "CMS",
    "reportedCurrency": "USD",
    "cik": "0000811156",
    "fillingDate": "1987-12-31",
    "acceptedDate": "1987-12-30 19:00:00",
    "calendarYear": "1987",
    "period": "FY",
    "revenue": 2800500000,
    "costOfRevenue": 0,
    "grossProfit": 0,
    "grossProfitRatio": 0,
    "researchAndDevelopmentExpenses": 0,
    "generalAndAdministrativeExpenses": 0,
    "sellingAndMarketingExpenses": 0,
    "sellingGeneralAndAdministrativeExpenses": 0,
    "otherExpenses": 2800500000,
    "operatingExpenses": 2800500000,
    "costAndExpenses": 2800500000,
    "interestIncome": 0,
    "interestExpense": 0,
    "depreciationAndAmortization": 0,
    "ebitda": 2800500000,
    "ebitdaratio": 1,
    "operatingIncome": 2800500000,
    "operatingIncomeRatio": 1,
    "totalOtherIncomeExpensesNet": -2800500000,
    "incomeBeforeTax": 0,
    "incomeBeforeTaxRatio": 0,
    "incomeTaxExpense": 0,
    "netIncome": 186900000,
    "netIncomeRatio": 0.0667380825,
    "eps": 2.19,
    "epsdiluted": 2.19,
    "weightedAverageShsOut": 85342466,
    "weightedAverageShsOutDil": 85342466,
    "link": "",
    "finalLink": ""
  },
  {
    "date": "1986-12-31",
    "symbol": "CMS",
    "reportedCurrency": "USD",
    "cik": "0000811156",
    "fillingDate": "1986-12-31",
    "acceptedDate": "1986-12-30 19:00:00",
    "calendarYear": "1986",
    "period": "FY",
    "revenue": 3108400000,
    "costOfRevenue": 0,
    "grossProfit": 0,
    "grossProfitRatio": 0,
    "researchAndDevelopmentExpenses": 0,
    "generalAndAdministrativeExpenses": 0,
    "sellingAndMarketingExpenses": 0,
    "sellingGeneralAndAdministrativeExpenses": 0,
    "otherExpenses": 3108400000,
    "operatingExpenses": 3108400000,
    "costAndExpenses": 3108400000,
    "interestIncome": 0,
    "interestExpense": 0,
    "depreciationAndAmortization": 0,
    "ebitda": 3108400000,
    "ebitdaratio": 1,
    "operatingIncome": 3108400000,
    "operatingIncomeRatio": 1,
    "totalOtherIncomeExpensesNet": -3108400000,
    "incomeBeforeTax": 0,
    "incomeBeforeTaxRatio": 0,
    "incomeTaxExpense": 0,
    "netIncome": 177800000,
    "netIncomeRatio": 0.0571998456,
    "eps": 0.74,
    "epsdiluted": 0.74,
    "weightedAverageShsOut": 87837838,
    "weightedAverageShsOutDil": 87837838,
    "link": "",
    "finalLink": ""
  },
  {
    "date": "1985-12-31",
    "symbol": "CMS",
    "reportedCurrency": "USD",
    "cik": "0000811156",
    "fillingDate": "1985-12-31",
    "acceptedDate": "1985-12-30 19:00:00",
    "calendarYear": "1985",
    "period": "FY",
    "revenue": 3298300000,
    "costOfRevenue": 0,
    "grossProfit": 0,
    "grossProfitRatio": 0,
    "researchAndDevelopmentExpenses": 0,
    "generalAndAdministrativeExpenses": 0,
    "sellingAndMarketingExpenses": 0,
    "sellingGeneralAndAdministrativeExpenses": 0,
    "otherExpenses": 3298300000,
    "operatingExpenses": 3298300000,
    "costAndExpenses": 3298300000,
    "interestIncome": 0,
    "interestExpense": 0,
    "depreciationAndAmortization": 0,
    "ebitda": 3298300000,
    "ebitdaratio": 1,
    "operatingIncome": 3298300000,
    "operatingIncomeRatio": 1,
    "totalOtherIncomeExpensesNet": -3298300000,
    "incomeBeforeTax": 0,
    "incomeBeforeTaxRatio": 0,
    "incomeTaxExpense": 0,
    "netIncome": -269800000,
    "netIncomeRatio": -0.081799715,
    "eps": -3.06,
    "epsdiluted": -3.06,
    "weightedAverageShsOut": 88144796,
    "weightedAverageShsOutDil": 88144796,
    "link": "",
    "finalLink": ""
  }
]