[
  {
    "date": "2025-06-30",
    "symbol": "CNC",
    "reportedCurrency": "USD",
    "cik": "0001071739",
    "fillingDate": "2025-07-25",
    "acceptedDate": "2025-07-24 21:45:00",
    "calendarYear": "2025",
    "period": "Q2",
    "revenue": 48742000000,
    "costOfRevenue": 45795000000,
    "grossProfit": 2947000000,
    "grossProfitRatio": 0.0604612039,
    "researchAndDevelopmentExpenses": 0,
    "generalAndAdministrativeExpenses": 0,
    "sellingAndMarketingExpenses": 0,
    "sellingGeneralAndAdministrativeExpenses": 3036000000,
    "otherExpenses": 313000000,
    "operatingExpenses": 3349000000,
    "costAndExpenses": 49144000000,
    "interestIncome": 0,
    "interestExpense": 170000000,
    "depreciationAndAmortization": 0,
    "ebitda": -87000000,
    "ebitdaratio": -0.0017849083,
    "operatingIncome": -402000000,
    "operatingIncomeRatio": -0.0082475073,
    "totalOtherIncomeExpensesNet": 145000000,
    "incomeBeforeTax": -257000000,
    "incomeBeforeTaxRatio": -0.0052726601,
    "incomeTaxExpense": 2000000,
    "netIncome": -253000000,
    "netIncomeRatio": -0.0051905954,
    "eps": -0.51,
    "epsdiluted": -0.51,
    "weightedAverageShsOut": 493548000,
    "weightedAverageShsOutDil": 493548000,
    "link": "https://www.sec.gov/Archives/edgar/data/1071739/000107173925000150/0001071739-25-000150-index.htm",
    "finalLink": "https://www.sec.gov/Archives/edgar/data/1071739/000107173925000150/cnc-20250630.htm"
  },
  {
    "date": "2025-03-31",
    "symbol": "CNC",
    "reportedCurrency": "USD",
    "cik": "0001071739",
    "fillingDate": "2025-04-25",
    "acceptedDate": "2025-04-24 20:18:11",
    "calendarYear": "2025",
    "period": "Q1",
    "revenue": 46620000000,
    "costOfRevenue": 41418000000,
    "grossProfit": 5202000000,
    "grossProfitRatio": 0.1115830116,
    "researchAndDevelopmentExpenses": 0,
    "generalAndAdministrativeExpenses": 0,
    "sellingAndMarketingExpenses": 0,
    "sellingGeneralAndAdministrativeExpenses": 3353000000,
    "otherExpenses": 315000000,
    "operatingExpenses": 3668000000,
    "costAndExpenses": 45086000000,
    "interestIncome": 0,
    "interestExpense": 170000000,
    "depreciationAndAmortization": 315000000,
    "ebitda": 2231000000,
    "ebitdaratio": 0.0478549979,
    "operatingIncome": 1534000000,
    "operatingIncomeRatio": 0.0329043329,
    "totalOtherIncomeExpensesNet": 212000000,
    "incomeBeforeTax": 1746000000,
    "incomeBeforeTaxRatio": 0.0374517375,
    "incomeTaxExpense": 432000000,
    "netIncome": 1311000000,
    "netIncomeRatio": 0.0281209781,
    "eps": 2.64,
    "epsdiluted": 2.63,
    "weightedAverageShsOut": 496214000,
    "weightedAverageShsOutDil": 498180000,
    "link": "https://www.sec.gov/Archives/edgar/data/1071739/000107173925000086/0001071739-25-000086-index.htm",
    "finalLink": "https://www.sec.gov/Archives/edgar/data/1071739/000107173925000086/cnc-20250331.htm"
  },
  {
    "date": "2024-12-31",
    "symbol": "CNC",
    "reportedCurrency": "USD",
    "cik": "0001071739",
    "fillingDate": "2025-02-18",
    "acceptedDate": "2025-02-18 17:02:34",
    "calendarYear": "2024",
    "period": "Q4",
    "revenue": 40805000000,
    "costOfRevenue": 37085000000,
    "grossProfit": 3720000000,
    "grossProfitRatio": 0.0911652984,
    "researchAndDevelopmentExpenses": 0,
    "generalAndAdministrativeExpenses": 0,
    "sellingAndMarketingExpenses": 0,
    "sellingGeneralAndAdministrativeExpenses": 3231000000,
    "otherExpenses": 314000000,
    "operatingExpenses": 3545000000,
    "costAndExpenses": 40630000000,
    "interestIncome": 0,
    "interestExpense": 172000000,
    "depreciationAndAmortization": 314000000,
    "ebitda": 833000000,
    "ebitdaratio": 0.0204141649,
    "operatingIncome": 175000000,
    "operatingIncomeRatio": 0.0042886901,
    "totalOtherIncomeExpensesNet": 172000000,
    "incomeBeforeTax": 347000000,
    "incomeBeforeTaxRatio": 0.0085038598,
    "incomeTaxExpense": 67000000,
    "netIncome": 283000000,
    "netIncomeRatio": 0.0069354246,
    "eps": 0.57,
    "epsdiluted": 0.56,
    "weightedAverageShsOut": 500424000,
    "weightedAverageShsOutDil": 501978000,
    "link": "https://www.sec.gov/Archives/edgar/data/1071739/000107173925000027/0001071739-25-000027-index.htm",
    "finalLink": "https://www.sec.gov/Archives/edgar/data/1071739/000107173925000027/cnc-20241231.htm"
  },
  {
    "date": "2024-09-30",
    "symbol": "CNC",
    "reportedCurrency": "USD",
    "cik": "0001071739",
    "fillingDate": "2024-10-25",
    "acceptedDate": "2024-10-24 19:24:57",
    "calendarYear": "2024",
    "period": "Q3",
    "revenue": 42023000000,
    "costOfRevenue": 37988000000,
    "grossProfit": 4035000000,
    "grossProfitRatio": 0.0960188468,
    "researchAndDevelopmentExpenses": 0,
    "generalAndAdministrativeExpenses": 0,
    "sellingAndMarketingExpenses": 0,
    "sellingGeneralAndAdministrativeExpenses": 3057000000,
    "otherExpenses": 313000000,
    "operatingExpenses": 3370000000,
    "costAndExpenses": 41358000000,
    "interestIncome": 0,
    "interestExpense": 176000000,
    "depreciationAndAmortization": 313000000,
    "ebitda": 1410000000,
    "ebitdaratio": 0.0335530543,
    "operatingIncome": 665000000,
    "operatingIncomeRatio": 0.0158246674,
    "totalOtherIncomeExpensesNet": 256000000,
    "incomeBeforeTax": 921000000,
    "incomeBeforeTaxRatio": 0.0219165695,
    "incomeTaxExpense": 211000000,
    "netIncome": 713000000,
    "netIncomeRatio": 0.0169668991,
    "eps": 1.37,
    "epsdiluted": 1.36,
    "weightedAverageShsOut": 521965000,
    "weightedAverageShsOutDil": 523542000,
    "link": "https://www.sec.gov/Archives/edgar/data/1071739/000107173924000200/0001071739-24-000200-index.htm",
    "finalLink": "https://www.sec.gov/Archives/edgar/data/1071739/000107173924000200/cnc-20240930.htm"
  },
  {
    "date": "2024-06-30",
    "symbol": "CNC",
    "reportedCurrency": "USD",
    "cik": "0001071739",
    "fillingDate": "2024-07-26",
    "acceptedDate": "2024-07-25 18:05:54",
    "calendarYear": "2024",
    "period": "Q2",
    "revenue": 39836000000,
    "costOfRevenue": 35407000000,
    "grossProfit": 4429000000,
    "grossProfitRatio": 0.1111808414,
    "researchAndDevelopmentExpenses": 0,
    "generalAndAdministrativeExpenses": 0,
    "sellingAndMarketingExpenses": 0,
    "sellingGeneralAndAdministrativeExpenses": 2894000000,
    "otherExpenses": 306000000,
    "operatingExpenses": 3200000000,
    "costAndExpenses": 38607000000,
    "interestIncome": 0,
    "interestExpense": 176000000,
    "depreciationAndAmortization": 306000000,
    "ebitda": 1998000000,
    "ebitdaratio": 0.0501556381,
    "operatingIncome": 1229000000,
    "operatingIncomeRatio": 0.0308514911,
    "totalOtherIncomeExpensesNet": 287000000,
    "incomeBeforeTax": 1516000000,
    "incomeBeforeTaxRatio": 0.0380560297,
    "incomeTaxExpense": 370000000,
    "netIncome": 1146000000,
    "netIncomeRatio": 0.0287679486,
    "eps": 2.16,
    "epsdiluted": 2.16,
    "weightedAverageShsOut": 529602000,
    "weightedAverageShsOutDil": 530755000,
    "link": "https://www.sec.gov/Archives/edgar/data/1071739/000107173924000157/0001071739-24-000157-index.htm",
    "finalLink": "https://www.sec.gov/Archives/edgar/data/1071739/000107173924000157/cnc-20240630.htm"
  },
  {
    "date": "2024-03-31",
    "symbol": "CNC",
    "reportedCurrency": "USD",
    "cik": "0001071739",
    "fillingDate": "2024-04-26",
    "acceptedDate": "2024-04-25 19:08:02",
    "calendarYear": "2024",
    "period": "Q1",
    "revenue": 40407000000,
    "costOfRevenue": 35762000000,
    "grossProfit": 4645000000,
    "grossProfitRatio": 0.1149553295,
    "researchAndDevelopmentExpenses": 0,
    "generalAndAdministrativeExpenses": 0,
    "sellingAndMarketingExpenses": 0,
    "sellingGeneralAndAdministrativeExpenses": 3218000000,
    "otherExpenses": 321000000,
    "operatingExpenses": 3539000000,
    "costAndExpenses": 39301000000,
    "interestIncome": 0,
    "interestExpense": 178000000,
    "depreciationAndAmortization": 308000000,
    "ebitda": 1959000000,
    "ebitdaratio": 0.0484816987,
    "operatingIncome": 1106000000,
    "operatingIncomeRatio": 0.027371495,
    "totalOtherIncomeExpensesNet": 367000000,
    "incomeBeforeTax": 1473000000,
    "incomeBeforeTaxRatio": 0.0364540797,
    "incomeTaxExpense": 315000000,
    "netIncome": 1163000000,
    "netIncomeRatio": 0.0287821417,
    "eps": 2.17,
    "epsdiluted": 2.16,
    "weightedAverageShsOut": 535109000,
    "weightedAverageShsOutDil": 538060000,
    "link": "https://www.sec.gov/Archives/edgar/data/1071739/000107173924000097/0001071739-24-000097-index.htm",
    "finalLink": "https://www.sec.gov/Archives/edgar/data/1071739/000107173924000097/cnc-20240331.htm"
  },
  {
    "date": "2023-12-31",
    "symbol": "CNC",
    "reportedCurrency": "USD",
    "cik": "0001071739",
    "fillingDate": "2024-02-20",
    "acceptedDate": "2024-02-20 16:34:20",
    "calendarYear": "2023",
    "period": "Q4",
    "revenue": 39460000000,
    "costOfRevenue": 35800000000,
    "grossProfit": 3660000000,
    "grossProfitRatio": 0.0927521541,
    "researchAndDevelopmentExpenses": 0,
    "generalAndAdministrativeExpenses": 0,
    "sellingAndMarketingExpenses": 0,
    "sellingGeneralAndAdministrativeExpenses": 3488000000,
    "otherExpenses": 366000000,
    "operatingExpenses": 3854000000,
    "costAndExpenses": 39654000000,
    "interestIncome": 0,
    "interestExpense": 183000000,
    "depreciationAndAmortization": 315000000,
    "ebitda": 522000000,
    "ebitdaratio": 0.0132285859,
    "operatingIncome": -194000000,
    "operatingIncomeRatio": -0.004916371,
    "totalOtherIncomeExpensesNet": 218000000,
    "incomeBeforeTax": 24000000,
    "incomeBeforeTaxRatio": 0.0006082108,
    "incomeTaxExpense": -15000000,
    "netIncome": 45000000,
    "netIncomeRatio": 0.0011403953,
    "eps": 0.0842,
    "epsdiluted": 0.0837,
    "weightedAverageShsOut": 534254000,
    "weightedAverageShsOutDil": 537614000,
    "link": "https://www.sec.gov/Archives/edgar/data/1071739/000107173924000037/0001071739-24-000037-index.htm",
    "finalLink": "https://www.sec.gov/Archives/edgar/data/1071739/000107173924000037/cnc-20231231.htm"
  },
  {
    "date": "2023-09-30",
    "symbol": "CNC",
    "reportedCurrency": "USD",
    "cik": "0001071739",
    "fillingDate": "2023-10-24",
    "acceptedDate": "2023-10-23 18:48:57",
    "calendarYear": "2023",
    "period": "Q3",
    "revenue": 38042000000,
    "costOfRevenue": 33491000000,
    "grossProfit": 4551000000,
    "grossProfitRatio": 0.1196309342,
    "researchAndDevelopmentExpenses": 0,
    "generalAndAdministrativeExpenses": 3048000000,
    "sellingAndMarketingExpenses": 0,
    "sellingGeneralAndAdministrativeExpenses": 3048000000,
    "otherExpenses": 768000000,
    "operatingExpenses": 3816000000,
    "costAndExpenses": 37307000000,
    "interestIncome": 0,
    "interestExpense": 181000000,
    "depreciationAndAmortization": 328000000,
    "ebitda": 1277000000,
    "ebitdaratio": 0.0335681615,
    "operatingIncome": 735000000,
    "operatingIncomeRatio": 0.0193207507,
    "totalOtherIncomeExpensesNet": 33000000,
    "incomeBeforeTax": 768000000,
    "incomeBeforeTaxRatio": 0.020188213,
    "incomeTaxExpense": 293000000,
    "netIncome": 469000000,
    "netIncomeRatio": 0.012328479,
    "eps": 0.87,
    "epsdiluted": 0.87,
    "weightedAverageShsOut": 539535000,
    "weightedAverageShsOutDil": 541270000,
    "link": "https://www.sec.gov/Archives/edgar/data/1071739/000107173923000209/0001071739-23-000209-index.htm",
    "finalLink": "https://www.sec.gov/Archives/edgar/data/1071739/000107173923000209/cnc-20230930.htm"
  },
  {
    "date": "2023-06-30",
    "symbol": "CNC",
    "reportedCurrency": "USD",
    "cik": "0001071739",
    "fillingDate": "2023-07-28",
    "acceptedDate": "2023-07-27 18:21:26",
    "calendarYear": "2023",
    "period": "Q2",
    "revenue": 37608000000,
    "costOfRevenue": 33078000000,
    "grossProfit": 4530000000,
    "grossProfitRatio": 0.1204530951,
    "researchAndDevelopmentExpenses": 0,
    "generalAndAdministrativeExpenses": 0,
    "sellingAndMarketingExpenses": 0,
    "sellingGeneralAndAdministrativeExpenses": 3016000000,
    "otherExpenses": 343000000,
    "operatingExpenses": 3359000000,
    "costAndExpenses": 36437000000,
    "interestIncome": 0,
    "interestExpense": 181000000,
    "depreciationAndAmortization": 325000000,
    "ebitda": 1921000000,
    "ebitdaratio": 0.0510795575,
    "operatingIncome": 1171000000,
    "operatingIncomeRatio": 0.0311369921,
    "totalOtherIncomeExpensesNet": 244000000,
    "incomeBeforeTax": 1415000000,
    "incomeBeforeTaxRatio": 0.0376249734,
    "incomeTaxExpense": 360000000,
    "netIncome": 1058000000,
    "netIncomeRatio": 0.0281323123,
    "eps": 1.93,
    "epsdiluted": 1.92,
    "weightedAverageShsOut": 548932000,
    "weightedAverageShsOutDil": 550308000,
    "link": "https://www.sec.gov/Archives/edgar/data/1071739/000107173923000183/0001071739-23-000183-index.htm",
    "finalLink": "https://www.sec.gov/Archives/edgar/data/1071739/000107173923000183/cnc-20230630.htm"
  },
  {
    "date": "2023-03-31",
    "symbol": "CNC",
    "reportedCurrency": "USD",
    "cik": "0001071739",
    "fillingDate": "2023-04-25",
    "acceptedDate": "2023-04-24 21:17:06",
    "calendarYear": "2023",
    "period": "Q1",
    "revenue": 38889000000,
    "costOfRevenue": 34315000000,
    "grossProfit": 4574000000,
    "grossProfitRatio": 0.1176168068,
    "researchAndDevelopmentExpenses": 0,
    "generalAndAdministrativeExpenses": 0,
    "sellingAndMarketingExpenses": 0,
    "sellingGeneralAndAdministrativeExpenses": 3011000000,
    "otherExpenses": 345000000,
    "operatingExpenses": 3356000000,
    "costAndExpenses": 37671000000,
    "interestIncome": 0,
    "interestExpense": 180000000,
    "depreciationAndAmortization": 325000000,
    "ebitda": 1896000000,
    "ebitdaratio": 0.0487541464,
    "operatingIncome": 1218000000,
    "operatingIncomeRatio": 0.0313199105,
    "totalOtherIncomeExpensesNet": 173000000,
    "incomeBeforeTax": 1391000000,
    "incomeBeforeTaxRatio": 0.0357684692,
    "incomeTaxExpense": 261000000,
    "netIncome": 1130000000,
    "netIncomeRatio": 0.0290570598,
    "eps": 2.05,
    "epsdiluted": 2.04,
    "weightedAverageShsOut": 550779000,
    "weightedAverageShsOutDil": 553845000,
    "link": "https://www.sec.gov/Archives/edgar/data/1071739/000107173923000116/0001071739-23-000116-index.htm",
    "finalLink": "https://www.sec.gov/Archives/edgar/data/1071739/000107173923000116/cnc-20230331.htm"
  },
  {
    "date": "2022-12-31",
    "symbol": "CNC",
    "reportedCurrency": "USD",
    "cik": "0001071739",
    "fillingDate": "2023-02-21",
    "acceptedDate": "2023-02-21 16:29:25",
    "calendarYear": "2022",
    "period": "Q4",
    "revenue": 35561000000,
    "costOfRevenue": 31714000000,
    "grossProfit": 3847000000,
    "grossProfitRatio": 0.1081803099,
    "researchAndDevelopmentExpenses": 0,
    "generalAndAdministrativeExpenses": 0,
    "sellingAndMarketingExpenses": 0,
    "sellingGeneralAndAdministrativeExpenses": 3198000000,
    "otherExpenses": 931000000,
    "operatingExpenses": 4129000000,
    "costAndExpenses": 35843000000,
    "interestIncome": 0,
    "interestExpense": 174000000,
    "depreciationAndAmortization": 375000000,
    "ebitda": 590000000,
    "ebitdaratio": 0.0165912095,
    "operatingIncome": -282000000,
    "operatingIncomeRatio": -0.0079300357,
    "totalOtherIncomeExpensesNet": 323000000,
    "incomeBeforeTax": 41000000,
    "incomeBeforeTaxRatio": 0.0011529485,
    "incomeTaxExpense": 260000000,
    "netIncome": -213000000,
    "netIncomeRatio": -0.0059897078,
    "eps": -0.39,
    "epsdiluted": -0.39,
    "weightedAverageShsOut": 559934000,
    "weightedAverageShsOutDil": 559934000,
    "link": "https://www.sec.gov/Archives/edgar/data/1071739/000107173923000047/0001071739-23-000047-index.htm",
    "finalLink": "https://www.sec.gov/Archives/edgar/data/1071739/000107173923000047/cnc-20221231.htm"
  },
  {
    "date": "2022-09-30",
    "symbol": "CNC",
    "reportedCurrency": "USD",
    "cik": "0001071739",
    "fillingDate": "2022-10-25",
    "acceptedDate": "2022-10-24 21:06:31",
    "calendarYear": "2022",
    "period": "Q3",
    "revenue": 35865000000,
    "costOfRevenue": 31893000000,
    "grossProfit": 3972000000,
    "grossProfitRatio": 0.1107486407,
    "researchAndDevelopmentExpenses": 0,
    "generalAndAdministrativeExpenses": 2846000000,
    "sellingAndMarketingExpenses": 0,
    "sellingGeneralAndAdministrativeExpenses": 2846000000,
    "otherExpenses": 650000000,
    "operatingExpenses": 3496000000,
    "costAndExpenses": 35389000000,
    "interestIncome": 0,
    "interestExpense": 169000000,
    "depreciationAndAmortization": 361000000,
    "ebitda": 1539000000,
    "ebitdaratio": 0.0429109159,
    "operatingIncome": 476000000,
    "operatingIncomeRatio": 0.0132719922,
    "totalOtherIncomeExpensesNet": 533000000,
    "incomeBeforeTax": 1009000000,
    "incomeBeforeTaxRatio": 0.0281332776,
    "incomeTaxExpense": 269000000,
    "netIncome": 738000000,
    "netIncomeRatio": 0.0205771644,
    "eps": 1.29,
    "epsdiluted": 1.27,
    "weightedAverageShsOut": 573961000,
    "weightedAverageShsOutDil": 580607000,
    "link": "https://www.sec.gov/Archives/edgar/data/1071739/000107173922000361/0001071739-22-000361-index.htm",
    "finalLink": "https://www.sec.gov/Archives/edgar/data/1071739/000107173922000361/cnc-20220930.htm"
  },
  {
    "date": "2022-06-30",
    "symbol": "CNC",
    "reportedCurrency": "USD",
    "cik": "0001071739",
    "fillingDate": "2022-07-26",
    "acceptedDate": "2022-07-25 21:24:41",
    "calendarYear": "2022",
    "period": "Q2",
    "revenue": 35936000000,
    "costOfRevenue": 31452000000,
    "grossProfit": 4484000000,
    "grossProfitRatio": 0.124777382,
    "researchAndDevelopmentExpenses": 0,
    "generalAndAdministrativeExpenses": 2800000000,
    "sellingAndMarketingExpenses": 0,
    "sellingGeneralAndAdministrativeExpenses": 2800000000,
    "otherExpenses": 1813000000,
    "operatingExpenses": 4613000000,
    "costAndExpenses": 36065000000,
    "interestIncome": 0,
    "interestExpense": 162000000,
    "depreciationAndAmortization": 363000000,
    "ebitda": 289000000,
    "ebitdaratio": 0.0080420748,
    "operatingIncome": -129000000,
    "operatingIncomeRatio": -0.003589715,
    "totalOtherIncomeExpensesNet": -107000000,
    "incomeBeforeTax": -236000000,
    "incomeBeforeTaxRatio": -0.0065672306,
    "incomeTaxExpense": -65000000,
    "netIncome": -172000000,
    "netIncomeRatio": -0.0047862867,
    "eps": -0.29,
    "epsdiluted": -0.29,
    "weightedAverageShsOut": 583644000,
    "weightedAverageShsOutDil": 583644000,
    "link": "https://www.sec.gov/Archives/edgar/data/1071739/000107173922000286/0001071739-22-000286-index.htm",
    "finalLink": "https://www.sec.gov/Archives/edgar/data/1071739/000107173922000286/cnc-20220630.htm"
  },
  {
    "date": "2022-03-31",
    "symbol": "CNC",
    "reportedCurrency": "USD",
    "cik": "0001071739",
    "fillingDate": "2022-04-26",
    "acceptedDate": "2022-04-25 20:49:46",
    "calendarYear": "2022",
    "period": "Q1",
    "revenue": 37185000000,
    "costOfRevenue": 32832000000,
    "grossProfit": 4353000000,
    "grossProfitRatio": 0.117063332,
    "researchAndDevelopmentExpenses": 0,
    "generalAndAdministrativeExpenses": 2745000000,
    "sellingAndMarketingExpenses": 0,
    "sellingGeneralAndAdministrativeExpenses": 2745000000,
    "otherExpenses": 355000000,
    "operatingExpenses": 3100000000,
    "costAndExpenses": 35932000000,
    "interestIncome": 0,
    "interestExpense": 160000000,
    "depreciationAndAmortization": 390000000,
    "ebitda": 1698000000,
    "ebitdaratio": 0.045663574,
    "operatingIncome": 1253000000,
    "operatingIncomeRatio": 0.033696383,
    "totalOtherIncomeExpensesNet": -105000000,
    "incomeBeforeTax": 1148000000,
    "incomeBeforeTaxRatio": 0.0308726637,
    "incomeTaxExpense": 296000000,
    "netIncome": 849000000,
    "netIncomeRatio": 0.022831787,
    "eps": 1.46,
    "epsdiluted": 1.44,
    "weightedAverageShsOut": 583230000,
    "weightedAverageShsOutDil": 590658000,
    "link": "https://www.sec.gov/Archives/edgar/data/1071739/000107173922000177/0001071739-22-000177-index.htm",
    "finalLink": "https://www.sec.gov/Archives/edgar/data/1071739/000107173922000177/cnc-20220331.htm"
  },
  {
    "date": "2021-12-31",
    "symbol": "CNC",
    "reportedCurrency": "USD",
    "cik": "0001071739",
    "fillingDate": "2022-02-22",
    "acceptedDate": "2022-02-22 16:58:11",
    "calendarYear": "2021",
    "period": "Q4",
    "revenue": 32568000000,
    "costOfRevenue": 28934000000,
    "grossProfit": 3634000000,
    "grossProfitRatio": 0.1115819209,
    "researchAndDevelopmentExpenses": 0,
    "generalAndAdministrativeExpenses": 2842000000,
    "sellingAndMarketingExpenses": 0,
    "sellingGeneralAndAdministrativeExpenses": 2842000000,
    "otherExpenses": 189000000,
    "operatingExpenses": 3031000000,
    "costAndExpenses": 31965000000,
    "interestIncome": 0,
    "interestExpense": 162000000,
    "depreciationAndAmortization": 378000000,
    "ebitda": 1234000000,
    "ebitdaratio": 0.0378899533,
    "operatingIncome": 603000000,
    "operatingIncomeRatio": 0.0185151069,
    "totalOtherIncomeExpensesNet": 91000000,
    "incomeBeforeTax": 694000000,
    "incomeBeforeTaxRatio": 0.0213092606,
    "incomeTaxExpense": 101000000,
    "netIncome": 599000000,
    "netIncomeRatio": 0.0183922869,
    "eps": 1.03,
    "epsdiluted": 1.01,
    "weightedAverageShsOut": 583420000,
    "weightedAverageShsOutDil": 591757000,
    "link": "https://www.sec.gov/Archives/edgar/data/1071739/000107173922000071/0001071739-22-000071-index.htm",
    "finalLink": "https://www.sec.gov/Archives/edgar/data/1071739/000107173922000071/cnc-20211231.htm"
  },
  {
    "date": "2021-09-30",
    "symbol": "CNC",
    "reportedCurrency": "USD",
    "cik": "0001071739",
    "fillingDate": "2021-10-26",
    "acceptedDate": "2021-10-25 20:48:51",
    "calendarYear": "2021",
    "period": "Q3",
    "revenue": 32406000000,
    "costOfRevenue": 28750000000,
    "grossProfit": 3656000000,
    "grossProfitRatio": 0.1128186138,
    "researchAndDevelopmentExpenses": 0,
    "generalAndAdministrativeExpenses": 2537000000,
    "sellingAndMarketingExpenses": 0,
    "sellingGeneralAndAdministrativeExpenses": 2537000000,
    "otherExpenses": 574000000,
    "operatingExpenses": 3111000000,
    "costAndExpenses": 31861000000,
    "interestIncome": 0,
    "interestExpense": 170000000,
    "depreciationAndAmortization": 381000000,
    "ebitda": 1271000000,
    "ebitdaratio": 0.0392211319,
    "operatingIncome": 545000000,
    "operatingIncomeRatio": 0.0168178732,
    "totalOtherIncomeExpensesNet": 175000000,
    "incomeBeforeTax": 720000000,
    "incomeBeforeTaxRatio": 0.0222181078,
    "incomeTaxExpense": 139000000,
    "netIncome": 584000000,
    "netIncomeRatio": 0.0180213541,
    "eps": 1,
    "epsdiluted": 0.99,
    "weightedAverageShsOut": 583244000,
    "weightedAverageShsOutDil": 590702000,
    "link": "https://www.sec.gov/Archives/edgar/data/1071739/000107173921000226/0001071739-21-000226-index.htm",
    "finalLink": "https://www.sec.gov/Archives/edgar/data/1071739/000107173921000226/cnc-20210930.htm"
  },
  {
    "date": "2021-06-30",
    "symbol": "CNC",
    "reportedCurrency": "USD",
    "cik": "0001071739",
    "fillingDate": "2021-07-27",
    "acceptedDate": "2021-07-26 21:14:54",
    "calendarYear": "2021",
    "period": "Q2",
    "revenue": 31025000000,
    "costOfRevenue": 27732000000,
    "grossProfit": 3293000000,
    "grossProfitRatio": 0.1061402095,
    "researchAndDevelopmentExpenses": 0,
    "generalAndAdministrativeExpenses": 2139000000,
    "sellingAndMarketingExpenses": 0,
    "sellingGeneralAndAdministrativeExpenses": 2139000000,
    "otherExpenses": 1572000000,
    "operatingExpenses": 3711000000,
    "costAndExpenses": 31443000000,
    "interestIncome": 0,
    "interestExpense": 163000000,
    "depreciationAndAmortization": 356000000,
    "ebitda": -23000000,
    "ebitdaratio": -0.0007413376,
    "operatingIncome": -418000000,
    "operatingIncomeRatio": -0.0134730056,
    "totalOtherIncomeExpensesNet": -124000000,
    "incomeBeforeTax": -542000000,
    "incomeBeforeTaxRatio": -0.0174697824,
    "incomeTaxExpense": -7000000,
    "netIncome": -535000000,
    "netIncomeRatio": -0.0172441579,
    "eps": -0.92,
    "epsdiluted": -0.92,
    "weightedAverageShsOut": 582795019,
    "weightedAverageShsOutDil": 582804000,
    "link": "https://www.sec.gov/Archives/edgar/data/1071739/000107173921000183/0001071739-21-000183-index.htm",
    "finalLink": "https://www.sec.gov/Archives/edgar/data/1071739/000107173921000183/cnc-20210630.htm"
  },
  {
    "date": "2021-03-31",
    "symbol": "CNC",
    "reportedCurrency": "USD",
    "cik": "0001071739",
    "fillingDate": "2021-04-27",
    "acceptedDate": "2021-04-26 20:55:47",
    "calendarYear": "2021",
    "period": "Q1",
    "revenue": 29983000000,
    "costOfRevenue": 26367000000,
    "grossProfit": 3616000000,
    "grossProfitRatio": 0.1206016743,
    "researchAndDevelopmentExpenses": 0,
    "generalAndAdministrativeExpenses": 2234000000,
    "sellingAndMarketingExpenses": 0,
    "sellingGeneralAndAdministrativeExpenses": 2234000000,
    "otherExpenses": 328000000,
    "operatingExpenses": 2562000000,
    "costAndExpenses": 28929000000,
    "interestIncome": 0,
    "interestExpense": 170000000,
    "depreciationAndAmortization": 361000000,
    "ebitda": 1472000000,
    "ebitdaratio": 0.0490944869,
    "operatingIncome": 1054000000,
    "operatingIncomeRatio": 0.0351532535,
    "totalOtherIncomeExpensesNet": -113000000,
    "incomeBeforeTax": 941000000,
    "incomeBeforeTaxRatio": 0.0313844512,
    "incomeTaxExpense": 244000000,
    "netIncome": 699000000,
    "netIncomeRatio": 0.0233132108,
    "eps": 1.2,
    "epsdiluted": 1.19,
    "weightedAverageShsOut": 581869000,
    "weightedAverageShsOutDil": 589343000,
    "link": "https://www.sec.gov/Archives/edgar/data/1071739/000107173921000092/0001071739-21-000092-index.htm",
    "finalLink": "https://www.sec.gov/Archives/edgar/data/1071739/000107173921000092/cnc-20210331.htm"
  },
  {
    "date": "2020-12-31",
    "symbol": "CNC",
    "reportedCurrency": "USD",
    "cik": "0001071739",
    "fillingDate": "2021-02-22",
    "acceptedDate": "2021-02-22 16:43:34",
    "calendarYear": "2020",
    "period": "Q4",
    "revenue": 28288000000,
    "costOfRevenue": 24984000000,
    "grossProfit": 3304000000,
    "grossProfitRatio": 0.1167986425,
    "researchAndDevelopmentExpenses": 0,
    "generalAndAdministrativeExpenses": 3097000000,
    "sellingAndMarketingExpenses": 0,
    "sellingGeneralAndAdministrativeExpenses": 3097000000,
    "otherExpenses": 192000000,
    "operatingExpenses": 3289000000,
    "costAndExpenses": 28273000000,
    "interestIncome": 0,
    "interestExpense": 177000000,
    "depreciationAndAmortization": 343000000,
    "ebitda": 446000000,
    "ebitdaratio": 0.0157664027,
    "operatingIncome": 15000000,
    "operatingIncomeRatio": 0.0005302602,
    "totalOtherIncomeExpensesNet": -89000000,
    "incomeBeforeTax": -74000000,
    "incomeBeforeTaxRatio": -0.0026159502,
    "incomeTaxExpense": -55000000,
    "netIncome": -12000000,
    "netIncomeRatio": -0.0004242081,
    "eps": -0.0214,
    "epsdiluted": -0.0207,
    "weightedAverageShsOut": 560878709,
    "weightedAverageShsOutDil": 580129000,
    "link": "https://www.sec.gov/Archives/edgar/data/1071739/000107173921000039/0001071739-21-000039-index.htm",
    "finalLink": "https://www.sec.gov/Archives/edgar/data/1071739/000107173921000039/cnc-20201231.htm"
  },
  {
    "date": "2020-09-30",
    "symbol": "CNC",
    "reportedCurrency": "USD",
    "cik": "0001071739",
    "fillingDate": "2020-10-27",
    "acceptedDate": "2020-10-26 19:58:04",
    "calendarYear": "2020",
    "period": "Q3",
    "revenue": 29090000000,
    "costOfRevenue": 25182000000,
    "grossProfit": 3908000000,
    "grossProfitRatio": 0.1343416982,
    "researchAndDevelopmentExpenses": 0,
    "generalAndAdministrativeExpenses": 2883000000,
    "sellingAndMarketingExpenses": 0,
    "sellingGeneralAndAdministrativeExpenses": 2883000000,
    "otherExpenses": 164000000,
    "operatingExpenses": 3047000000,
    "costAndExpenses": 28229000000,
    "interestIncome": 0,
    "interestExpense": 184000000,
    "depreciationAndAmortization": 298000000,
    "ebitda": 1254000000,
    "ebitdaratio": 0.0431075971,
    "operatingIncome": 861000000,
    "operatingIncomeRatio": 0.0295977999,
    "totalOtherIncomeExpensesNet": -89000000,
    "incomeBeforeTax": 772000000,
    "incomeBeforeTaxRatio": 0.0265383293,
    "incomeTaxExpense": 207000000,
    "netIncome": 568000000,
    "netIncomeRatio": 0.0195256102,
    "eps": 0.98,
    "epsdiluted": 0.97,
    "weightedAverageShsOut": 579510000,
    "weightedAverageShsOutDil": 587971000,
    "link": "https://www.sec.gov/Archives/edgar/data/1071739/000107173920000226/0001071739-20-000226-index.htm",
    "finalLink": "https://www.sec.gov/Archives/edgar/data/1071739/000107173920000226/cnc-20200930.htm"
  },
  {
    "date": "2020-06-30",
    "symbol": "CNC",
    "reportedCurrency": "USD",
    "cik": "0001071739",
    "fillingDate": "2020-07-28",
    "acceptedDate": "2020-07-27 18:40:52",
    "calendarYear": "2020",
    "period": "Q2",
    "revenue": 27712000000,
    "costOfRevenue": 22863000000,
    "grossProfit": 4849000000,
    "grossProfitRatio": 0.1749783487,
    "researchAndDevelopmentExpenses": 0,
    "generalAndAdministrativeExpenses": 2634000000,
    "sellingAndMarketingExpenses": 0,
    "sellingGeneralAndAdministrativeExpenses": 2634000000,
    "otherExpenses": 197000000,
    "operatingExpenses": 2831000000,
    "costAndExpenses": 25694000000,
    "interestIncome": 0,
    "interestExpense": 187000000,
    "depreciationAndAmortization": 330000000,
    "ebitda": 2461000000,
    "ebitdaratio": 0.0888062933,
    "operatingIncome": 2018000000,
    "operatingIncomeRatio": 0.0728204388,
    "totalOtherIncomeExpensesNet": -74000000,
    "incomeBeforeTax": 1944000000,
    "incomeBeforeTaxRatio": 0.0701501155,
    "incomeTaxExpense": 742000000,
    "netIncome": 1206000000,
    "netIncomeRatio": 0.0435190531,
    "eps": 2.08,
    "epsdiluted": 2.05,
    "weightedAverageShsOut": 579189000,
    "weightedAverageShsOutDil": 587498000,
    "link": "https://www.sec.gov/Archives/edgar/data/1071739/000107173920000190/0001071739-20-000190-index.htm",
    "finalLink": "https://www.sec.gov/Archives/edgar/data/1071739/000107173920000190/form10-q.htm"
  },
  {
    "date": "2020-03-31",
    "symbol": "CNC",
    "reportedCurrency": "USD",
    "cik": "0001071739",
    "fillingDate": "2020-04-28",
    "acceptedDate": "2020-04-28 07:01:33",
    "calendarYear": "2020",
    "period": "Q1",
    "revenue": 26025000000,
    "costOfRevenue": 22870000000,
    "grossProfit": 3155000000,
    "grossProfitRatio": 0.1212295869,
    "researchAndDevelopmentExpenses": 0,
    "generalAndAdministrativeExpenses": 2729000000,
    "sellingAndMarketingExpenses": 0,
    "sellingGeneralAndAdministrativeExpenses": 2729000000,
    "otherExpenses": 238000000,
    "operatingExpenses": 2967000000,
    "costAndExpenses": 25837000000,
    "interestIncome": 0,
    "interestExpense": 180000000,
    "depreciationAndAmortization": 288000000,
    "ebitda": 599000000,
    "ebitdaratio": 0.0230163305,
    "operatingIncome": 188000000,
    "operatingIncomeRatio": 0.0072238232,
    "totalOtherIncomeExpensesNet": -57000000,
    "incomeBeforeTax": 131000000,
    "incomeBeforeTaxRatio": 0.0050336215,
    "incomeTaxExpense": 85000000,
    "netIncome": 46000000,
    "netIncomeRatio": 0.0017675312,
    "eps": 0.0845,
    "epsdiluted": 0.0833,
    "weightedAverageShsOut": 544436000,
    "weightedAverageShsOutDil": 552062000,
    "link": "https://www.sec.gov/Archives/edgar/data/1071739/000107173920000121/0001071739-20-000121-index.htm",
    "finalLink": "https://www.sec.gov/Archives/edgar/data/1071739/000107173920000121/a2020033110-q.htm"
  },
  {
    "date": "2019-12-31",
    "symbol": "CNC",
    "reportedCurrency": "USD",
    "cik": "0001071739",
    "fillingDate": "2020-02-18",
    "acceptedDate": "2020-02-18 17:17:30",
    "calendarYear": "2019",
    "period": "Q4",
    "revenue": 18863000000,
    "costOfRevenue": 16789000000,
    "grossProfit": 2074000000,
    "grossProfitRatio": 0.1099506971,
    "researchAndDevelopmentExpenses": 0,
    "generalAndAdministrativeExpenses": 1733000000,
    "sellingAndMarketingExpenses": 0,
    "sellingGeneralAndAdministrativeExpenses": 1733000000,
    "otherExpenses": 64000000,
    "operatingExpenses": 1797000000,
    "costAndExpenses": 18586000000,
    "interestIncome": 0,
    "interestExpense": 113000000,
    "depreciationAndAmortization": 168000000,
    "ebitda": 541000000,
    "ebitdaratio": 0.0286804856,
    "operatingIncome": 277000000,
    "operatingIncomeRatio": 0.0146848327,
    "totalOtherIncomeExpensesNet": -17000000,
    "incomeBeforeTax": 260000000,
    "incomeBeforeTaxRatio": 0.0137835975,
    "incomeTaxExpense": 58000000,
    "netIncome": 209000000,
    "netIncomeRatio": 0.0110798919,
    "eps": 0.5,
    "epsdiluted": 0.49,
    "weightedAverageShsOut": 414044000,
    "weightedAverageShsOutDil": 422262000,
    "link": "https://www.sec.gov/Archives/edgar/data/1071739/000107173920000060/0001071739-20-000060-index.htm",
    "finalLink": "https://www.sec.gov/Archives/edgar/data/1071739/000107173920000060/form10k.htm"
  },
  {
    "date": "2019-09-30",
    "symbol": "CNC",
    "reportedCurrency": "USD",
    "cik": "0001071739",
    "fillingDate": "2019-10-22",
    "acceptedDate": "2019-10-21 21:50:02",
    "calendarYear": "2019",
    "period": "Q3",
    "revenue": 18976000000,
    "costOfRevenue": 16847000000,
    "grossProfit": 2129000000,
    "grossProfitRatio": 0.1121943508,
    "researchAndDevelopmentExpenses": 0,
    "generalAndAdministrativeExpenses": 1617000000,
    "sellingAndMarketingExpenses": 0,
    "sellingGeneralAndAdministrativeExpenses": 1617000000,
    "otherExpenses": 336000000,
    "operatingExpenses": 1953000000,
    "costAndExpenses": 18800000000,
    "interestIncome": 0,
    "interestExpense": 99000000,
    "depreciationAndAmortization": 162000000,
    "ebitda": 436000000,
    "ebitdaratio": 0.0229763912,
    "operatingIncome": 176000000,
    "operatingIncomeRatio": 0.0092748735,
    "totalOtherIncomeExpensesNet": -1000000,
    "incomeBeforeTax": 175000000,
    "incomeBeforeTaxRatio": 0.0092221754,
    "incomeTaxExpense": 79000000,
    "netIncome": 95000000,
    "netIncomeRatio": 0.0050063238,
    "eps": 0.23,
    "epsdiluted": 0.23,
    "weightedAverageShsOut": 413616000,
    "weightedAverageShsOutDil": 419956000,
    "link": "https://www.sec.gov/Archives/edgar/data/1071739/000107173919000099/0001071739-19-000099-index.htm",
    "finalLink": "https://www.sec.gov/Archives/edgar/data/1071739/000107173919000099/form10-q.htm"
  },
  {
    "date": "2019-06-30",
    "symbol": "CNC",
    "reportedCurrency": "USD",
    "cik": "0001071739",
    "fillingDate": "2019-07-23",
    "acceptedDate": "2019-07-22 21:19:59",
    "calendarYear": "2019",
    "period": "Q2",
    "revenue": 18356000000,
    "costOfRevenue": 16075000000,
    "grossProfit": 2281000000,
    "grossProfitRatio": 0.1242645457,
    "researchAndDevelopmentExpenses": 0,
    "generalAndAdministrativeExpenses": 1574000000,
    "sellingAndMarketingExpenses": 0,
    "sellingGeneralAndAdministrativeExpenses": 1574000000,
    "otherExpenses": 64000000,
    "operatingExpenses": 1638000000,
    "costAndExpenses": 17713000000,
    "interestIncome": 0,
    "interestExpense": 101000000,
    "depreciationAndAmortization": 158000000,
    "ebitda": 921000000,
    "ebitdaratio": 0.0501743299,
    "operatingIncome": 643000000,
    "operatingIncomeRatio": 0.0350294182,
    "totalOtherIncomeExpensesNet": 19000000,
    "incomeBeforeTax": 662000000,
    "incomeBeforeTaxRatio": 0.0360645021,
    "incomeTaxExpense": 170000000,
    "netIncome": 495000000,
    "netIncomeRatio": 0.0269666594,
    "eps": 1.2,
    "epsdiluted": 1.18,
    "weightedAverageShsOut": 413370000,
    "weightedAverageShsOutDil": 419671000,
    "link": "https://www.sec.gov/Archives/edgar/data/1071739/000107173919000082/0001071739-19-000082-index.htm",
    "finalLink": "https://www.sec.gov/Archives/edgar/data/1071739/000107173919000082/form10-q.htm"
  },
  {
    "date": "2019-03-31",
    "symbol": "CNC",
    "reportedCurrency": "USD",
    "cik": "0001071739",
    "fillingDate": "2019-04-23",
    "acceptedDate": "2019-04-22 20:16:38",
    "calendarYear": "2019",
    "period": "Q1",
    "revenue": 18444000000,
    "costOfRevenue": 16085000000,
    "grossProfit": 2359000000,
    "grossProfitRatio": 0.1279006723,
    "researchAndDevelopmentExpenses": 0,
    "generalAndAdministrativeExpenses": 1609000000,
    "sellingAndMarketingExpenses": 0,
    "sellingGeneralAndAdministrativeExpenses": 1609000000,
    "otherExpenses": 65000000,
    "operatingExpenses": 1674000000,
    "costAndExpenses": 17759000000,
    "interestIncome": 0,
    "interestExpense": 99000000,
    "depreciationAndAmortization": 155000000,
    "ebitda": 939000000,
    "ebitdaratio": 0.0509108653,
    "operatingIncome": 685000000,
    "operatingIncomeRatio": 0.0371394491,
    "totalOtherIncomeExpensesNet": 0,
    "incomeBeforeTax": 685000000,
    "incomeBeforeTaxRatio": 0.0371394491,
    "incomeTaxExpense": 166000000,
    "netIncome": 522000000,
    "netIncomeRatio": 0.0283018868,
    "eps": 1.26,
    "epsdiluted": 1.24,
    "weightedAverageShsOut": 412924000,
    "weightedAverageShsOutDil": 419752000,
    "link": "https://www.sec.gov/Archives/edgar/data/1071739/000107173919000056/0001071739-19-000056-index.htm",
    "finalLink": "https://www.sec.gov/Archives/edgar/data/1071739/000107173919000056/form10-q.htm"
  },
  {
    "date": "2018-12-31",
    "symbol": "CNC",
    "reportedCurrency": "USD",
    "cik": "0001071739",
    "fillingDate": "2019-02-19",
    "acceptedDate": "2019-02-19 17:08:14",
    "calendarYear": "2018",
    "period": "Q4",
    "revenue": 16559000000,
    "costOfRevenue": 14376000000,
    "grossProfit": 2183000000,
    "grossProfitRatio": 0.1318316323,
    "researchAndDevelopmentExpenses": 0,
    "generalAndAdministrativeExpenses": 1733000000,
    "sellingAndMarketingExpenses": 0,
    "sellingGeneralAndAdministrativeExpenses": 1733000000,
    "otherExpenses": 62000000,
    "operatingExpenses": 1795000000,
    "costAndExpenses": 16171000000,
    "interestIncome": 0,
    "interestExpense": 98000000,
    "depreciationAndAmortization": 141000000,
    "ebitda": 596000000,
    "ebitdaratio": 0.0359925116,
    "operatingIncome": 388000000,
    "operatingIncomeRatio": 0.0234313666,
    "totalOtherIncomeExpensesNet": -31000000,
    "incomeBeforeTax": 357000000,
    "incomeBeforeTaxRatio": 0.0215592729,
    "incomeTaxExpense": 116000000,
    "netIncome": 241000000,
    "netIncomeRatio": 0.014554019,
    "eps": 0.59,
    "epsdiluted": 0.57,
    "weightedAverageShsOut": 411068000,
    "weightedAverageShsOutDil": 420246000,
    "link": "https://www.sec.gov/Archives/edgar/data/1071739/000107173919000032/0001071739-19-000032-index.htm",
    "finalLink": "https://www.sec.gov/Archives/edgar/data/1071739/000107173919000032/form10-k.htm"
  },
  {
    "date": "2018-09-30",
    "symbol": "CNC",
    "reportedCurrency": "USD",
    "cik": "0001071739",
    "fillingDate": "2018-10-23",
    "acceptedDate": "2018-10-22 20:44:00",
    "calendarYear": "2018",
    "period": "Q3",
    "revenue": 16182000000,
    "costOfRevenue": 13964000000,
    "grossProfit": 2218000000,
    "grossProfitRatio": 0.1370658757,
    "researchAndDevelopmentExpenses": 0,
    "generalAndAdministrativeExpenses": 2112000000,
    "sellingAndMarketingExpenses": 0,
    "sellingGeneralAndAdministrativeExpenses": 2112000000,
    "otherExpenses": 65000000,
    "operatingExpenses": 2177000000,
    "costAndExpenses": 16141000000,
    "interestIncome": 0,
    "interestExpense": 97000000,
    "depreciationAndAmortization": 139000000,
    "ebitda": 260000000,
    "ebitdaratio": 0.0160672352,
    "operatingIncome": 41000000,
    "operatingIncomeRatio": 0.0025336794,
    "totalOtherIncomeExpensesNet": -17000000,
    "incomeBeforeTax": 24000000,
    "incomeBeforeTaxRatio": 0.0014831294,
    "incomeTaxExpense": 8000000,
    "netIncome": 19000000,
    "netIncomeRatio": 0.0011741441,
    "eps": 0.0463,
    "epsdiluted": 0.0453,
    "weightedAverageShsOut": 410591000,
    "weightedAverageShsOutDil": 419043000,
    "link": "https://www.sec.gov/Archives/edgar/data/1071739/000107173918000114/0001071739-18-000114-index.htm",
    "finalLink": "https://www.sec.gov/Archives/edgar/data/1071739/000107173918000114/form10-q.htm"
  },
  {
    "date": "2018-06-30",
    "symbol": "CNC",
    "reportedCurrency": "USD",
    "cik": "0001071739",
    "fillingDate": "2018-07-24",
    "acceptedDate": "2018-07-23 19:18:35",
    "calendarYear": "2018",
    "period": "Q2",
    "revenue": 14181000000,
    "costOfRevenue": 12227000000,
    "grossProfit": 1954000000,
    "grossProfitRatio": 0.1377900007,
    "researchAndDevelopmentExpenses": 0,
    "generalAndAdministrativeExpenses": 1420000000,
    "sellingAndMarketingExpenses": 0,
    "sellingGeneralAndAdministrativeExpenses": 1420000000,
    "otherExpenses": 45000000,
    "operatingExpenses": 1465000000,
    "costAndExpenses": 13692000000,
    "interestIncome": 0,
    "interestExpense": 80000000,
    "depreciationAndAmortization": 111000000,
    "ebitda": 665000000,
    "ebitdaratio": 0.046893731,
    "operatingIncome": 489000000,
    "operatingIncomeRatio": 0.0344827586,
    "totalOtherIncomeExpensesNet": -15000000,
    "incomeBeforeTax": 474000000,
    "incomeBeforeTaxRatio": 0.0334250053,
    "incomeTaxExpense": 175000000,
    "netIncome": 300000000,
    "netIncomeRatio": 0.0211550666,
    "eps": 0.77,
    "epsdiluted": 0.75,
    "weightedAverageShsOut": 391037000,
    "weightedAverageShsOutDil": 398902000,
    "link": "https://www.sec.gov/Archives/edgar/data/1071739/000107173918000097/0001071739-18-000097-index.htm",
    "finalLink": "https://www.sec.gov/Archives/edgar/data/1071739/000107173918000097/form10-q.htm"
  },
  {
    "date": "2018-03-31",
    "symbol": "CNC",
    "reportedCurrency": "USD",
    "cik": "0001071739",
    "fillingDate": "2018-04-24",
    "acceptedDate": "2018-04-23 20:26:19",
    "calendarYear": "2018",
    "period": "Q1",
    "revenue": 13194000000,
    "costOfRevenue": 11128000000,
    "grossProfit": 2066000000,
    "grossProfitRatio": 0.1565863271,
    "researchAndDevelopmentExpenses": 0,
    "generalAndAdministrativeExpenses": 1487000000,
    "sellingAndMarketingExpenses": 0,
    "sellingGeneralAndAdministrativeExpenses": 1487000000,
    "otherExpenses": 39000000,
    "operatingExpenses": 1526000000,
    "costAndExpenses": 12654000000,
    "interestIncome": 0,
    "interestExpense": 68000000,
    "depreciationAndAmortization": 104000000,
    "ebitda": 685000000,
    "ebitdaratio": 0.0519175383,
    "operatingIncome": 540000000,
    "operatingIncomeRatio": 0.0409276944,
    "totalOtherIncomeExpensesNet": -27000000,
    "incomeBeforeTax": 513000000,
    "incomeBeforeTaxRatio": 0.0388813097,
    "incomeTaxExpense": 175000000,
    "netIncome": 340000000,
    "netIncomeRatio": 0.0257692891,
    "eps": 0.98,
    "epsdiluted": 0.96,
    "weightedAverageShsOut": 348717949,
    "weightedAverageShsOutDil": 356020942,
    "link": "https://www.sec.gov/Archives/edgar/data/1071739/000107173918000060/0001071739-18-000060-index.htm",
    "finalLink": "https://www.sec.gov/Archives/edgar/data/1071739/000107173918000060/form10-q.htm"
  },
  {
    "date": "2017-12-31",
    "symbol": "CNC",
    "reportedCurrency": "USD",
    "cik": "0001071739",
    "fillingDate": "2018-02-20",
    "acceptedDate": "2018-02-20 16:27:58",
    "calendarYear": "2017",
    "period": "Q4",
    "revenue": 12806000000,
    "costOfRevenue": 11326000000,
    "grossProfit": 1480000000,
    "grossProfitRatio": 0.1155708262,
    "researchAndDevelopmentExpenses": 0,
    "generalAndAdministrativeExpenses": 1260000000,
    "sellingAndMarketingExpenses": 0,
    "sellingGeneralAndAdministrativeExpenses": 1260000000,
    "otherExpenses": 39000000,
    "operatingExpenses": 1299000000,
    "costAndExpenses": 12625000000,
    "interestIncome": 0,
    "interestExpense": 66000000,
    "depreciationAndAmortization": 97000000,
    "ebitda": 331000000,
    "ebitdaratio": 0.0258472591,
    "operatingIncome": 181000000,
    "operatingIncomeRatio": 0.0141339997,
    "totalOtherIncomeExpensesNet": -13000000,
    "incomeBeforeTax": 168000000,
    "incomeBeforeTaxRatio": 0.0131188505,
    "incomeTaxExpense": -55000000,
    "netIncome": 230000000,
    "netIncomeRatio": 0.0179603311,
    "eps": 0.67,
    "epsdiluted": 0.65,
    "weightedAverageShsOut": 345864662,
    "weightedAverageShsOutDil": 353846154,
    "link": "https://www.sec.gov/Archives/edgar/data/1071739/000107173918000030/0001071739-18-000030-index.htm",
    "finalLink": "https://www.sec.gov/Archives/edgar/data/1071739/000107173918000030/form10-k.htm"
  },
  {
    "date": "2017-09-30",
    "symbol": "CNC",
    "reportedCurrency": "USD",
    "cik": "0001071739",
    "fillingDate": "2017-10-24",
    "acceptedDate": "2017-10-23 18:37:41",
    "calendarYear": "2017",
    "period": "Q3",
    "revenue": 11898000000,
    "costOfRevenue": 10490000000,
    "grossProfit": 1408000000,
    "grossProfitRatio": 0.1183392167,
    "researchAndDevelopmentExpenses": 0,
    "generalAndAdministrativeExpenses": 1030000000,
    "sellingAndMarketingExpenses": 0,
    "sellingGeneralAndAdministrativeExpenses": 1030000000,
    "otherExpenses": 38000000,
    "operatingExpenses": 1068000000,
    "costAndExpenses": 11558000000,
    "interestIncome": 0,
    "interestExpense": 65000000,
    "depreciationAndAmortization": 91000000,
    "ebitda": 482000000,
    "ebitdaratio": 0.0405110103,
    "operatingIncome": 340000000,
    "operatingIncomeRatio": 0.0285762313,
    "totalOtherIncomeExpensesNet": -14000000,
    "incomeBeforeTax": 326000000,
    "incomeBeforeTaxRatio": 0.027399563,
    "incomeTaxExpense": 125000000,
    "netIncome": 205000000,
    "netIncomeRatio": 0.0172297865,
    "eps": 0.6,
    "epsdiluted": 0.58,
    "weightedAverageShsOut": 345016000,
    "weightedAverageShsOutDil": 353830000,
    "link": "https://www.sec.gov/Archives/edgar/data/1071739/000107173917000088/0001071739-17-000088-index.htm",
    "finalLink": "https://www.sec.gov/Archives/edgar/data/1071739/000107173917000088/form10-q.htm"
  },
  {
    "date": "2017-06-30",
    "symbol": "CNC",
    "reportedCurrency": "USD",
    "cik": "0001071739",
    "fillingDate": "2017-07-25",
    "acceptedDate": "2017-07-24 19:21:02",
    "calendarYear": "2017",
    "period": "Q2",
    "revenue": 11954000000,
    "costOfRevenue": 10412000000,
    "grossProfit": 1542000000,
    "grossProfitRatio": 0.1289944788,
    "researchAndDevelopmentExpenses": 0,
    "generalAndAdministrativeExpenses": 1065000000,
    "sellingAndMarketingExpenses": 0,
    "sellingGeneralAndAdministrativeExpenses": 1065000000,
    "otherExpenses": 39000000,
    "operatingExpenses": 1104000000,
    "costAndExpenses": 11516000000,
    "interestIncome": 0,
    "interestExpense": 62000000,
    "depreciationAndAmortization": 87000000,
    "ebitda": 570000000,
    "ebitdaratio": 0.047682784,
    "operatingIncome": 438000000,
    "operatingIncomeRatio": 0.0366404551,
    "totalOtherIncomeExpensesNet": -17000000,
    "incomeBeforeTax": 421000000,
    "incomeBeforeTaxRatio": 0.035218337,
    "incomeTaxExpense": 169000000,
    "netIncome": 254000000,
    "netIncomeRatio": 0.0212481178,
    "eps": 0.74,
    "epsdiluted": 0.72,
    "weightedAverageShsOut": 344714000,
    "weightedAverageShsOutDil": 352840000,
    "link": "https://www.sec.gov/Archives/edgar/data/1071739/000107173917000075/0001071739-17-000075-index.htm",
    "finalLink": "https://www.sec.gov/Archives/edgar/data/1071739/000107173917000075/form10-q.htm"
  },
  {
    "date": "2017-03-31",
    "symbol": "CNC",
    "reportedCurrency": "USD",
    "cik": "0001071739",
    "fillingDate": "2017-04-25",
    "acceptedDate": "2017-04-24 20:48:06",
    "calendarYear": "2017",
    "period": "Q1",
    "revenue": 11724000000,
    "costOfRevenue": 10353000000,
    "grossProfit": 1371000000,
    "grossProfitRatio": 0.1169396111,
    "researchAndDevelopmentExpenses": 0,
    "generalAndAdministrativeExpenses": 1091000000,
    "sellingAndMarketingExpenses": 0,
    "sellingGeneralAndAdministrativeExpenses": 1091000000,
    "otherExpenses": 40000000,
    "operatingExpenses": 1131000000,
    "costAndExpenses": 11484000000,
    "interestIncome": 0,
    "interestExpense": 62000000,
    "depreciationAndAmortization": 86000000,
    "ebitda": 367000000,
    "ebitdaratio": 0.0313033095,
    "operatingIncome": 240000000,
    "operatingIncomeRatio": 0.0204708291,
    "totalOtherIncomeExpensesNet": -21000000,
    "incomeBeforeTax": 219000000,
    "incomeBeforeTaxRatio": 0.0186796315,
    "incomeTaxExpense": 87000000,
    "netIncome": 139000000,
    "netIncomeRatio": 0.0118560218,
    "eps": 0.41,
    "epsdiluted": 0.4,
    "weightedAverageShsOut": 344148000,
    "weightedAverageShsOutDil": 351672000,
    "link": "https://www.sec.gov/Archives/edgar/data/1071739/000107173917000033/0001071739-17-000033-index.htm",
    "finalLink": "https://www.sec.gov/Archives/edgar/data/1071739/000107173917000033/form10-q.htm"
  },
  {
    "date": "2016-12-31",
    "symbol": "CNC",
    "reportedCurrency": "USD",
    "cik": "0001071739",
    "fillingDate": "2017-02-21",
    "acceptedDate": "2017-02-21 16:40:20",
    "calendarYear": "2016",
    "period": "Q4",
    "revenue": 11911000000,
    "costOfRevenue": 10145000000,
    "grossProfit": 1766000000,
    "grossProfitRatio": 0.1482663085,
    "researchAndDevelopmentExpenses": 0,
    "generalAndAdministrativeExpenses": 1193000000,
    "sellingAndMarketingExpenses": 0,
    "sellingGeneralAndAdministrativeExpenses": 1193000000,
    "otherExpenses": 52000000,
    "operatingExpenses": 1245000000,
    "costAndExpenses": 11390000000,
    "interestIncome": 0,
    "interestExpense": 75000000,
    "depreciationAndAmortization": 89000000,
    "ebitda": 644000000,
    "ebitdaratio": 0.0540676685,
    "operatingIncome": 521000000,
    "operatingIncomeRatio": 0.0437410797,
    "totalOtherIncomeExpensesNet": -41000000,
    "incomeBeforeTax": 480000000,
    "incomeBeforeTaxRatio": 0.0402988834,
    "incomeTaxExpense": 223000000,
    "netIncome": 265000000,
    "netIncomeRatio": 0.0222483419,
    "eps": 0.77,
    "epsdiluted": 0.75,
    "weightedAverageShsOut": 342287248,
    "weightedAverageShsOutDil": 351022358,
    "link": "https://www.sec.gov/Archives/edgar/data/1071739/000107173917000018/0001071739-17-000018-index.htm",
    "finalLink": "https://www.sec.gov/Archives/edgar/data/1071739/000107173917000018/form10-k.htm"
  },
  {
    "date": "2016-09-30",
    "symbol": "CNC",
    "reportedCurrency": "USD",
    "cik": "0001071739",
    "fillingDate": "2016-10-25",
    "acceptedDate": "2016-10-24 20:17:57",
    "calendarYear": "2016",
    "period": "Q3",
    "revenue": 10846000000,
    "costOfRevenue": 9392000000,
    "grossProfit": 1454000000,
    "grossProfitRatio": 0.1340586391,
    "researchAndDevelopmentExpenses": 0,
    "generalAndAdministrativeExpenses": 1069000000,
    "sellingAndMarketingExpenses": 0,
    "sellingGeneralAndAdministrativeExpenses": 1069000000,
    "otherExpenses": 43000000,
    "operatingExpenses": 1112000000,
    "costAndExpenses": 10504000000,
    "interestIncome": 0,
    "interestExpense": 57000000,
    "depreciationAndAmortization": 78000000,
    "ebitda": 453000000,
    "ebitdaratio": 0.0417665499,
    "operatingIncome": 342000000,
    "operatingIncomeRatio": 0.0315323622,
    "totalOtherIncomeExpensesNet": -24000000,
    "incomeBeforeTax": 318000000,
    "incomeBeforeTaxRatio": 0.0293195648,
    "incomeTaxExpense": 169000000,
    "netIncome": 147000000,
    "netIncomeRatio": 0.0135533837,
    "eps": 0.43,
    "epsdiluted": 0.42,
    "weightedAverageShsOut": 341549174,
    "weightedAverageShsOutDil": 348624832,
    "link": "https://www.sec.gov/Archives/edgar/data/1071739/000107173916000291/0001071739-16-000291-index.htm",
    "finalLink": "https://www.sec.gov/Archives/edgar/data/1071739/000107173916000291/form10-q.htm"
  },
  {
    "date": "2016-06-30",
    "symbol": "CNC",
    "reportedCurrency": "USD",
    "cik": "0001071739",
    "fillingDate": "2016-07-26",
    "acceptedDate": "2016-07-25 20:12:59",
    "calendarYear": "2016",
    "period": "Q2",
    "revenue": 10897000000,
    "costOfRevenue": 9398000000,
    "grossProfit": 1499000000,
    "grossProfitRatio": 0.1375607965,
    "researchAndDevelopmentExpenses": 0,
    "generalAndAdministrativeExpenses": 1079000000,
    "sellingAndMarketingExpenses": 0,
    "sellingGeneralAndAdministrativeExpenses": 1079000000,
    "otherExpenses": 43000000,
    "operatingExpenses": 1122000000,
    "costAndExpenses": 10520000000,
    "interestIncome": 0,
    "interestExpense": 52000000,
    "depreciationAndAmortization": 76000000,
    "ebitda": 485000000,
    "ebitdaratio": 0.0445076627,
    "operatingIncome": 377000000,
    "operatingIncomeRatio": 0.034596678,
    "totalOtherIncomeExpensesNet": -20000000,
    "incomeBeforeTax": 357000000,
    "incomeBeforeTaxRatio": 0.0327613105,
    "incomeTaxExpense": 187000000,
    "netIncome": 170000000,
    "netIncomeRatio": 0.015600624,
    "eps": 0.5,
    "epsdiluted": 0.49,
    "weightedAverageShsOut": 341118000,
    "weightedAverageShsOutDil": 349698000,
    "link": "https://www.sec.gov/Archives/edgar/data/1071739/000107173916000260/0001071739-16-000260-index.htm",
    "finalLink": "https://www.sec.gov/Archives/edgar/data/1071739/000107173916000260/form10-q.htm"
  },
  {
    "date": "2016-03-31",
    "symbol": "CNC",
    "reportedCurrency": "USD",
    "cik": "0001071739",
    "fillingDate": "2016-04-26",
    "acceptedDate": "2016-04-25 21:06:02",
    "calendarYear": "2016",
    "period": "Q1",
    "revenue": 6953000000,
    "costOfRevenue": 6128000000,
    "grossProfit": 825000000,
    "grossProfitRatio": 0.1186538185,
    "researchAndDevelopmentExpenses": 0,
    "generalAndAdministrativeExpenses": 796000000,
    "sellingAndMarketingExpenses": 0,
    "sellingGeneralAndAdministrativeExpenses": 796000000,
    "otherExpenses": 9000000,
    "operatingExpenses": 805000000,
    "costAndExpenses": 6933000000,
    "interestIncome": 0,
    "interestExpense": 33000000,
    "depreciationAndAmortization": 35000000,
    "ebitda": 70000000,
    "ebitdaratio": 0.0100675967,
    "operatingIncome": 20000000,
    "operatingIncomeRatio": 0.0028764562,
    "totalOtherIncomeExpensesNet": -18000000,
    "incomeBeforeTax": 2000000,
    "incomeBeforeTaxRatio": 0.0002876456,
    "incomeTaxExpense": 16000000,
    "netIncome": -16000000,
    "netIncomeRatio": -0.002301165,
    "eps": -0.065,
    "epsdiluted": -0.065,
    "weightedAverageShsOut": 251086152,
    "weightedAverageShsOutDil": 251086152,
    "link": "https://www.sec.gov/Archives/edgar/data/1071739/000107173916000217/0001071739-16-000217-index.htm",
    "finalLink": "https://www.sec.gov/Archives/edgar/data/1071739/000107173916000217/form10-q.htm"
  },
  {
    "date": "2015-12-31",
    "symbol": "CNC",
    "reportedCurrency": "USD",
    "cik": "0001071739",
    "fillingDate": "2016-02-22",
    "acceptedDate": "2016-02-22 10:30:51",
    "calendarYear": "2015",
    "period": "Q4",
    "revenue": 6302000000,
    "costOfRevenue": 5511000000,
    "grossProfit": 791000000,
    "grossProfitRatio": 0.1255157093,
    "researchAndDevelopmentExpenses": 0,
    "generalAndAdministrativeExpenses": 571000000,
    "sellingAndMarketingExpenses": 0,
    "sellingGeneralAndAdministrativeExpenses": 571000000,
    "otherExpenses": 0,
    "operatingExpenses": 571000000,
    "costAndExpenses": 6082000000,
    "interestIncome": 0,
    "interestExpense": 11000000,
    "depreciationAndAmortization": 29000000,
    "ebitda": 257000000,
    "ebitdaratio": 0.0407807045,
    "operatingIncome": 220000000,
    "operatingIncomeRatio": 0.0349095525,
    "totalOtherIncomeExpensesNet": -3000000,
    "incomeBeforeTax": 217000000,
    "incomeBeforeTaxRatio": 0.0344335132,
    "incomeTaxExpense": 105000000,
    "netIncome": 111000000,
    "netIncomeRatio": 0.017613456,
    "eps": 0.47,
    "epsdiluted": 0.45,
    "weightedAverageShsOut": 238972366,
    "weightedAverageShsOutDil": 246701012,
    "link": "https://www.sec.gov/Archives/edgar/data/1071739/000107173916000192/0001071739-16-000192-index.htm",
    "finalLink": "https://www.sec.gov/Archives/edgar/data/1071739/000107173916000192/form10k.htm"
  },
  {
    "date": "2015-09-30",
    "symbol": "CNC",
    "reportedCurrency": "USD",
    "cik": "0001071739",
    "fillingDate": "2015-10-27",
    "acceptedDate": "2015-10-26 17:49:41",
    "calendarYear": "2015",
    "period": "Q3",
    "revenue": 5821000000,
    "costOfRevenue": 5120000000,
    "grossProfit": 701000000,
    "grossProfitRatio": 0.1204260436,
    "researchAndDevelopmentExpenses": 0,
    "generalAndAdministrativeExpenses": 512000000,
    "sellingAndMarketingExpenses": 0,
    "sellingGeneralAndAdministrativeExpenses": 512000000,
    "otherExpenses": 6000000,
    "operatingExpenses": 518000000,
    "costAndExpenses": 5638000000,
    "interestIncome": 0,
    "interestExpense": 11000000,
    "depreciationAndAmortization": 29000000,
    "ebitda": 220000000,
    "ebitdaratio": 0.0377941934,
    "operatingIncome": 183000000,
    "operatingIncomeRatio": 0.0314378973,
    "totalOtherIncomeExpensesNet": -3000000,
    "incomeBeforeTax": 180000000,
    "incomeBeforeTaxRatio": 0.0309225219,
    "incomeTaxExpense": 87000000,
    "netIncome": 93000000,
    "netIncomeRatio": 0.0159766363,
    "eps": 0.39,
    "epsdiluted": 0.38,
    "weightedAverageShsOut": 238243048,
    "weightedAverageShsOutDil": 246263620,
    "link": "https://www.sec.gov/Archives/edgar/data/1071739/000107173915000117/0001071739-15-000117-index.htm",
    "finalLink": "https://www.sec.gov/Archives/edgar/data/1071739/000107173915000117/form10-q.htm"
  },
  {
    "date": "2015-06-30",
    "symbol": "CNC",
    "reportedCurrency": "USD",
    "cik": "0001071739",
    "fillingDate": "2015-07-28",
    "acceptedDate": "2015-07-27 18:24:47",
    "calendarYear": "2015",
    "period": "Q2",
    "revenue": 5506000000,
    "costOfRevenue": 4839000000,
    "grossProfit": 667000000,
    "grossProfitRatio": 0.1211405739,
    "researchAndDevelopmentExpenses": 0,
    "generalAndAdministrativeExpenses": 489000000,
    "sellingAndMarketingExpenses": 0,
    "sellingGeneralAndAdministrativeExpenses": 489000000,
    "otherExpenses": 5000000,
    "operatingExpenses": 494000000,
    "costAndExpenses": 5333000000,
    "interestIncome": 0,
    "interestExpense": 11000000,
    "depreciationAndAmortization": 26000000,
    "ebitda": 209000000,
    "ebitdaratio": 0.0379585906,
    "operatingIncome": 173000000,
    "operatingIncomeRatio": 0.0314202688,
    "totalOtherIncomeExpensesNet": -1000000,
    "incomeBeforeTax": 172000000,
    "incomeBeforeTaxRatio": 0.0312386487,
    "incomeTaxExpense": 84000000,
    "netIncome": 88000000,
    "netIncomeRatio": 0.0159825645,
    "eps": 0.37,
    "epsdiluted": 0.36,
    "weightedAverageShsOut": 238007138,
    "weightedAverageShsOutDil": 245930022,
    "link": "https://www.sec.gov/Archives/edgar/data/1071739/000107173915000092/0001071739-15-000092-index.htm",
    "finalLink": "https://www.sec.gov/Archives/edgar/data/1071739/000107173915000092/form10-q.htm"
  },
  {
    "date": "2015-03-31",
    "symbol": "CNC",
    "reportedCurrency": "USD",
    "cik": "0001071739",
    "fillingDate": "2015-04-28",
    "acceptedDate": "2015-04-27 19:06:04",
    "calendarYear": "2015",
    "period": "Q1",
    "revenue": 5131000000,
    "costOfRevenue": 4544000000,
    "grossProfit": 587000000,
    "grossProfitRatio": 0.1144026506,
    "researchAndDevelopmentExpenses": 0,
    "generalAndAdministrativeExpenses": 451000000,
    "sellingAndMarketingExpenses": 0,
    "sellingGeneralAndAdministrativeExpenses": 451000000,
    "otherExpenses": 7000000,
    "operatingExpenses": 458000000,
    "costAndExpenses": 5002000000,
    "interestIncome": 0,
    "interestExpense": 10000000,
    "depreciationAndAmortization": 27000000,
    "ebitda": 165000000,
    "ebitdaratio": 0.0321574742,
    "operatingIncome": 129000000,
    "operatingIncomeRatio": 0.025141298,
    "totalOtherIncomeExpensesNet": -1000000,
    "incomeBeforeTax": 128000000,
    "incomeBeforeTaxRatio": 0.0249464042,
    "incomeTaxExpense": 63000000,
    "netIncome": 63000000,
    "netIncomeRatio": 0.0122783083,
    "eps": 0.27,
    "epsdiluted": 0.26,
    "weightedAverageShsOut": 237567510,
    "weightedAverageShsOutDil": 245144732,
    "link": "https://www.sec.gov/Archives/edgar/data/1071739/000107173915000051/0001071739-15-000051-index.htm",
    "finalLink": "https://www.sec.gov/Archives/edgar/data/1071739/000107173915000051/form10-q.htm"
  },
  {
    "date": "2014-12-31",
    "symbol": "CNC",
    "reportedCurrency": "USD",
    "cik": "0001071739",
    "fillingDate": "2015-02-23",
    "acceptedDate": "2015-02-23 16:11:57",
    "calendarYear": "2014",
    "period": "Q4",
    "revenue": 4724551000,
    "costOfRevenue": 4136261000,
    "grossProfit": 588290000,
    "grossProfitRatio": 0.1245176526,
    "researchAndDevelopmentExpenses": 0,
    "generalAndAdministrativeExpenses": 394928000,
    "sellingAndMarketingExpenses": 0,
    "sellingGeneralAndAdministrativeExpenses": 394928000,
    "otherExpenses": 0,
    "operatingExpenses": 394928000,
    "costAndExpenses": 4531189000,
    "interestIncome": 0,
    "interestExpense": 10000000,
    "depreciationAndAmortization": 23992000,
    "ebitda": 227702000,
    "ebitdaratio": 0.0481954793,
    "operatingIncome": 193362000,
    "operatingIncomeRatio": 0.0409270638,
    "totalOtherIncomeExpensesNet": 257000,
    "incomeBeforeTax": 193619000,
    "incomeBeforeTaxRatio": 0.0409814605,
    "incomeTaxExpense": 89875000,
    "netIncome": 106534000,
    "netIncomeRatio": 0.0225490211,
    "eps": 0.46,
    "epsdiluted": 0.44,
    "weightedAverageShsOut": 235264024,
    "weightedAverageShsOutDil": 243431572,
    "link": "https://www.sec.gov/Archives/edgar/data/1071739/000107173915000034/0001071739-15-000034-index.htm",
    "finalLink": "https://www.sec.gov/Archives/edgar/data/1071739/000107173915000034/form10k.htm"
  },
  {
    "date": "2014-09-30",
    "symbol": "CNC",
    "reportedCurrency": "USD",
    "cik": "0001071739",
    "fillingDate": "2014-10-28",
    "acceptedDate": "2014-10-27 17:56:35",
    "calendarYear": "2014",
    "period": "Q3",
    "revenue": 4352000000,
    "costOfRevenue": 3878000000,
    "grossProfit": 474000000,
    "grossProfitRatio": 0.1089154412,
    "researchAndDevelopmentExpenses": 0,
    "generalAndAdministrativeExpenses": 366000000,
    "sellingAndMarketingExpenses": 0,
    "sellingGeneralAndAdministrativeExpenses": 366000000,
    "otherExpenses": 0,
    "operatingExpenses": 366000000,
    "costAndExpenses": 4244000000,
    "interestIncome": 0,
    "interestExpense": 9000000,
    "depreciationAndAmortization": 22907000,
    "ebitda": 137000000,
    "ebitdaratio": 0.0314797794,
    "operatingIncome": 108000000,
    "operatingIncomeRatio": 0.0248161765,
    "totalOtherIncomeExpensesNet": -3000000,
    "incomeBeforeTax": 105000000,
    "incomeBeforeTaxRatio": 0.0241268382,
    "incomeTaxExpense": 27000000,
    "netIncome": 82000000,
    "netIncomeRatio": 0.0188419118,
    "eps": 0.35,
    "epsdiluted": 0.34,
    "weightedAverageShsOut": 234453936,
    "weightedAverageShsOutDil": 242727500,
    "link": "https://www.sec.gov/Archives/edgar/data/1071739/000107173914000121/0001071739-14-000121-index.htm",
    "finalLink": "https://www.sec.gov/Archives/edgar/data/1071739/000107173914000121/form10-q.htm"
  },
  {
    "date": "2014-06-30",
    "symbol": "CNC",
    "reportedCurrency": "USD",
    "cik": "0001071739",
    "fillingDate": "2014-07-22",
    "acceptedDate": "2014-07-21 18:08:13",
    "calendarYear": "2014",
    "period": "Q2",
    "revenue": 4024000000,
    "costOfRevenue": 3579000000,
    "grossProfit": 445000000,
    "grossProfitRatio": 0.1105864811,
    "researchAndDevelopmentExpenses": 0,
    "generalAndAdministrativeExpenses": 352000000,
    "sellingAndMarketingExpenses": 0,
    "sellingGeneralAndAdministrativeExpenses": 352000000,
    "otherExpenses": 0,
    "operatingExpenses": 352000000,
    "costAndExpenses": 3931000000,
    "interestIncome": 0,
    "interestExpense": 9000000,
    "depreciationAndAmortization": 21783000,
    "ebitda": 122000000,
    "ebitdaratio": 0.0303180915,
    "operatingIncome": 93000000,
    "operatingIncomeRatio": 0.023111332,
    "totalOtherIncomeExpensesNet": -2000000,
    "incomeBeforeTax": 91000000,
    "incomeBeforeTaxRatio": 0.0226143141,
    "incomeTaxExpense": 45000000,
    "netIncome": 49000000,
    "netIncomeRatio": 0.0121769384,
    "eps": 0.21,
    "epsdiluted": 0.21,
    "weightedAverageShsOut": 231034732,
    "weightedAverageShsOutDil": 238869032,
    "link": "https://www.sec.gov/Archives/edgar/data/1071739/000107173914000089/0001071739-14-000089-index.htm",
    "finalLink": "https://www.sec.gov/Archives/edgar/data/1071739/000107173914000089/form10-q.htm"
  },
  {
    "date": "2014-03-31",
    "symbol": "CNC",
    "reportedCurrency": "USD",
    "cik": "0001071739",
    "fillingDate": "2014-04-22",
    "acceptedDate": "2014-04-21 18:48:55",
    "calendarYear": "2014",
    "period": "Q1",
    "revenue": 3460000000,
    "costOfRevenue": 3063000000,
    "grossProfit": 397000000,
    "grossProfitRatio": 0.1147398844,
    "researchAndDevelopmentExpenses": 0,
    "generalAndAdministrativeExpenses": 327000000,
    "sellingAndMarketingExpenses": 0,
    "sellingGeneralAndAdministrativeExpenses": 327000000,
    "otherExpenses": 0,
    "operatingExpenses": 327000000,
    "costAndExpenses": 3390000000,
    "interestIncome": 0,
    "interestExpense": 7023000,
    "depreciationAndAmortization": 20318000,
    "ebitda": 95000000,
    "ebitdaratio": 0.0274566474,
    "operatingIncome": 70000000,
    "operatingIncomeRatio": 0.0202312139,
    "totalOtherIncomeExpensesNet": -2000000,
    "incomeBeforeTax": 68000000,
    "incomeBeforeTaxRatio": 0.0196531792,
    "incomeTaxExpense": 35000000,
    "netIncome": 33000000,
    "netIncomeRatio": 0.0095375723,
    "eps": 0.14,
    "epsdiluted": 0.14,
    "weightedAverageShsOut": 229935504,
    "weightedAverageShsOutDil": 237445064,
    "link": "https://www.sec.gov/Archives/edgar/data/1071739/000107173914000056/0001071739-14-000056-index.htm",
    "finalLink": "https://www.sec.gov/Archives/edgar/data/1071739/000107173914000056/form10-q.htm"
  },
  {
    "date": "2013-12-31",
    "symbol": "CNC",
    "reportedCurrency": "USD",
    "cik": "0001071739",
    "fillingDate": "2014-02-21",
    "acceptedDate": "2014-02-21 16:15:24",
    "calendarYear": "2013",
    "period": "Q4",
    "revenue": 2687840000,
    "costOfRevenue": 2362851000,
    "grossProfit": 324989000,
    "grossProfitRatio": 0.1209108429,
    "researchAndDevelopmentExpenses": 0,
    "generalAndAdministrativeExpenses": 236933000,
    "sellingAndMarketingExpenses": 0,
    "sellingGeneralAndAdministrativeExpenses": 236933000,
    "otherExpenses": 0,
    "operatingExpenses": 236933000,
    "costAndExpenses": 2599784000,
    "interestIncome": 0,
    "interestExpense": 6696000,
    "depreciationAndAmortization": 17200000,
    "ebitda": 110010000,
    "ebitdaratio": 0.0409287755,
    "operatingIncome": 88056000,
    "operatingIncomeRatio": 0.0327608786,
    "totalOtherIncomeExpensesNet": -1942000,
    "incomeBeforeTax": 86114000,
    "incomeBeforeTaxRatio": 0.0320383654,
    "incomeTaxExpense": 35113000,
    "netIncome": 53240000,
    "netIncomeRatio": 0.0198077267,
    "eps": 0.24,
    "epsdiluted": 0.23,
    "weightedAverageShsOut": 219625096,
    "weightedAverageShsOutDil": 228313028,
    "link": "https://www.sec.gov/Archives/edgar/data/1071739/000107173914000033/0001071739-14-000033-index.htm",
    "finalLink": "https://www.sec.gov/Archives/edgar/data/1071739/000107173914000033/form10k.htm"
  },
  {
    "date": "2013-09-30",
    "symbol": "CNC",
    "reportedCurrency": "USD",
    "cik": "0001071739",
    "fillingDate": "2013-10-22",
    "acceptedDate": "2013-10-21 18:56:05",
    "calendarYear": "2013",
    "period": "Q3",
    "revenue": 2795568000,
    "costOfRevenue": 2462548000,
    "grossProfit": 333020000,
    "grossProfitRatio": 0.119124271,
    "researchAndDevelopmentExpenses": 0,
    "generalAndAdministrativeExpenses": 249028000,
    "sellingAndMarketingExpenses": 0,
    "sellingGeneralAndAdministrativeExpenses": 249028000,
    "otherExpenses": 0,
    "operatingExpenses": 249028000,
    "costAndExpenses": 2711576000,
    "interestIncome": 0,
    "interestExpense": 6603000,
    "depreciationAndAmortization": 17292000,
    "ebitda": 106041000,
    "ebitdaratio": 0.0379318264,
    "operatingIncome": 83992000,
    "operatingIncomeRatio": 0.0300446993,
    "totalOtherIncomeExpensesNet": -1846000,
    "incomeBeforeTax": 82146000,
    "incomeBeforeTaxRatio": 0.0293843684,
    "incomeTaxExpense": 32280000,
    "netIncome": 49373000,
    "netIncomeRatio": 0.0176611694,
    "eps": 0.23,
    "epsdiluted": 0.22,
    "weightedAverageShsOut": 218718640,
    "weightedAverageShsOutDil": 227732224,
    "link": "https://www.sec.gov/Archives/edgar/data/1071739/000107173913000141/0001071739-13-000141-index.htm",
    "finalLink": "https://www.sec.gov/Archives/edgar/data/1071739/000107173913000141/form10-q.htm"
  },
  {
    "date": "2013-06-30",
    "symbol": "CNC",
    "reportedCurrency": "USD",
    "cik": "0001071739",
    "fillingDate": "2013-07-23",
    "acceptedDate": "2013-07-22 19:05:14",
    "calendarYear": "2013",
    "period": "Q2",
    "revenue": 2610539000,
    "costOfRevenue": 2318343000,
    "grossProfit": 292196000,
    "grossProfitRatio": 0.1119293755,
    "researchAndDevelopmentExpenses": 0,
    "generalAndAdministrativeExpenses": 223459000,
    "sellingAndMarketingExpenses": 0,
    "sellingGeneralAndAdministrativeExpenses": 223459000,
    "otherExpenses": 0,
    "operatingExpenses": 223459000,
    "costAndExpenses": 2541802000,
    "interestIncome": 0,
    "interestExpense": 7033000,
    "depreciationAndAmortization": 17237000,
    "ebitda": 90052000,
    "ebitdaratio": 0.0344955582,
    "operatingIncome": 68737000,
    "operatingIncomeRatio": 0.0263305777,
    "totalOtherIncomeExpensesNet": -2955000,
    "incomeBeforeTax": 65782000,
    "incomeBeforeTaxRatio": 0.0251986276,
    "incomeTaxExpense": 25966000,
    "netIncome": 39484000,
    "netIncomeRatio": 0.0151248459,
    "eps": 0.18,
    "epsdiluted": 0.18,
    "weightedAverageShsOut": 218116144,
    "weightedAverageShsOutDil": 226406640,
    "link": "https://www.sec.gov/Archives/edgar/data/1071739/000107173913000116/0001071739-13-000116-index.htm",
    "finalLink": "https://www.sec.gov/Archives/edgar/data/1071739/000107173913000116/form10-q.htm"
  },
  {
    "date": "2013-03-31",
    "symbol": "CNC",
    "reportedCurrency": "USD",
    "cik": "0001071739",
    "fillingDate": "2013-04-23",
    "acceptedDate": "2013-04-23 06:16:12",
    "calendarYear": "2013",
    "period": "Q1",
    "revenue": 2525482000,
    "costOfRevenue": 2282586000,
    "grossProfit": 242896000,
    "grossProfitRatio": 0.0961780761,
    "researchAndDevelopmentExpenses": 0,
    "generalAndAdministrativeExpenses": 203296000,
    "sellingAndMarketingExpenses": 0,
    "sellingGeneralAndAdministrativeExpenses": 203296000,
    "otherExpenses": 0,
    "operatingExpenses": 203296000,
    "costAndExpenses": 2485882000,
    "interestIncome": 0,
    "interestExpense": 6625000,
    "depreciationAndAmortization": 15691000,
    "ebitda": 59554000,
    "ebitdaratio": 0.0235812411,
    "operatingIncome": 39600000,
    "operatingIncomeRatio": 0.0156801751,
    "totalOtherIncomeExpensesNet": -2362000,
    "incomeBeforeTax": 37238000,
    "incomeBeforeTaxRatio": 0.0147449081,
    "incomeTaxExpense": 14690000,
    "netIncome": 23002000,
    "netIncomeRatio": 0.0091079643,
    "eps": 0.11,
    "epsdiluted": 0.11,
    "weightedAverageShsOut": 209428476,
    "weightedAverageShsOutDil": 217067712,
    "link": "https://www.sec.gov/Archives/edgar/data/1071739/000107173913000057/0001071739-13-000057-index.htm",
    "finalLink": "https://www.sec.gov/Archives/edgar/data/1071739/000107173913000057/form10-q.htm"
  },
  {
    "date": "2012-12-31",
    "symbol": "CNC",
    "reportedCurrency": "USD",
    "cik": "0001071739",
    "fillingDate": "2013-02-19",
    "acceptedDate": "2013-02-19 06:35:44",
    "calendarYear": "2012",
    "period": "Q4",
    "revenue": 2396597000,
    "costOfRevenue": 2525119000,
    "grossProfit": -128522000,
    "grossProfitRatio": -0.0536268718,
    "researchAndDevelopmentExpenses": 0,
    "generalAndAdministrativeExpenses": 0,
    "sellingAndMarketingExpenses": 0,
    "sellingGeneralAndAdministrativeExpenses": 192282000,
    "otherExpenses": -333872000,
    "operatingExpenses": -141590000,
    "costAndExpenses": 2383529000,
    "interestIncome": 0,
    "interestExpense": 6067000,
    "depreciationAndAmortization": 15974000,
    "ebitda": 32419000,
    "ebitdaratio": 0.013527097,
    "operatingIncome": 13068000,
    "operatingIncomeRatio": 0.0054527315,
    "totalOtherIncomeExpensesNet": -2690000,
    "incomeBeforeTax": 10378000,
    "incomeBeforeTaxRatio": 0.0043303067,
    "incomeTaxExpense": 5739000,
    "netIncome": 9061000,
    "netIncomeRatio": 0.0037807775,
    "eps": 0.0425,
    "epsdiluted": 0.0425,
    "weightedAverageShsOut": 207268264,
    "weightedAverageShsOutDil": 216220836,
    "link": "https://www.sec.gov/Archives/edgar/data/1071739/000107173913000024/0001071739-13-000024-index.htm",
    "finalLink": "https://www.sec.gov/Archives/edgar/data/1071739/000107173913000024/cnc1231201210k.htm"
  },
  {
    "date": "2012-09-30",
    "symbol": "CNC",
    "reportedCurrency": "USD",
    "cik": "0001071739",
    "fillingDate": "2012-10-23",
    "acceptedDate": "2012-10-22 18:16:08",
    "calendarYear": "2012",
    "period": "Q3",
    "revenue": 2448121000,
    "costOfRevenue": 2294689000,
    "grossProfit": 153432000,
    "grossProfitRatio": 0.0626733728,
    "researchAndDevelopmentExpenses": 0,
    "generalAndAdministrativeExpenses": 181073000,
    "sellingAndMarketingExpenses": 0,
    "sellingGeneralAndAdministrativeExpenses": 181073000,
    "otherExpenses": 0,
    "operatingExpenses": 181073000,
    "costAndExpenses": 2475762000,
    "interestIncome": 0,
    "interestExpense": 4855000,
    "depreciationAndAmortization": 16626000,
    "ebitda": 12229000,
    "ebitdaratio": 0.0049952596,
    "operatingIncome": -27641000,
    "operatingIncomeRatio": -0.0112907001,
    "totalOtherIncomeExpensesNet": 18389000,
    "incomeBeforeTax": -9252000,
    "incomeBeforeTaxRatio": -0.003779225,
    "incomeTaxExpense": -9547000,
    "netIncome": 3819000,
    "netIncomeRatio": 0.0015599719,
    "eps": 0.0175,
    "epsdiluted": 0.0175,
    "weightedAverageShsOut": 206339440,
    "weightedAverageShsOutDil": 215224788,
    "link": "https://www.sec.gov/Archives/edgar/data/1071739/000107173912000061/0001071739-12-000061-index.htm",
    "finalLink": "https://www.sec.gov/Archives/edgar/data/1071739/000107173912000061/cnc930201210q.htm"
  },
  {
    "date": "2012-06-30",
    "symbol": "CNC",
    "reportedCurrency": "USD",
    "cik": "0001071739",
    "fillingDate": "2012-07-24",
    "acceptedDate": "2012-07-23 20:09:39",
    "calendarYear": "2012",
    "period": "Q2",
    "revenue": 2110746000,
    "costOfRevenue": 1961397000,
    "grossProfit": 149349000,
    "grossProfitRatio": 0.0707565003,
    "researchAndDevelopmentExpenses": 0,
    "generalAndAdministrativeExpenses": 168062000,
    "sellingAndMarketingExpenses": 0,
    "sellingGeneralAndAdministrativeExpenses": 168062000,
    "otherExpenses": 28033000,
    "operatingExpenses": 196095000,
    "costAndExpenses": 2157492000,
    "interestIncome": 4045000,
    "interestExpense": 4739000,
    "depreciationAndAmortization": 16653000,
    "ebitda": -26048000,
    "ebitdaratio": -0.0123406606,
    "operatingIncome": -46746000,
    "operatingIncomeRatio": -0.0221466723,
    "totalOtherIncomeExpensesNet": -694000,
    "incomeBeforeTax": -47440000,
    "incomeBeforeTaxRatio": -0.022475466,
    "incomeTaxExpense": -8608000,
    "netIncome": -34999000,
    "netIncomeRatio": -0.0165813414,
    "eps": -0.17,
    "epsdiluted": -0.17,
    "weightedAverageShsOut": 206063580,
    "weightedAverageShsOutDil": 206063580,
    "link": "https://www.sec.gov/Archives/edgar/data/1071739/000107173912000030/0001071739-12-000030-index.htm",
    "finalLink": "https://www.sec.gov/Archives/edgar/data/1071739/000107173912000030/cnc630201210q.htm"
  },
  {
    "date": "2012-03-31",
    "symbol": "CNC",
    "reportedCurrency": "USD",
    "cik": "0001071739",
    "fillingDate": "2012-04-24",
    "acceptedDate": "2012-04-23 18:38:39",
    "calendarYear": "2012",
    "period": "Q1",
    "revenue": 1712148000,
    "costOfRevenue": 1514763000,
    "grossProfit": 197385000,
    "grossProfitRatio": 0.1152850104,
    "researchAndDevelopmentExpenses": 0,
    "generalAndAdministrativeExpenses": 163187000,
    "sellingAndMarketingExpenses": 0,
    "sellingGeneralAndAdministrativeExpenses": 163187000,
    "otherExpenses": 0,
    "operatingExpenses": 163187000,
    "costAndExpenses": 1677950000,
    "interestIncome": 0,
    "interestExpense": 4799000,
    "depreciationAndAmortization": 16613000,
    "ebitda": 56102000,
    "ebitdaratio": 0.0327670271,
    "operatingIncome": 34198000,
    "operatingIncomeRatio": 0.0199737406,
    "totalOtherIncomeExpensesNet": 492000,
    "incomeBeforeTax": 34690000,
    "incomeBeforeTaxRatio": 0.0202610989,
    "incomeTaxExpense": 12087000,
    "netIncome": 23978000,
    "netIncomeRatio": 0.0140046304,
    "eps": 0.12,
    "epsdiluted": 0.11,
    "weightedAverageShsOut": 204502696,
    "weightedAverageShsOutDil": 214036972,
    "link": "https://www.sec.gov/Archives/edgar/data/1071739/000107173912000015/0001071739-12-000015-index.htm",
    "finalLink": "https://www.sec.gov/Archives/edgar/data/1071739/000107173912000015/form10q.htm"
  },
  {
    "date": "2011-12-31",
    "symbol": "CNC",
    "reportedCurrency": "USD",
    "cik": "0001071739",
    "fillingDate": "2012-02-21",
    "acceptedDate": "2012-02-21 08:39:43",
    "calendarYear": "2011",
    "period": "Q4",
    "revenue": 1507176000,
    "costOfRevenue": 1320743000,
    "grossProfit": 186433000,
    "grossProfitRatio": 0.1236969007,
    "researchAndDevelopmentExpenses": 0,
    "generalAndAdministrativeExpenses": 0,
    "sellingAndMarketingExpenses": 0,
    "sellingGeneralAndAdministrativeExpenses": 90330000,
    "otherExpenses": 48726000,
    "operatingExpenses": 139056000,
    "costAndExpenses": 1459799000,
    "interestIncome": 0,
    "interestExpense": 4797000,
    "depreciationAndAmortization": 15272000,
    "ebitda": 66639000,
    "ebitdaratio": 0.0442144779,
    "operatingIncome": 47377000,
    "operatingIncomeRatio": 0.031434285,
    "totalOtherIncomeExpensesNet": -807000,
    "incomeBeforeTax": 46570000,
    "incomeBeforeTaxRatio": 0.0308988466,
    "incomeTaxExpense": 17306000,
    "netIncome": 30112000,
    "netIncomeRatio": 0.0199790867,
    "eps": 0.15,
    "epsdiluted": 0.14,
    "weightedAverageShsOut": 202090904,
    "weightedAverageShsOutDil": 211578804,
    "link": "https://www.sec.gov/Archives/edgar/data/1071739/000107173912000006/0001071739-12-000006-index.htm",
    "finalLink": "https://www.sec.gov/Archives/edgar/data/1071739/000107173912000006/form10k.htm"
  },
  {
    "date": "2011-09-30",
    "symbol": "CNC",
    "reportedCurrency": "USD",
    "cik": "0001071739",
    "fillingDate": "2011-10-25",
    "acceptedDate": "2011-10-24 17:57:31",
    "calendarYear": "2011",
    "period": "Q3",
    "revenue": 1302035000,
    "costOfRevenue": 1073549000,
    "grossProfit": 228486000,
    "grossProfitRatio": 0.175483762,
    "researchAndDevelopmentExpenses": 0,
    "generalAndAdministrativeExpenses": 0,
    "sellingAndMarketingExpenses": 0,
    "sellingGeneralAndAdministrativeExpenses": 142934000,
    "otherExpenses": 37005000,
    "operatingExpenses": 179939000,
    "costAndExpenses": 1253488000,
    "interestIncome": 0,
    "interestExpense": 4572000,
    "depreciationAndAmortization": 14488000,
    "ebitda": 65732000,
    "ebitdaratio": 0.05048405,
    "operatingIncome": 48547000,
    "operatingIncomeRatio": 0.03728548,
    "totalOtherIncomeExpensesNet": -1875000,
    "incomeBeforeTax": 46672000,
    "incomeBeforeTaxRatio": 0.0358454266,
    "incomeTaxExpense": 18459000,
    "netIncome": 28987000,
    "netIncomeRatio": 0.0222628424,
    "eps": 0.14,
    "epsdiluted": 0.14,
    "weightedAverageShsOut": 201382048,
    "weightedAverageShsOutDil": 210481400,
    "link": "https://www.sec.gov/Archives/edgar/data/1071739/000107173911000031/0001071739-11-000031-index.htm",
    "finalLink": "https://www.sec.gov/Archives/edgar/data/1071739/000107173911000031/form10q.htm"
  },
  {
    "date": "2011-06-30",
    "symbol": "CNC",
    "reportedCurrency": "USD",
    "cik": "0001071739",
    "fillingDate": "2011-07-26",
    "acceptedDate": "2011-07-25 18:35:43",
    "calendarYear": "2011",
    "period": "Q2",
    "revenue": 1315014000,
    "costOfRevenue": 1079432000,
    "grossProfit": 235582000,
    "grossProfitRatio": 0.1791479026,
    "researchAndDevelopmentExpenses": 0,
    "generalAndAdministrativeExpenses": 0,
    "sellingAndMarketingExpenses": 0,
    "sellingGeneralAndAdministrativeExpenses": 143045000,
    "otherExpenses": 37234000,
    "operatingExpenses": 180279000,
    "costAndExpenses": 1259711000,
    "interestIncome": 2933000,
    "interestExpense": 5256000,
    "depreciationAndAmortization": 14242000,
    "ebitda": 63990000,
    "ebitdaratio": 0.0486610789,
    "operatingIncome": 55303000,
    "operatingIncomeRatio": 0.0420550656,
    "totalOtherIncomeExpensesNet": -10811000,
    "incomeBeforeTax": 44492000,
    "incomeBeforeTaxRatio": 0.0338338603,
    "incomeTaxExpense": 16429000,
    "netIncome": 28374000,
    "netIncomeRatio": 0.0215769566,
    "eps": 0.14,
    "epsdiluted": 0.14,
    "weightedAverageShsOut": 200668208,
    "weightedAverageShsOutDil": 209957656,
    "link": "https://www.sec.gov/Archives/edgar/data/1071739/000107173911000022/0001071739-11-000022-index.htm",
    "finalLink": "https://www.sec.gov/Archives/edgar/data/1071739/000107173911000022/form10q.htm"
  },
  {
    "date": "2011-03-31",
    "symbol": "CNC",
    "reportedCurrency": "USD",
    "cik": "0001071739",
    "fillingDate": "2011-04-26",
    "acceptedDate": "2011-04-25 17:52:56",
    "calendarYear": "2011",
    "period": "Q1",
    "revenue": 1216357000,
    "costOfRevenue": 998743000,
    "grossProfit": 217614000,
    "grossProfitRatio": 0.1789063573,
    "researchAndDevelopmentExpenses": 0,
    "generalAndAdministrativeExpenses": 0,
    "sellingAndMarketingExpenses": 0,
    "sellingGeneralAndAdministrativeExpenses": 141088000,
    "otherExpenses": 37429000,
    "operatingExpenses": 178517000,
    "costAndExpenses": 1177260000,
    "interestIncome": 3749000,
    "interestExpense": 5695000,
    "depreciationAndAmortization": 14325000,
    "ebitda": 57171000,
    "ebitdaratio": 0.0470018259,
    "operatingIncome": 39097000,
    "operatingIncomeRatio": 0.0321427015,
    "totalOtherIncomeExpensesNet": -1946000,
    "incomeBeforeTax": 37151000,
    "incomeBeforeTaxRatio": 0.0305428423,
    "incomeTaxExpense": 14328000,
    "netIncome": 23745000,
    "netIncomeRatio": 0.019521407,
    "eps": 0.12,
    "epsdiluted": 0.12,
    "weightedAverageShsOut": 199001720,
    "weightedAverageShsOutDil": 207246884,
    "link": "https://www.sec.gov/Archives/edgar/data/1071739/000107173911000016/0001071739-11-000016-index.htm",
    "finalLink": "https://www.sec.gov/Archives/edgar/data/1071739/000107173911000016/form10q.htm"
  },
  {
    "date": "2010-12-31",
    "symbol": "CNC",
    "reportedCurrency": "USD",
    "cik": "0001071739",
    "fillingDate": "2011-02-22",
    "acceptedDate": "2011-02-22 07:55:49",
    "calendarYear": "2010",
    "period": "Q4",
    "revenue": 1180969000,
    "costOfRevenue": 823599000,
    "grossProfit": 357370000,
    "grossProfitRatio": 0.3026074351,
    "researchAndDevelopmentExpenses": 0,
    "generalAndAdministrativeExpenses": 0,
    "sellingAndMarketingExpenses": 0,
    "sellingGeneralAndAdministrativeExpenses": 146751000,
    "otherExpenses": 165118000,
    "operatingExpenses": 311869000,
    "costAndExpenses": 1135468000,
    "interestIncome": 0,
    "interestExpense": 5452000,
    "depreciationAndAmortization": 13380000,
    "ebitda": 62174000,
    "ebitdaratio": 0.0526465978,
    "operatingIncome": 45501000,
    "operatingIncomeRatio": 0.0385285304,
    "totalOtherIncomeExpensesNet": -2159000,
    "incomeBeforeTax": 43342000,
    "incomeBeforeTaxRatio": 0.0367003706,
    "incomeTaxExpense": 16958000,
    "netIncome": 25399000,
    "netIncomeRatio": 0.0215069151,
    "eps": 0.13,
    "epsdiluted": 0.13,
    "weightedAverageShsOut": 195019788,
    "weightedAverageShsOutDil": 201791552,
    "link": "https://www.sec.gov/Archives/edgar/data/1071739/000107173911000012/0001071739-11-000012-index.htm",
    "finalLink": "https://www.sec.gov/Archives/edgar/data/1071739/000107173911000012/form10k.htm"
  },
  {
    "date": "2010-09-30",
    "symbol": "CNC",
    "reportedCurrency": "USD",
    "cik": "0001071739",
    "fillingDate": "2010-10-26",
    "acceptedDate": "2010-10-25 18:57:53",
    "calendarYear": "2010",
    "period": "Q3",
    "revenue": 1121861000,
    "costOfRevenue": 907927000,
    "grossProfit": 213934000,
    "grossProfitRatio": 0.1906956388,
    "researchAndDevelopmentExpenses": 0,
    "generalAndAdministrativeExpenses": 0,
    "sellingAndMarketingExpenses": 0,
    "sellingGeneralAndAdministrativeExpenses": 132095000,
    "otherExpenses": 41591000,
    "operatingExpenses": 173686000,
    "costAndExpenses": 1081613000,
    "interestIncome": 0,
    "interestExpense": 4858000,
    "depreciationAndAmortization": 13702000,
    "ebitda": 54663000,
    "ebitdaratio": 0.0487252877,
    "operatingIncome": 40248000,
    "operatingIncomeRatio": 0.0358761023,
    "totalOtherIncomeExpensesNet": -4145000,
    "incomeBeforeTax": 36103000,
    "incomeBeforeTaxRatio": 0.0321813487,
    "incomeTaxExpense": 13163000,
    "netIncome": 22662000,
    "netIncomeRatio": 0.0202003635,
    "eps": 0.12,
    "epsdiluted": 0.11,
    "weightedAverageShsOut": 196953624,
    "weightedAverageShsOutDil": 203753428,
    "link": "https://www.sec.gov/Archives/edgar/data/1071739/000107173910000028/0001071739-10-000028-index.htm",
    "finalLink": "https://www.sec.gov/Archives/edgar/data/1071739/000107173910000028/form10q.htm"
  },
  {
    "date": "2010-06-30",
    "symbol": "CNC",
    "reportedCurrency": "USD",
    "cik": "0001071739",
    "fillingDate": "2010-07-27",
    "acceptedDate": "2010-07-26 19:08:58",
    "calendarYear": "2010",
    "period": "Q2",
    "revenue": 1076772000,
    "costOfRevenue": 875042000,
    "grossProfit": 201730000,
    "grossProfitRatio": 0.1873469964,
    "researchAndDevelopmentExpenses": 0,
    "generalAndAdministrativeExpenses": 0,
    "sellingAndMarketingExpenses": 0,
    "sellingGeneralAndAdministrativeExpenses": 133470000,
    "otherExpenses": 26551000,
    "operatingExpenses": 160021000,
    "costAndExpenses": 1035063000,
    "interestIncome": 0,
    "interestExpense": 3869000,
    "depreciationAndAmortization": 12391000,
    "ebitda": 58242000,
    "ebitdaratio": 0.0540894451,
    "operatingIncome": 41709000,
    "operatingIncomeRatio": 0.0387352197,
    "totalOtherIncomeExpensesNet": 273000,
    "incomeBeforeTax": 41982000,
    "incomeBeforeTaxRatio": 0.0389887553,
    "incomeTaxExpense": 17254000,
    "netIncome": 22773000,
    "netIncomeRatio": 0.0211493241,
    "eps": 0.12,
    "epsdiluted": 0.11,
    "weightedAverageShsOut": 196542208,
    "weightedAverageShsOutDil": 203465272,
    "link": "https://www.sec.gov/Archives/edgar/data/1071739/000107173910000024/0001071739-10-000024-index.htm",
    "finalLink": "https://www.sec.gov/Archives/edgar/data/1071739/000107173910000024/form10q.htm"
  },
  {
    "date": "2010-03-31",
    "symbol": "CNC",
    "reportedCurrency": "USD",
    "cik": "0001071739",
    "fillingDate": "2010-04-27",
    "acceptedDate": "2010-04-26 21:50:18",
    "calendarYear": "2010",
    "period": "Q1",
    "revenue": 1068721000,
    "costOfRevenue": 856860000,
    "grossProfit": 211861000,
    "grossProfitRatio": 0.1982378937,
    "researchAndDevelopmentExpenses": 0,
    "generalAndAdministrativeExpenses": 0,
    "sellingAndMarketingExpenses": 0,
    "sellingGeneralAndAdministrativeExpenses": 135507000,
    "otherExpenses": 46743000,
    "operatingExpenses": 182250000,
    "costAndExpenses": 1039110000,
    "interestIncome": 7057000,
    "interestExpense": 3813000,
    "depreciationAndAmortization": 12527000,
    "ebitda": 49195000,
    "ebitdaratio": 0.0460316584,
    "operatingIncome": 29611000,
    "operatingIncomeRatio": 0.0277069506,
    "totalOtherIncomeExpensesNet": 3244000,
    "incomeBeforeTax": 32855000,
    "incomeBeforeTaxRatio": 0.0307423546,
    "incomeTaxExpense": 12525000,
    "netIncome": 24002000,
    "netIncomeRatio": 0.0224586211,
    "eps": 0.13,
    "epsdiluted": 0.12,
    "weightedAverageShsOut": 189042856,
    "weightedAverageShsOutDil": 195046112,
    "link": "https://www.sec.gov/Archives/edgar/data/1071739/000107173910000014/0001071739-10-000014-index.htm",
    "finalLink": "https://www.sec.gov/Archives/edgar/data/1071739/000107173910000014/form10q.htm"
  },
  {
    "date": "2009-12-31",
    "symbol": "CNC",
    "reportedCurrency": "USD",
    "cik": "0001071739",
    "fillingDate": "2010-02-22",
    "acceptedDate": "2010-02-22 08:02:32",
    "calendarYear": "2009",
    "period": "Q4",
    "revenue": 1092726000,
    "costOfRevenue": 879840000,
    "grossProfit": 212886000,
    "grossProfitRatio": 0.1948210256,
    "researchAndDevelopmentExpenses": 0,
    "generalAndAdministrativeExpenses": 0,
    "sellingAndMarketingExpenses": 0,
    "sellingGeneralAndAdministrativeExpenses": 133005000,
    "otherExpenses": 42103000,
    "operatingExpenses": 175108000,
    "costAndExpenses": 1054948000,
    "interestIncome": 0,
    "interestExpense": 4108000,
    "depreciationAndAmortization": 13204000,
    "ebitda": 54892000,
    "ebitdaratio": 0.0502340019,
    "operatingIncome": 37778000,
    "operatingIncomeRatio": 0.0345722532,
    "totalOtherIncomeExpensesNet": -198000,
    "incomeBeforeTax": 37580000,
    "incomeBeforeTaxRatio": 0.034391055,
    "incomeTaxExpense": 13781000,
    "netIncome": 23715000,
    "netIncomeRatio": 0.0217026043,
    "eps": 0.14,
    "epsdiluted": 0.13,
    "weightedAverageShsOut": 172139164,
    "weightedAverageShsOutDil": 177265868,
    "link": "https://www.sec.gov/Archives/edgar/data/1071739/000107173910000009/0001071739-10-000009-index.htm",
    "finalLink": "https://www.sec.gov/Archives/edgar/data/1071739/000107173910000009/form10k.htm"
  },
  {
    "date": "2009-09-30",
    "symbol": "CNC",
    "reportedCurrency": "USD",
    "cik": "0001071739",
    "fillingDate": "2009-10-27",
    "acceptedDate": "2009-10-27 06:06:43",
    "calendarYear": "2009",
    "period": "Q3",
    "revenue": 1038234000,
    "costOfRevenue": 870200000,
    "grossProfit": 168034000,
    "grossProfitRatio": 0.1618459808,
    "researchAndDevelopmentExpenses": 0,
    "generalAndAdministrativeExpenses": 0,
    "sellingAndMarketingExpenses": 0,
    "sellingGeneralAndAdministrativeExpenses": 130024000,
    "otherExpenses": 0,
    "operatingExpenses": 130024000,
    "costAndExpenses": 1000224000,
    "interestIncome": 0,
    "interestExpense": 4064000,
    "depreciationAndAmortization": 9908000,
    "ebitda": 51668000,
    "ebitdaratio": 0.0497652745,
    "operatingIncome": 38010000,
    "operatingIncomeRatio": 0.0366102439,
    "totalOtherIncomeExpensesNet": -314000,
    "incomeBeforeTax": 37696000,
    "incomeBeforeTaxRatio": 0.0363078073,
    "incomeTaxExpense": 12426000,
    "netIncome": 21268000,
    "netIncomeRatio": 0.0204847847,
    "eps": 0.12,
    "epsdiluted": 0.12,
    "weightedAverageShsOut": 172007480,
    "weightedAverageShsOutDil": 177166416,
    "link": "https://www.sec.gov/Archives/edgar/data/1071739/000107173909000018/0001071739-09-000018-index.htm",
    "finalLink": "https://www.sec.gov/Archives/edgar/data/1071739/000107173909000018/form10q.htm"
  },
  {
    "date": "2009-06-30",
    "symbol": "CNC",
    "reportedCurrency": "USD",
    "cik": "0001071739",
    "fillingDate": "2009-07-28",
    "acceptedDate": "2009-07-27 19:57:47",
    "calendarYear": "2009",
    "period": "Q2",
    "revenue": 1039469000,
    "costOfRevenue": 878813000,
    "grossProfit": 160656000,
    "grossProfitRatio": 0.1545558357,
    "researchAndDevelopmentExpenses": 0,
    "generalAndAdministrativeExpenses": 0,
    "sellingAndMarketingExpenses": 0,
    "sellingGeneralAndAdministrativeExpenses": 129221000,
    "otherExpenses": 0,
    "operatingExpenses": 129221000,
    "costAndExpenses": 1008034000,
    "interestIncome": 0,
    "interestExpense": 4160000,
    "depreciationAndAmortization": 10659000,
    "ebitda": 46512000,
    "ebitdaratio": 0.0447459232,
    "operatingIncome": 31435000,
    "operatingIncomeRatio": 0.0302414021,
    "totalOtherIncomeExpensesNet": 258000,
    "incomeBeforeTax": 31693000,
    "incomeBeforeTaxRatio": 0.0304896058,
    "incomeTaxExpense": 11789000,
    "netIncome": 20230000,
    "netIncomeRatio": 0.0194618599,
    "eps": 0.12,
    "epsdiluted": 0.12,
    "weightedAverageShsOut": 172004628,
    "weightedAverageShsOutDil": 176969356,
    "link": "https://www.sec.gov/Archives/edgar/data/1071739/000107173909000015/0001071739-09-000015-index.htm",
    "finalLink": "https://www.sec.gov/Archives/edgar/data/1071739/000107173909000015/form10q.htm"
  },
  {
    "date": "2009-03-31",
    "symbol": "CNC",
    "reportedCurrency": "USD",
    "cik": "0001071739",
    "fillingDate": "2009-04-28",
    "acceptedDate": "2009-04-28 06:06:53",
    "calendarYear": "2009",
    "period": "Q1",
    "revenue": 932435000,
    "costOfRevenue": 779244000,
    "grossProfit": 153191000,
    "grossProfitRatio": 0.1642913447,
    "researchAndDevelopmentExpenses": 0,
    "generalAndAdministrativeExpenses": 0,
    "sellingAndMarketingExpenses": 0,
    "sellingGeneralAndAdministrativeExpenses": 122279000,
    "otherExpenses": 0,
    "operatingExpenses": 122279000,
    "costAndExpenses": 901523000,
    "interestIncome": 0,
    "interestExpense": 3986000,
    "depreciationAndAmortization": 10233000,
    "ebitda": 44758000,
    "ebitdaratio": 0.0480012012,
    "operatingIncome": 30912000,
    "operatingIncomeRatio": 0.0331519087,
    "totalOtherIncomeExpensesNet": -373000,
    "incomeBeforeTax": 30539000,
    "incomeBeforeTaxRatio": 0.0327518808,
    "incomeTaxExpense": 10845000,
    "netIncome": 18458000,
    "netIncomeRatio": 0.0197954817,
    "eps": 0.11,
    "epsdiluted": 0.11,
    "weightedAverageShsOut": 172271968,
    "weightedAverageShsOutDil": 176955452,
    "link": "https://www.sec.gov/Archives/edgar/data/1071739/000107173909000011/0001071739-09-000011-index.htm",
    "finalLink": "https://www.sec.gov/Archives/edgar/data/1071739/000107173909000011/form10q.htm"
  },
  {
    "date": "2008-12-31",
    "symbol": "CNC",
    "reportedCurrency": "USD",
    "cik": "0001071739",
    "fillingDate": "2009-02-23",
    "acceptedDate": "2009-02-23 07:56:50",
    "calendarYear": "2008",
    "period": "Q4",
    "revenue": 790672000,
    "costOfRevenue": 555969000,
    "grossProfit": 234703000,
    "grossProfitRatio": 0.2968399033,
    "researchAndDevelopmentExpenses": 0,
    "generalAndAdministrativeExpenses": 0,
    "sellingAndMarketingExpenses": 0,
    "sellingGeneralAndAdministrativeExpenses": 109624000,
    "otherExpenses": 90966000,
    "operatingExpenses": 200590000,
    "costAndExpenses": 756559000,
    "interestIncome": 0,
    "interestExpense": 4237000,
    "depreciationAndAmortization": 9396000,
    "ebitda": 49703000,
    "ebitdaratio": 0.0628617176,
    "operatingIncome": 34113000,
    "operatingIncomeRatio": 0.0431443127,
    "totalOtherIncomeExpensesNet": 1957000,
    "incomeBeforeTax": 36070000,
    "incomeBeforeTaxRatio": 0.0456194225,
    "incomeTaxExpense": 13726000,
    "netIncome": 21423000,
    "netIncomeRatio": 0.0270946739,
    "eps": 0.12,
    "epsdiluted": 0.12,
    "weightedAverageShsOut": 173100748,
    "weightedAverageShsOutDil": 177595820,
    "link": "https://www.sec.gov/Archives/edgar/data/1071739/000107173909000007/0001071739-09-000007-index.htm",
    "finalLink": "https://www.sec.gov/Archives/edgar/data/1071739/000107173909000007/form10k.htm"
  },
  {
    "date": "2008-09-30",
    "symbol": "CNC",
    "reportedCurrency": "USD",
    "cik": "0001071739",
    "fillingDate": "2008-10-28",
    "acceptedDate": "2008-10-28 06:23:40",
    "calendarYear": "2008",
    "period": "Q3",
    "revenue": 858599000,
    "costOfRevenue": 684774000,
    "grossProfit": 173825000,
    "grossProfitRatio": 0.2024519013,
    "researchAndDevelopmentExpenses": 0,
    "generalAndAdministrativeExpenses": 0,
    "sellingAndMarketingExpenses": 0,
    "sellingGeneralAndAdministrativeExpenses": 118628000,
    "otherExpenses": 23284000,
    "operatingExpenses": 141912000,
    "costAndExpenses": 826686000,
    "interestIncome": 0,
    "interestExpense": 4377000,
    "depreciationAndAmortization": 9789000,
    "ebitda": 44410000,
    "ebitdaratio": 0.0517237966,
    "operatingIncome": 31913000,
    "operatingIncomeRatio": 0.0371686899,
    "totalOtherIncomeExpensesNet": -1669000,
    "incomeBeforeTax": 30244000,
    "incomeBeforeTaxRatio": 0.0352248256,
    "incomeTaxExpense": 12145000,
    "netIncome": 18248000,
    "netIncomeRatio": 0.0212532276,
    "eps": 0.11,
    "epsdiluted": 0.1,
    "weightedAverageShsOut": 172931764,
    "weightedAverageShsOutDil": 178121388,
    "link": "https://www.sec.gov/Archives/edgar/data/1071739/000107173908000034/0001071739-08-000034-index.htm",
    "finalLink": "https://www.sec.gov/Archives/edgar/data/1071739/000107173908000034/form10q.htm"
  },
  {
    "date": "2008-06-30",
    "symbol": "CNC",
    "reportedCurrency": "USD",
    "cik": "0001071739",
    "fillingDate": "2008-07-22",
    "acceptedDate": "2008-07-22 06:03:07",
    "calendarYear": "2008",
    "period": "Q2",
    "revenue": 823930000,
    "costOfRevenue": 686783000,
    "grossProfit": 137147000,
    "grossProfitRatio": 0.1664546745,
    "researchAndDevelopmentExpenses": 0,
    "generalAndAdministrativeExpenses": 0,
    "sellingAndMarketingExpenses": 0,
    "sellingGeneralAndAdministrativeExpenses": 109270000,
    "otherExpenses": 0,
    "operatingExpenses": 109270000,
    "costAndExpenses": 796053000,
    "interestIncome": 0,
    "interestExpense": 4065000,
    "depreciationAndAmortization": 8431000,
    "ebitda": 41742000,
    "ebitdaratio": 0.0506620708,
    "operatingIncome": 27877000,
    "operatingIncomeRatio": 0.0338341849,
    "totalOtherIncomeExpensesNet": 1369000,
    "incomeBeforeTax": 29246000,
    "incomeBeforeTaxRatio": 0.0354957339,
    "incomeTaxExpense": 11363000,
    "netIncome": 18203000,
    "netIncomeRatio": 0.0220928962,
    "eps": 0.11,
    "epsdiluted": 0.1,
    "weightedAverageShsOut": 173503776,
    "weightedAverageShsOutDil": 177102404,
    "link": "https://www.sec.gov/Archives/edgar/data/1071739/000107173908000023/0001071739-08-000023-index.htm",
    "finalLink": "https://www.sec.gov/Archives/edgar/data/1071739/000107173908000023/form10q.htm"
  },
  {
    "date": "2008-03-31",
    "symbol": "CNC",
    "reportedCurrency": "USD",
    "cik": "0001071739",
    "fillingDate": "2008-04-22",
    "acceptedDate": "2008-04-22 06:04:47",
    "calendarYear": "2008",
    "period": "Q1",
    "revenue": 779228000,
    "costOfRevenue": 647434000,
    "grossProfit": 131794000,
    "grossProfitRatio": 0.169134066,
    "researchAndDevelopmentExpenses": 0,
    "generalAndAdministrativeExpenses": 0,
    "sellingAndMarketingExpenses": 0,
    "sellingGeneralAndAdministrativeExpenses": 95493000,
    "otherExpenses": 0,
    "operatingExpenses": 95493000,
    "costAndExpenses": 742927000,
    "interestIncome": 0,
    "interestExpense": 3994000,
    "depreciationAndAmortization": 7798000,
    "ebitda": 51681000,
    "ebitdaratio": 0.0663233354,
    "operatingIncome": 36301000,
    "operatingIncomeRatio": 0.0465858516,
    "totalOtherIncomeExpensesNet": 3588000,
    "incomeBeforeTax": 39889000,
    "incomeBeforeTaxRatio": 0.051190409,
    "incomeTaxExpense": 14956000,
    "netIncome": 25623000,
    "netIncomeRatio": 0.0328825453,
    "eps": 0.15,
    "epsdiluted": 0.14,
    "weightedAverageShsOut": 174152828,
    "weightedAverageShsOutDil": 178971572,
    "link": "https://www.sec.gov/Archives/edgar/data/1071739/000107173908000016/0001071739-08-000016-index.htm",
    "finalLink": "https://www.sec.gov/Archives/edgar/data/1071739/000107173908000016/form10q.htm"
  },
  {
    "date": "2007-12-31",
    "symbol": "CNC",
    "reportedCurrency": "USD",
    "cik": "0001071739",
    "fillingDate": "2008-02-25",
    "acceptedDate": "2008-02-25 06:10:11",
    "calendarYear": "2007",
    "period": "Q4",
    "revenue": 770770000,
    "costOfRevenue": 637622000,
    "grossProfit": 133148000,
    "grossProfitRatio": 0.1727467338,
    "researchAndDevelopmentExpenses": 0,
    "generalAndAdministrativeExpenses": 0,
    "sellingAndMarketingExpenses": 0,
    "sellingGeneralAndAdministrativeExpenses": 49086000,
    "otherExpenses": 87044000,
    "operatingExpenses": 136130000,
    "costAndExpenses": 773752000,
    "interestIncome": 0,
    "interestExpense": 4110000,
    "depreciationAndAmortization": 7426000,
    "ebitda": 12812000,
    "ebitdaratio": 0.0166223387,
    "operatingIncome": -2982000,
    "operatingIncomeRatio": -0.0038688584,
    "totalOtherIncomeExpensesNet": 4258000,
    "incomeBeforeTax": 1276000,
    "incomeBeforeTaxRatio": 0.0016554874,
    "incomeTaxExpense": 31936000,
    "netIncome": 1473000,
    "netIncomeRatio": 0.0019110759,
    "eps": 0.0085,
    "epsdiluted": 0.0082,
    "weightedAverageShsOut": 174159800,
    "weightedAverageShsOutDil": 179292328,
    "link": "https://www.sec.gov/Archives/edgar/data/1071739/000107173908000010/0001071739-08-000010-index.htm",
    "finalLink": "https://www.sec.gov/Archives/edgar/data/1071739/000107173908000010/form10k.htm"
  },
  {
    "date": "2007-09-30",
    "symbol": "CNC",
    "reportedCurrency": "USD",
    "cik": "0001071739",
    "fillingDate": "2007-10-23",
    "acceptedDate": "2007-10-23 06:03:59",
    "calendarYear": "2007",
    "period": "Q3",
    "revenue": 749888000,
    "costOfRevenue": 625742000,
    "grossProfit": 124146000,
    "grossProfitRatio": 0.1655527225,
    "researchAndDevelopmentExpenses": 0,
    "generalAndAdministrativeExpenses": 0,
    "sellingAndMarketingExpenses": 0,
    "sellingGeneralAndAdministrativeExpenses": 100235000,
    "otherExpenses": 0,
    "operatingExpenses": 100235000,
    "costAndExpenses": 725977000,
    "interestIncome": 0,
    "interestExpense": 4171000,
    "depreciationAndAmortization": 7390000,
    "ebitda": 37653000,
    "ebitdaratio": 0.0502114983,
    "operatingIncome": 23911000,
    "operatingIncomeRatio": 0.031886095,
    "totalOtherIncomeExpensesNet": 2181000,
    "incomeBeforeTax": 26092000,
    "incomeBeforeTaxRatio": 0.0347945293,
    "incomeTaxExpense": 9628000,
    "netIncome": 15936000,
    "netIncomeRatio": 0.0212511735,
    "eps": 0.0925,
    "epsdiluted": 0.09,
    "weightedAverageShsOut": 174131328,
    "weightedAverageShsOutDil": 178514240,
    "link": "https://www.sec.gov/Archives/edgar/data/1071739/000107173907000050/0001071739-07-000050-index.htm",
    "finalLink": "https://www.sec.gov/Archives/edgar/data/1071739/000107173907000050/form10q.htm"
  },
  {
    "date": "2007-06-30",
    "symbol": "CNC",
    "reportedCurrency": "USD",
    "cik": "0001071739",
    "fillingDate": "2007-07-24",
    "acceptedDate": "2007-07-24 06:04:42",
    "calendarYear": "2007",
    "period": "Q2",
    "revenue": 727731000,
    "costOfRevenue": 591816000,
    "grossProfit": 135915000,
    "grossProfitRatio": 0.1867654394,
    "researchAndDevelopmentExpenses": 0,
    "generalAndAdministrativeExpenses": 0,
    "sellingAndMarketingExpenses": 0,
    "sellingGeneralAndAdministrativeExpenses": 102007000,
    "otherExpenses": 19874000,
    "operatingExpenses": 121881000,
    "costAndExpenses": 713697000,
    "interestIncome": 0,
    "interestExpense": 4213000,
    "depreciationAndAmortization": 6717000,
    "ebitda": 27339000,
    "ebitdaratio": 0.0375674528,
    "operatingIncome": 14034000,
    "operatingIncomeRatio": 0.0192845983,
    "totalOtherIncomeExpensesNet": 2375000,
    "incomeBeforeTax": 16409000,
    "incomeBeforeTaxRatio": 0.0225481668,
    "incomeTaxExpense": 6234000,
    "netIncome": 17782000,
    "netIncomeRatio": 0.024434853,
    "eps": 0.1,
    "epsdiluted": 0.1,
    "weightedAverageShsOut": 174469440,
    "weightedAverageShsOutDil": 179261476,
    "link": "https://www.sec.gov/Archives/edgar/data/1071739/000107173907000045/0001071739-07-000045-index.htm",
    "finalLink": "https://www.sec.gov/Archives/edgar/data/1071739/000107173907000045/form10q.htm"
  },
  {
    "date": "2007-03-31",
    "symbol": "CNC",
    "reportedCurrency": "USD",
    "cik": "0001071739",
    "fillingDate": "2007-04-24",
    "acceptedDate": "2007-04-24 06:02:10",
    "calendarYear": "2007",
    "period": "Q1",
    "revenue": 664234000,
    "costOfRevenue": 544150000,
    "grossProfit": 120084000,
    "grossProfitRatio": 0.180785687,
    "researchAndDevelopmentExpenses": 0,
    "generalAndAdministrativeExpenses": 0,
    "sellingAndMarketingExpenses": 0,
    "sellingGeneralAndAdministrativeExpenses": 86467000,
    "otherExpenses": 17816000,
    "operatingExpenses": 104283000,
    "costAndExpenses": 648433000,
    "interestIncome": 0,
    "interestExpense": 3132000,
    "depreciationAndAmortization": 6274000,
    "ebitda": 28092000,
    "ebitdaratio": 0.0422923247,
    "operatingIncome": 15801000,
    "operatingIncomeRatio": 0.0237883035,
    "totalOtherIncomeExpensesNet": 2885000,
    "incomeBeforeTax": 18686000,
    "incomeBeforeTaxRatio": 0.0281316524,
    "incomeTaxExpense": 7089000,
    "netIncome": 38211000,
    "netIncomeRatio": 0.0575264139,
    "eps": 0.22,
    "epsdiluted": 0.21,
    "weightedAverageShsOut": 173733276,
    "weightedAverageShsOutDil": 179693360,
    "link": "https://www.sec.gov/Archives/edgar/data/1071739/000107173907000018/0001071739-07-000018-index.htm",
    "finalLink": "https://www.sec.gov/Archives/edgar/data/1071739/000107173907000018/form10q.htm"
  },
  {
    "date": "2006-12-31",
    "symbol": "CNC",
    "reportedCurrency": "USD",
    "cik": "0001071739",
    "fillingDate": "2007-02-23",
    "acceptedDate": "2007-02-23 06:10:41",
    "calendarYear": "2006",
    "period": "Q4",
    "revenue": 697400000,
    "costOfRevenue": 1835268000,
    "grossProfit": -1137868000,
    "grossProfitRatio": -1.6315858905,
    "researchAndDevelopmentExpenses": 0,
    "generalAndAdministrativeExpenses": 0,
    "sellingAndMarketingExpenses": 0,
    "sellingGeneralAndAdministrativeExpenses": 112630000,
    "otherExpenses": -1269244000,
    "operatingExpenses": -1156614000,
    "costAndExpenses": 678654000,
    "interestIncome": 0,
    "interestExpense": 0,
    "depreciationAndAmortization": 5314000,
    "ebitda": -45139000,
    "ebitdaratio": -0.0647246917,
    "operatingIncome": 18746000,
    "operatingIncomeRatio": 0.0268798394,
    "totalOtherIncomeExpensesNet": 2736000,
    "incomeBeforeTax": 21482000,
    "incomeBeforeTaxRatio": 0.0308029825,
    "incomeTaxExpense": 7649000,
    "netIncome": 13833000,
    "netIncomeRatio": 0.0198351018,
    "eps": 0.0801,
    "epsdiluted": 0.0801,
    "weightedAverageShsOut": 172643440,
    "weightedAverageShsOutDil": 172643440,
    "link": "https://www.sec.gov/Archives/edgar/data/1071739/000107173907000012/0001071739-07-000012-index.htm",
    "finalLink": "https://www.sec.gov/Archives/edgar/data/1071739/000107173907000012/form10k.htm"
  },
  {
    "date": "2006-09-30",
    "symbol": "CNC",
    "reportedCurrency": "USD",
    "cik": "0001071739",
    "fillingDate": "2006-10-24",
    "acceptedDate": "2006-10-24 06:15:50",
    "calendarYear": "2006",
    "period": "Q3",
    "revenue": 631249000,
    "costOfRevenue": 516723000,
    "grossProfit": 114526000,
    "grossProfitRatio": 0.1814276141,
    "researchAndDevelopmentExpenses": 0,
    "generalAndAdministrativeExpenses": 93991000,
    "sellingAndMarketingExpenses": 5993000,
    "sellingGeneralAndAdministrativeExpenses": 99984000,
    "otherExpenses": 81098000,
    "operatingExpenses": 181082000,
    "costAndExpenses": 697805000,
    "interestIncome": 0,
    "interestExpense": 3082000,
    "depreciationAndAmortization": 5745000,
    "ebitda": -56186000,
    "ebitdaratio": -0.0890076658,
    "operatingIncome": -66556000,
    "operatingIncomeRatio": -0.1054354146,
    "totalOtherIncomeExpensesNet": 1543000,
    "incomeBeforeTax": -65013000,
    "incomeBeforeTaxRatio": -0.1029910542,
    "incomeTaxExpense": 6180000,
    "netIncome": -71193000,
    "netIncomeRatio": -0.1127811688,
    "eps": -0.41,
    "epsdiluted": -0.41,
    "weightedAverageShsOut": 172876212,
    "weightedAverageShsOutDil": 172876212,
    "link": "https://www.sec.gov/Archives/edgar/data/1071739/000095013406019515/0000950134-06-019515-index.htm",
    "finalLink": "https://www.sec.gov/Archives/edgar/data/1071739/000095013406019515/c09216e10vq.htm"
  },
  {
    "date": "2006-06-30",
    "symbol": "CNC",
    "reportedCurrency": "USD",
    "cik": "0001071739",
    "fillingDate": "2006-07-25",
    "acceptedDate": "2006-07-25 06:14:02",
    "calendarYear": "2006",
    "period": "Q2",
    "revenue": 495293000,
    "costOfRevenue": 414546000,
    "grossProfit": 80747000,
    "grossProfitRatio": 0.1630287527,
    "researchAndDevelopmentExpenses": 0,
    "generalAndAdministrativeExpenses": 0,
    "sellingAndMarketingExpenses": 0,
    "sellingGeneralAndAdministrativeExpenses": 74441000,
    "otherExpenses": 0,
    "operatingExpenses": 74441000,
    "costAndExpenses": 488987000,
    "interestIncome": 0,
    "interestExpense": 2456000,
    "depreciationAndAmortization": 5021000,
    "ebitda": 15218000,
    "ebitdaratio": 0.0307252475,
    "operatingIncome": 6306000,
    "operatingIncomeRatio": 0.0127318577,
    "totalOtherIncomeExpensesNet": 1435000,
    "incomeBeforeTax": 7741000,
    "incomeBeforeTaxRatio": 0.0156291327,
    "incomeTaxExpense": 2776000,
    "netIncome": 4965000,
    "netIncomeRatio": 0.0100243694,
    "eps": 0.03,
    "epsdiluted": 0.0275,
    "weightedAverageShsOut": 172678360,
    "weightedAverageShsOutDil": 179356596,
    "link": "https://www.sec.gov/Archives/edgar/data/1071739/000119312506152123/0001193125-06-152123-index.htm",
    "finalLink": "https://www.sec.gov/Archives/edgar/data/1071739/000119312506152123/d10q.htm"
  },
  {
    "date": "2006-03-31",
    "symbol": "CNC",
    "reportedCurrency": "USD",
    "cik": "0001071739",
    "fillingDate": "2006-04-25",
    "acceptedDate": "2006-04-25 06:16:44",
    "calendarYear": "2006",
    "period": "Q1",
    "revenue": 455078000,
    "costOfRevenue": 377260000,
    "grossProfit": 77818000,
    "grossProfitRatio": 0.1709992573,
    "researchAndDevelopmentExpenses": 0,
    "generalAndAdministrativeExpenses": 65222000,
    "sellingAndMarketingExpenses": 0,
    "sellingGeneralAndAdministrativeExpenses": 65222000,
    "otherExpenses": 0,
    "operatingExpenses": 65222000,
    "costAndExpenses": 442482000,
    "interestIncome": 0,
    "interestExpense": 1998000,
    "depreciationAndAmortization": 4520000,
    "ebitda": 20656000,
    "ebitdaratio": 0.0453900211,
    "operatingIncome": 12596000,
    "operatingIncomeRatio": 0.0276787716,
    "totalOtherIncomeExpensesNet": 1542000,
    "incomeBeforeTax": 14138000,
    "incomeBeforeTaxRatio": 0.0310672017,
    "incomeTaxExpense": 5372000,
    "netIncome": 8766000,
    "netIncomeRatio": 0.0192626319,
    "eps": 0.05,
    "epsdiluted": 0.05,
    "weightedAverageShsOut": 171951568,
    "weightedAverageShsOutDil": 179001084,
    "link": "https://www.sec.gov/Archives/edgar/data/1071739/000119312506087165/0001193125-06-087165-index.htm",
    "finalLink": "https://www.sec.gov/Archives/edgar/data/1071739/000119312506087165/d10q.htm"
  },
  {
    "date": "2005-12-31",
    "symbol": "CNC",
    "reportedCurrency": "USD",
    "cik": "0001071739",
    "fillingDate": "2006-02-24",
    "acceptedDate": "2006-02-24 06:12:07",
    "calendarYear": "2005",
    "period": "Q4",
    "revenue": 423218000,
    "costOfRevenue": 1229187000,
    "grossProfit": -805969000,
    "grossProfitRatio": -1.9043826113,
    "researchAndDevelopmentExpenses": 0,
    "generalAndAdministrativeExpenses": 0,
    "sellingAndMarketingExpenses": 0,
    "sellingGeneralAndAdministrativeExpenses": 54639000,
    "otherExpenses": -881021000,
    "operatingExpenses": -826382000,
    "costAndExpenses": 402805000,
    "interestIncome": 0,
    "interestExpense": 0,
    "depreciationAndAmortization": 3411000,
    "ebitda": 34479000,
    "ebitdaratio": 0.0814686521,
    "operatingIncome": 20413000,
    "operatingIncomeRatio": 0.0482328256,
    "totalOtherIncomeExpensesNet": 1590000,
    "incomeBeforeTax": 22003000,
    "incomeBeforeTaxRatio": 0.0519897547,
    "incomeTaxExpense": 8137000,
    "netIncome": 13866000,
    "netIncomeRatio": 0.0327632568,
    "eps": 0.0819,
    "epsdiluted": 0.077,
    "weightedAverageShsOut": 169250088,
    "weightedAverageShsOutDil": 180110532,
    "link": "https://www.sec.gov/Archives/edgar/data/1071739/000119312506038095/0001193125-06-038095-index.htm",
    "finalLink": "https://www.sec.gov/Archives/edgar/data/1071739/000119312506038095/d10k.htm"
  },
  {
    "date": "2005-09-30",
    "symbol": "CNC",
    "reportedCurrency": "USD",
    "cik": "0001071739",
    "fillingDate": "2005-10-25",
    "acceptedDate": "2005-10-25 06:11:56",
    "calendarYear": "2005",
    "period": "Q3",
    "revenue": 400642000,
    "costOfRevenue": 2002000,
    "grossProfit": 398640000,
    "grossProfitRatio": 0.9950030202,
    "researchAndDevelopmentExpenses": 0,
    "generalAndAdministrativeExpenses": 52450000,
    "sellingAndMarketingExpenses": 0,
    "sellingGeneralAndAdministrativeExpenses": 52450000,
    "otherExpenses": 331050000,
    "operatingExpenses": 383500000,
    "costAndExpenses": 385502000,
    "interestIncome": 0,
    "interestExpense": 0,
    "depreciationAndAmortization": 3757000,
    "ebitda": 18897000,
    "ebitdaratio": 0.0471667973,
    "operatingIncome": 15140000,
    "operatingIncomeRatio": 0.0377893481,
    "totalOtherIncomeExpensesNet": 1628000,
    "incomeBeforeTax": 16768000,
    "incomeBeforeTaxRatio": 0.0418528262,
    "incomeTaxExpense": 4662000,
    "netIncome": 12106000,
    "netIncomeRatio": 0.0302165025,
    "eps": 0.07,
    "epsdiluted": 0.0675,
    "weightedAverageShsOut": 170328516,
    "weightedAverageShsOutDil": 181113312,
    "link": "https://www.sec.gov/Archives/edgar/data/1071739/000119312505207282/0001193125-05-207282-index.htm",
    "finalLink": "https://www.sec.gov/Archives/edgar/data/1071739/000119312505207282/d10q.htm"
  },
  {
    "date": "2005-06-30",
    "symbol": "CNC",
    "reportedCurrency": "USD",
    "cik": "0001071739",
    "fillingDate": "2005-07-25",
    "acceptedDate": "2005-07-25 17:11:59",
    "calendarYear": "2005",
    "period": "Q2",
    "revenue": 349628000,
    "costOfRevenue": 728000,
    "grossProfit": 348900000,
    "grossProfitRatio": 0.9979177869,
    "researchAndDevelopmentExpenses": 0,
    "generalAndAdministrativeExpenses": 44365000,
    "sellingAndMarketingExpenses": 0,
    "sellingGeneralAndAdministrativeExpenses": 44365000,
    "otherExpenses": 282215000,
    "operatingExpenses": 326580000,
    "costAndExpenses": 327308000,
    "interestIncome": 0,
    "interestExpense": 0,
    "depreciationAndAmortization": 3119000,
    "ebitda": 25439000,
    "ebitdaratio": 0.0727601908,
    "operatingIncome": 22320000,
    "operatingIncomeRatio": 0.0638392806,
    "totalOtherIncomeExpensesNet": 1889000,
    "incomeBeforeTax": 24209000,
    "incomeBeforeTaxRatio": 0.069242166,
    "incomeTaxExpense": 8960000,
    "netIncome": 15249000,
    "netIncomeRatio": 0.0436149279,
    "eps": 0.09,
    "epsdiluted": 0.085,
    "weightedAverageShsOut": 168815784,
    "weightedAverageShsOutDil": 180351088,
    "link": "https://www.sec.gov/Archives/edgar/data/1071739/000119312505148104/0001193125-05-148104-index.htm",
    "finalLink": "https://www.sec.gov/Archives/edgar/data/1071739/000119312505148104/d10q.htm"
  },
  {
    "date": "2005-03-31",
    "symbol": "CNC",
    "reportedCurrency": "USD",
    "cik": "0001071739",
    "fillingDate": "2005-04-25",
    "acceptedDate": "2005-04-25 16:17:25",
    "calendarYear": "2005",
    "period": "Q1",
    "revenue": 332376000,
    "costOfRevenue": 843000,
    "grossProfit": 331533000,
    "grossProfitRatio": 0.9974637158,
    "researchAndDevelopmentExpenses": 0,
    "generalAndAdministrativeExpenses": 42459000,
    "sellingAndMarketingExpenses": 0,
    "sellingGeneralAndAdministrativeExpenses": 42459000,
    "otherExpenses": 267756000,
    "operatingExpenses": 310215000,
    "costAndExpenses": 311058000,
    "interestIncome": 0,
    "interestExpense": 0,
    "depreciationAndAmortization": 2782000,
    "ebitda": 24100000,
    "ebitdaratio": 0.0725082437,
    "operatingIncome": 21318000,
    "operatingIncomeRatio": 0.0641382049,
    "totalOtherIncomeExpensesNet": 1558000,
    "incomeBeforeTax": 22876000,
    "incomeBeforeTaxRatio": 0.0688256673,
    "incomeTaxExpense": 8465000,
    "netIncome": 14411000,
    "netIncomeRatio": 0.0433575228,
    "eps": 0.0875,
    "epsdiluted": 0.08,
    "weightedAverageShsOut": 166242348,
    "weightedAverageShsOutDil": 179447956,
    "link": "https://www.sec.gov/Archives/edgar/data/1071739/000119312505083882/0001193125-05-083882-index.htm",
    "finalLink": "https://www.sec.gov/Archives/edgar/data/1071739/000119312505083882/d10q.htm"
  },
  {
    "date": "2004-12-31",
    "symbol": "CNC",
    "reportedCurrency": "USD",
    "cik": "0001071739",
    "fillingDate": "2005-02-24",
    "acceptedDate": "2005-02-24 16:18:21",
    "calendarYear": "2004",
    "period": "Q4",
    "revenue": 288064000,
    "costOfRevenue": 802392000,
    "grossProfit": -514328000,
    "grossProfitRatio": -1.7854643413,
    "researchAndDevelopmentExpenses": 0,
    "generalAndAdministrativeExpenses": 0,
    "sellingAndMarketingExpenses": 0,
    "sellingGeneralAndAdministrativeExpenses": 38948000,
    "otherExpenses": -570720000,
    "operatingExpenses": -531772000,
    "costAndExpenses": 270620000,
    "interestIncome": 0,
    "interestExpense": 0,
    "depreciationAndAmortization": 2795000,
    "ebitda": 26670000,
    "ebitdaratio": 0.0925835925,
    "operatingIncome": 17444000,
    "operatingIncomeRatio": 0.0605559876,
    "totalOtherIncomeExpensesNet": 1539000,
    "incomeBeforeTax": 18983000,
    "incomeBeforeTaxRatio": 0.0658985503,
    "incomeTaxExpense": 6973000,
    "netIncome": 12010000,
    "netIncomeRatio": 0.041692124,
    "eps": 0.0736,
    "epsdiluted": 0.0688,
    "weightedAverageShsOut": 163283636,
    "weightedAverageShsOutDil": 174465780,
    "link": "https://www.sec.gov/Archives/edgar/data/1071739/000119312505036156/0001193125-05-036156-index.htm",
    "finalLink": "https://www.sec.gov/Archives/edgar/data/1071739/000119312505036156/d10k.htm"
  },
  {
    "date": "2004-09-30",
    "symbol": "CNC",
    "reportedCurrency": "USD",
    "cik": "0001071739",
    "fillingDate": "2004-12-17",
    "acceptedDate": "2004-12-17 16:18:15",
    "calendarYear": "2004",
    "period": "Q3",
    "revenue": 253743000,
    "costOfRevenue": 2111000,
    "grossProfit": 251632000,
    "grossProfitRatio": 0.9916805587,
    "researchAndDevelopmentExpenses": 0,
    "generalAndAdministrativeExpenses": 32187000,
    "sellingAndMarketingExpenses": 0,
    "sellingGeneralAndAdministrativeExpenses": 32187000,
    "otherExpenses": 202974000,
    "operatingExpenses": 235161000,
    "costAndExpenses": 237272000,
    "interestIncome": 0,
    "interestExpense": 0,
    "depreciationAndAmortization": 2518000,
    "ebitda": 18989000,
    "ebitdaratio": 0.074835562,
    "operatingIncome": 16471000,
    "operatingIncomeRatio": 0.0649121355,
    "totalOtherIncomeExpensesNet": 1557000,
    "incomeBeforeTax": 18028000,
    "incomeBeforeTaxRatio": 0.0710482654,
    "incomeTaxExpense": 6677000,
    "netIncome": 11351000,
    "netIncomeRatio": 0.044734239,
    "eps": 0.07,
    "epsdiluted": 0.065,
    "weightedAverageShsOut": 163891432,
    "weightedAverageShsOutDil": 174560720,
    "link": "https://www.sec.gov/Archives/edgar/data/1071739/000119312504215630/0001193125-04-215630-index.htm",
    "finalLink": "https://www.sec.gov/Archives/edgar/data/1071739/000119312504215630/d10qa.htm"
  },
  {
    "date": "2004-06-30",
    "symbol": "CNC",
    "reportedCurrency": "USD",
    "cik": "0001071739",
    "fillingDate": "2004-07-26",
    "acceptedDate": "2004-07-26 16:28:46",
    "calendarYear": "2004",
    "period": "Q2",
    "revenue": 233608000,
    "costOfRevenue": 2022000,
    "grossProfit": 231586000,
    "grossProfitRatio": 0.9913444745,
    "researchAndDevelopmentExpenses": 0,
    "generalAndAdministrativeExpenses": 28351000,
    "sellingAndMarketingExpenses": 0,
    "sellingGeneralAndAdministrativeExpenses": 28351000,
    "otherExpenses": 187298000,
    "operatingExpenses": 215649000,
    "costAndExpenses": 217671000,
    "interestIncome": 0,
    "interestExpense": 0,
    "depreciationAndAmortization": 2430000,
    "ebitda": 18367000,
    "ebitdaratio": 0.0786231636,
    "operatingIncome": 15937000,
    "operatingIncomeRatio": 0.0682211226,
    "totalOtherIncomeExpensesNet": 1235000,
    "incomeBeforeTax": 17172000,
    "incomeBeforeTaxRatio": 0.0735077566,
    "incomeTaxExpense": 6359000,
    "netIncome": 10813000,
    "netIncomeRatio": 0.0462869422,
    "eps": 0.0675,
    "epsdiluted": 0.0625,
    "weightedAverageShsOut": 162885864,
    "weightedAverageShsOutDil": 173497504,
    "link": "https://www.sec.gov/Archives/edgar/data/1071739/000119312504124387/0001193125-04-124387-index.htm",
    "finalLink": "https://www.sec.gov/Archives/edgar/data/1071739/000119312504124387/d10q.htm"
  },
  {
    "date": "2004-03-31",
    "symbol": "CNC",
    "reportedCurrency": "USD",
    "cik": "0001071739",
    "fillingDate": "2004-04-26",
    "acceptedDate": "2004-04-26 16:03:51",
    "calendarYear": "2004",
    "period": "Q1",
    "revenue": 225525000,
    "costOfRevenue": 2016000,
    "grossProfit": 223509000,
    "grossProfitRatio": 0.991060858,
    "researchAndDevelopmentExpenses": 0,
    "generalAndAdministrativeExpenses": 28377000,
    "sellingAndMarketingExpenses": 0,
    "sellingGeneralAndAdministrativeExpenses": 28377000,
    "otherExpenses": 180448000,
    "operatingExpenses": 208825000,
    "costAndExpenses": 210841000,
    "interestIncome": 0,
    "interestExpense": 0,
    "depreciationAndAmortization": 2271000,
    "ebitda": 16955000,
    "ebitdaratio": 0.0751801352,
    "operatingIncome": 14684000,
    "operatingIncomeRatio": 0.0651102982,
    "totalOtherIncomeExpensesNet": 1420000,
    "incomeBeforeTax": 16104000,
    "incomeBeforeTaxRatio": 0.0714067177,
    "incomeTaxExpense": 5966000,
    "netIncome": 10138000,
    "netIncomeRatio": 0.0449528877,
    "eps": 0.0625,
    "epsdiluted": 0.06,
    "weightedAverageShsOut": 161536072,
    "weightedAverageShsOutDil": 172270960,
    "link": "https://www.sec.gov/Archives/edgar/data/1071739/000119312504069625/0001193125-04-069625-index.htm",
    "finalLink": "https://www.sec.gov/Archives/edgar/data/1071739/000119312504069625/d10q.htm"
  },
  {
    "date": "2003-12-31",
    "symbol": "CNC",
    "reportedCurrency": "USD",
    "cik": "0001071739",
    "fillingDate": "2004-02-25",
    "acceptedDate": "2004-02-25 16:01:26",
    "calendarYear": "2003",
    "period": "Q4",
    "revenue": 207657000,
    "costOfRevenue": 2054000,
    "grossProfit": 205603000,
    "grossProfitRatio": 0.9901086888,
    "researchAndDevelopmentExpenses": 0,
    "generalAndAdministrativeExpenses": 25590000,
    "sellingAndMarketingExpenses": 0,
    "sellingGeneralAndAdministrativeExpenses": 25590000,
    "otherExpenses": 166209000,
    "operatingExpenses": 191799000,
    "costAndExpenses": 193853000,
    "interestIncome": 0,
    "interestExpense": 0,
    "depreciationAndAmortization": 2149000,
    "ebitda": 15953000,
    "ebitdaratio": 0.0768238008,
    "operatingIncome": 13804000,
    "operatingIncomeRatio": 0.0664750045,
    "totalOtherIncomeExpensesNet": 1592000,
    "incomeBeforeTax": 15396000,
    "incomeBeforeTaxRatio": 0.0741414929,
    "incomeTaxExpense": 5699000,
    "netIncome": 9697000,
    "netIncomeRatio": 0.0466971978,
    "eps": 0.0679,
    "epsdiluted": 0.0631,
    "weightedAverageShsOut": 142817704,
    "weightedAverageShsOutDil": 153688608,
    "link": "https://www.sec.gov/Archives/edgar/data/1071739/000095013704001221/0000950137-04-001221-index.htm",
    "finalLink": "https://www.sec.gov/Archives/edgar/data/1071739/000095013704001221/c83064e10vk.htm"
  },
  {
    "date": "2003-09-30",
    "symbol": "CNC",
    "reportedCurrency": "USD",
    "cik": "0001071739",
    "fillingDate": "2003-10-27",
    "acceptedDate": "2003-10-27 16:19:23",
    "calendarYear": "2003",
    "period": "Q3",
    "revenue": 198753000,
    "costOfRevenue": 2681000,
    "grossProfit": 196072000,
    "grossProfitRatio": 0.9865108954,
    "researchAndDevelopmentExpenses": 0,
    "generalAndAdministrativeExpenses": 22414000,
    "sellingAndMarketingExpenses": 206000,
    "sellingGeneralAndAdministrativeExpenses": 22620000,
    "otherExpenses": 160812000,
    "operatingExpenses": 183432000,
    "costAndExpenses": 186113000,
    "interestIncome": 0,
    "interestExpense": 0,
    "depreciationAndAmortization": 1538000,
    "ebitda": 14178000,
    "ebitdaratio": 0.0713347723,
    "operatingIncome": 12640000,
    "operatingIncomeRatio": 0.0635965243,
    "totalOtherIncomeExpensesNet": 1174000,
    "incomeBeforeTax": 13814000,
    "incomeBeforeTaxRatio": 0.0695033534,
    "incomeTaxExpense": 5110000,
    "netIncome": 8704000,
    "netIncomeRatio": 0.0437930497,
    "eps": 0.0588,
    "epsdiluted": 0.055,
    "weightedAverageShsOut": 147445704,
    "weightedAverageShsOutDil": 158737160,
    "link": "https://www.sec.gov/Archives/edgar/data/1071739/000095013403014034/0000950134-03-014034-index.htm",
    "finalLink": "https://www.sec.gov/Archives/edgar/data/1071739/000095013403014034/c80312e10vq.htm"
  },
  {
    "date": "2003-06-30",
    "symbol": "CNC",
    "reportedCurrency": "USD",
    "cik": "0001071739",
    "fillingDate": "2003-07-28",
    "acceptedDate": "2003-07-28 16:50:58",
    "calendarYear": "2003",
    "period": "Q2",
    "revenue": 186232000,
    "costOfRevenue": 2613000,
    "grossProfit": 183619000,
    "grossProfitRatio": 0.9859691138,
    "researchAndDevelopmentExpenses": 0,
    "generalAndAdministrativeExpenses": 0,
    "sellingAndMarketingExpenses": 0,
    "sellingGeneralAndAdministrativeExpenses": 20879000,
    "otherExpenses": 152404000,
    "operatingExpenses": 173283000,
    "costAndExpenses": 175896000,
    "interestIncome": 0,
    "interestExpense": 0,
    "depreciationAndAmortization": 1382000,
    "ebitda": 11718000,
    "ebitdaratio": 0.0629215172,
    "operatingIncome": 10336000,
    "operatingIncomeRatio": 0.0555006658,
    "totalOtherIncomeExpensesNet": 1253000,
    "incomeBeforeTax": 11589000,
    "incomeBeforeTaxRatio": 0.0622288329,
    "incomeTaxExpense": 4462000,
    "netIncome": 7708000,
    "netIncomeRatio": 0.0413892349,
    "eps": 0.0588,
    "epsdiluted": 0.0538,
    "weightedAverageShsOut": 131879560,
    "weightedAverageShsOutDil": 142424128,
    "link": "https://www.sec.gov/Archives/edgar/data/1071739/000095013503004023/0000950135-03-004023-index.htm",
    "finalLink": "https://www.sec.gov/Archives/edgar/data/1071739/000095013503004023/b47294cze10vq.htm"
  },
  {
    "date": "2003-03-31",
    "symbol": "CNC",
    "reportedCurrency": "USD",
    "cik": "0001071739",
    "fillingDate": "2003-04-30",
    "acceptedDate": "2003-04-30 17:15:09",
    "calendarYear": "2003",
    "period": "Q1",
    "revenue": 177434000,
    "costOfRevenue": 975000,
    "grossProfit": 176459000,
    "grossProfitRatio": 0.994504999,
    "researchAndDevelopmentExpenses": 0,
    "generalAndAdministrativeExpenses": 0,
    "sellingAndMarketingExpenses": 0,
    "sellingGeneralAndAdministrativeExpenses": 19405000,
    "otherExpenses": 146907000,
    "operatingExpenses": 166312000,
    "costAndExpenses": 167287000,
    "interestIncome": 0,
    "interestExpense": 0,
    "depreciationAndAmortization": 1379000,
    "ebitda": 11526000,
    "ebitdaratio": 0.0649593652,
    "operatingIncome": 10147000,
    "operatingIncomeRatio": 0.0571874613,
    "totalOtherIncomeExpensesNet": 947000,
    "incomeBeforeTax": 11094000,
    "incomeBeforeTaxRatio": 0.0625246571,
    "incomeTaxExpense": 4233000,
    "netIncome": 7161000,
    "netIncomeRatio": 0.0403586686,
    "eps": 0.055,
    "epsdiluted": 0.05,
    "weightedAverageShsOut": 130786192,
    "weightedAverageShsOutDil": 142058128,
    "link": "https://www.sec.gov/Archives/edgar/data/1071739/000095013403006849/0000950134-03-006849-index.htm",
    "finalLink": "https://www.sec.gov/Archives/edgar/data/1071739/000095013403006849/c76517e10vq.txt"
  },
  {
    "date": "2002-12-31",
    "symbol": "CNC",
    "reportedCurrency": "USD",
    "cik": "0001071739",
    "fillingDate": "2003-02-25",
    "acceptedDate": "2003-02-25 15:25:52",
    "calendarYear": "2002",
    "period": "Q4",
    "revenue": 141726000,
    "costOfRevenue": 0,
    "grossProfit": 141726000,
    "grossProfitRatio": 1,
    "researchAndDevelopmentExpenses": 0,
    "generalAndAdministrativeExpenses": 0,
    "sellingAndMarketingExpenses": 0,
    "sellingGeneralAndAdministrativeExpenses": 15357000,
    "otherExpenses": 116771000,
    "operatingExpenses": 132128000,
    "costAndExpenses": 132128000,
    "interestIncome": 0,
    "interestExpense": 0,
    "depreciationAndAmortization": 1031000,
    "ebitda": -368839000,
    "ebitdaratio": -2.6024794321,
    "operatingIncome": 9598000,
    "operatingIncomeRatio": 0.0677222246,
    "totalOtherIncomeExpensesNet": 898000,
    "incomeBeforeTax": 10496000,
    "incomeBeforeTaxRatio": 0.0740583944,
    "incomeTaxExpense": 3798000,
    "netIncome": 6814000,
    "netIncomeRatio": 0.048078687,
    "eps": 0.0542,
    "epsdiluted": 0.0488,
    "weightedAverageShsOut": 125728320,
    "weightedAverageShsOutDil": 139728924,
    "link": "https://www.sec.gov/Archives/edgar/data/1071739/000095013403003059/0000950134-03-003059-index.htm",
    "finalLink": "https://www.sec.gov/Archives/edgar/data/1071739/000095013403003059/c74739e10vk.txt"
  },
  {
    "date": "2002-09-30",
    "symbol": "CNC",
    "reportedCurrency": "USD",
    "cik": "0001071739",
    "fillingDate": "2002-10-28",
    "acceptedDate": "2002-10-28 17:22:17",
    "calendarYear": "2002",
    "period": "Q3",
    "revenue": 116398000,
    "costOfRevenue": 0,
    "grossProfit": 116398000,
    "grossProfitRatio": 1,
    "researchAndDevelopmentExpenses": 0,
    "generalAndAdministrativeExpenses": 0,
    "sellingAndMarketingExpenses": 0,
    "sellingGeneralAndAdministrativeExpenses": 12726000,
    "otherExpenses": 95644000,
    "operatingExpenses": 108370000,
    "costAndExpenses": 108370000,
    "interestIncome": 0,
    "interestExpense": 0,
    "depreciationAndAmortization": 559000,
    "ebitda": 8028000,
    "ebitdaratio": 0.0689702572,
    "operatingIncome": 8028000,
    "operatingIncomeRatio": 0.0689702572,
    "totalOtherIncomeExpensesNet": 6752000,
    "incomeBeforeTax": 14780000,
    "incomeBeforeTaxRatio": 0.1269781268,
    "incomeTaxExpense": 5507000,
    "netIncome": 9273000,
    "netIncomeRatio": 0.0796663173,
    "eps": 0.0725,
    "epsdiluted": 0.065,
    "weightedAverageShsOut": 128337564,
    "weightedAverageShsOutDil": 142000572,
    "link": "https://www.sec.gov/Archives/edgar/data/1071739/000095013502004712/0000950135-02-004712-index.htm",
    "finalLink": "https://www.sec.gov/Archives/edgar/data/1071739/000095013502004712/b44491cce10vq.txt"
  },
  {
    "date": "2002-06-30",
    "symbol": "CNC",
    "reportedCurrency": "USD",
    "cik": "0001071739",
    "fillingDate": "2002-07-24",
    "acceptedDate": "2002-07-24 17:13:48",
    "calendarYear": "2002",
    "period": "Q2",
    "revenue": 107610000,
    "costOfRevenue": 0,
    "grossProfit": 107610000,
    "grossProfitRatio": 1,
    "researchAndDevelopmentExpenses": 0,
    "generalAndAdministrativeExpenses": 0,
    "sellingAndMarketingExpenses": 0,
    "sellingGeneralAndAdministrativeExpenses": 11783000,
    "otherExpenses": 88109000,
    "operatingExpenses": 99892000,
    "costAndExpenses": 99892000,
    "interestIncome": 0,
    "interestExpense": 0,
    "depreciationAndAmortization": 499000,
    "ebitda": 7718000,
    "ebitdaratio": 0.0717219589,
    "operatingIncome": 7718000,
    "operatingIncomeRatio": 0.0717219589,
    "totalOtherIncomeExpensesNet": 965000,
    "incomeBeforeTax": 8683000,
    "incomeBeforeTaxRatio": 0.080689527,
    "incomeTaxExpense": 3449000,
    "netIncome": 5234000,
    "netIncomeRatio": 0.0486386024,
    "eps": 0.0425,
    "epsdiluted": 0.0375,
    "weightedAverageShsOut": 123871320,
    "weightedAverageShsOutDil": 138556548,
    "link": "https://www.sec.gov/Archives/edgar/data/1071739/000095013502003408/0000950135-02-003408-index.htm",
    "finalLink": "https://www.sec.gov/Archives/edgar/data/1071739/000095013502003408/b43803cce10vq.txt"
  },
  {
    "date": "2002-03-31",
    "symbol": "CNC",
    "reportedCurrency": "USD",
    "cik": "0001071739",
    "fillingDate": "2002-04-29",
    "acceptedDate": "2002-04-29 17:13:23",
    "calendarYear": "2002",
    "period": "Q1",
    "revenue": 95753000,
    "costOfRevenue": 0,
    "grossProfit": 95753000,
    "grossProfitRatio": 1,
    "researchAndDevelopmentExpenses": 0,
    "generalAndAdministrativeExpenses": 0,
    "sellingAndMarketingExpenses": 0,
    "sellingGeneralAndAdministrativeExpenses": 10547000,
    "otherExpenses": 78944000,
    "operatingExpenses": 89491000,
    "costAndExpenses": 89491000,
    "interestIncome": 0,
    "interestExpense": 0,
    "depreciationAndAmortization": 476000,
    "ebitda": 6738000,
    "ebitdaratio": 0.0703685524,
    "operatingIncome": 6262000,
    "operatingIncomeRatio": 0.0653974288,
    "totalOtherIncomeExpensesNet": 915000,
    "incomeBeforeTax": 7177000,
    "incomeBeforeTaxRatio": 0.0749532652,
    "incomeTaxExpense": 2877000,
    "netIncome": 4300000,
    "netIncomeRatio": 0.0449072092,
    "eps": 0.0358,
    "epsdiluted": 0.0317,
    "weightedAverageShsOut": 121096176,
    "weightedAverageShsOutDil": 135811608,
    "link": "https://www.sec.gov/Archives/edgar/data/1071739/000095013402004314/0000950134-02-004314-index.htm",
    "finalLink": "https://www.sec.gov/Archives/edgar/data/1071739/000095013402004314/c69040e10-q.txt"
  }
]