[
  {
    "date": "2025-06-30",
    "symbol": "CNP",
    "reportedCurrency": "USD",
    "cik": "0001130310",
    "fillingDate": "2025-07-24",
    "acceptedDate": "2025-07-24 06:05:19",
    "calendarYear": "2025",
    "period": "Q2",
    "revenue": 1944000000,
    "costOfRevenue": 1017000000,
    "grossProfit": 927000000,
    "grossProfitRatio": 0.4768518519,
    "researchAndDevelopmentExpenses": 0,
    "generalAndAdministrativeExpenses": 0,
    "sellingAndMarketingExpenses": 0,
    "sellingGeneralAndAdministrativeExpenses": 0,
    "otherExpenses": 510000000,
    "operatingExpenses": 510000000,
    "costAndExpenses": 1527000000,
    "interestIncome": 0,
    "interestExpense": 195000000,
    "depreciationAndAmortization": 370000000,
    "ebitda": 818000000,
    "ebitdaratio": 0.420781893,
    "operatingIncome": 417000000,
    "operatingIncomeRatio": 0.2145061728,
    "totalOtherIncomeExpensesNet": -164000000,
    "incomeBeforeTax": 253000000,
    "incomeBeforeTaxRatio": 0.1301440329,
    "incomeTaxExpense": 55000000,
    "netIncome": 198000000,
    "netIncomeRatio": 0.1018518519,
    "eps": 0.3,
    "epsdiluted": 0.3,
    "weightedAverageShsOut": 653000000,
    "weightedAverageShsOutDil": 654000000,
    "link": "https://www.sec.gov/Archives/edgar/data/1130310/000113031025000113/0001130310-25-000113-index.htm",
    "finalLink": "https://www.sec.gov/Archives/edgar/data/48732/000113031025000113/cnp-20250630.htm"
  },
  {
    "date": "2025-03-31",
    "symbol": "CNP",
    "reportedCurrency": "USD",
    "cik": "0001130310",
    "fillingDate": "2025-04-24",
    "acceptedDate": "2025-04-24 06:02:16",
    "calendarYear": "2025",
    "period": "Q1",
    "revenue": 2920000000,
    "costOfRevenue": 1754000000,
    "grossProfit": 1166000000,
    "grossProfitRatio": 0.3993150685,
    "researchAndDevelopmentExpenses": 0,
    "generalAndAdministrativeExpenses": 0,
    "sellingAndMarketingExpenses": 0,
    "sellingGeneralAndAdministrativeExpenses": 0,
    "otherExpenses": 517000000,
    "operatingExpenses": 517000000,
    "costAndExpenses": 2271000000,
    "interestIncome": 0,
    "interestExpense": 238000000,
    "depreciationAndAmortization": 363000000,
    "ebitda": 979000000,
    "ebitdaratio": 0.3352739726,
    "operatingIncome": 649000000,
    "operatingIncomeRatio": 0.222260274,
    "totalOtherIncomeExpensesNet": -271000000,
    "incomeBeforeTax": 378000000,
    "incomeBeforeTaxRatio": 0.1294520548,
    "incomeTaxExpense": 81000000,
    "netIncome": 297000000,
    "netIncomeRatio": 0.1017123288,
    "eps": 0.45,
    "epsdiluted": 0.45,
    "weightedAverageShsOut": 652000000,
    "weightedAverageShsOutDil": 653000000,
    "link": "https://www.sec.gov/Archives/edgar/data/1130310/000113031025000079/0001130310-25-000079-index.htm",
    "finalLink": "https://www.sec.gov/Archives/edgar/data/48732/000113031025000079/cnp-20250331.htm"
  },
  {
    "date": "2024-12-31",
    "symbol": "CNP",
    "reportedCurrency": "USD",
    "cik": "0001130310",
    "fillingDate": "2025-02-20",
    "acceptedDate": "2025-02-20 06:05:52",
    "calendarYear": "2024",
    "period": "Q4",
    "revenue": 2262000000,
    "costOfRevenue": 1286000000,
    "grossProfit": 976000000,
    "grossProfitRatio": 0.4314765694,
    "researchAndDevelopmentExpenses": 0,
    "generalAndAdministrativeExpenses": 0,
    "sellingAndMarketingExpenses": 0,
    "sellingGeneralAndAdministrativeExpenses": 0,
    "otherExpenses": 493000000,
    "operatingExpenses": 493000000,
    "costAndExpenses": 1779000000,
    "interestIncome": 0,
    "interestExpense": 222000000,
    "depreciationAndAmortization": 356000000,
    "ebitda": 858000000,
    "ebitdaratio": 0.3793103448,
    "operatingIncome": 483000000,
    "operatingIncomeRatio": 0.2135278515,
    "totalOtherIncomeExpensesNet": -203000000,
    "incomeBeforeTax": 280000000,
    "incomeBeforeTaxRatio": 0.1237842617,
    "incomeTaxExpense": 32000000,
    "netIncome": 248000000,
    "netIncomeRatio": 0.1096374889,
    "eps": 0,
    "epsdiluted": 0,
    "weightedAverageShsOut": 652194000,
    "weightedAverageShsOutDil": 652465000,
    "link": "https://www.sec.gov/Archives/edgar/data/1130310/000113031025000040/0001130310-25-000040-index.htm",
    "finalLink": "https://www.sec.gov/Archives/edgar/data/48732/000113031025000040/cnp-20241231.htm"
  },
  {
    "date": "2024-09-30",
    "symbol": "CNP",
    "reportedCurrency": "USD",
    "cik": "0001130310",
    "fillingDate": "2024-10-28",
    "acceptedDate": "2024-10-28 06:08:37",
    "calendarYear": "2024",
    "period": "Q3",
    "revenue": 1856000000,
    "costOfRevenue": 973000000,
    "grossProfit": 883000000,
    "grossProfitRatio": 0.4757543103,
    "researchAndDevelopmentExpenses": 0,
    "generalAndAdministrativeExpenses": 0,
    "sellingAndMarketingExpenses": 0,
    "sellingGeneralAndAdministrativeExpenses": 0,
    "otherExpenses": 459000000,
    "operatingExpenses": 459000000,
    "costAndExpenses": 1432000000,
    "interestIncome": 0,
    "interestExpense": 195000000,
    "depreciationAndAmortization": 334000000,
    "ebitda": 774000000,
    "ebitdaratio": 0.4170258621,
    "operatingIncome": 424000000,
    "operatingIncomeRatio": 0.2284482759,
    "totalOtherIncomeExpensesNet": -179000000,
    "incomeBeforeTax": 245000000,
    "incomeBeforeTaxRatio": 0.1320043103,
    "incomeTaxExpense": 52000000,
    "netIncome": 193000000,
    "netIncomeRatio": 0.103987069,
    "eps": 0.3,
    "epsdiluted": 0.3,
    "weightedAverageShsOut": 648000000,
    "weightedAverageShsOutDil": 648000000,
    "link": "https://www.sec.gov/Archives/edgar/data/1130310/000113031024000115/0001130310-24-000115-index.htm",
    "finalLink": "https://www.sec.gov/Archives/edgar/data/48732/000113031024000115/cnp-20240930.htm"
  },
  {
    "date": "2024-06-30",
    "symbol": "CNP",
    "reportedCurrency": "USD",
    "cik": "0001130310",
    "fillingDate": "2024-07-30",
    "acceptedDate": "2024-07-30 06:16:35",
    "calendarYear": "2024",
    "period": "Q2",
    "revenue": 1905000000,
    "costOfRevenue": 911000000,
    "grossProfit": 994000000,
    "grossProfitRatio": 0.5217847769,
    "researchAndDevelopmentExpenses": 0,
    "generalAndAdministrativeExpenses": 0,
    "sellingAndMarketingExpenses": 0,
    "sellingGeneralAndAdministrativeExpenses": 0,
    "otherExpenses": 527000000,
    "operatingExpenses": 527000000,
    "costAndExpenses": 1438000000,
    "interestIncome": 0,
    "interestExpense": 217000000,
    "depreciationAndAmortization": 386000000,
    "ebitda": 864000000,
    "ebitdaratio": 0.4535433071,
    "operatingIncome": 467000000,
    "operatingIncomeRatio": 0.245144357,
    "totalOtherIncomeExpensesNet": -206000000,
    "incomeBeforeTax": 261000000,
    "incomeBeforeTaxRatio": 0.137007874,
    "incomeTaxExpense": 33000000,
    "netIncome": 228000000,
    "netIncomeRatio": 0.1196850394,
    "eps": 0.36,
    "epsdiluted": 0.36,
    "weightedAverageShsOut": 641000000,
    "weightedAverageShsOutDil": 642000000,
    "link": "https://www.sec.gov/Archives/edgar/data/1130310/000113031024000093/0001130310-24-000093-index.htm",
    "finalLink": "https://www.sec.gov/Archives/edgar/data/48732/000113031024000093/cnp-20240630.htm"
  },
  {
    "date": "2024-03-31",
    "symbol": "CNP",
    "reportedCurrency": "USD",
    "cik": "0001130310",
    "fillingDate": "2024-04-30",
    "acceptedDate": "2024-04-30 06:16:12",
    "calendarYear": "2024",
    "period": "Q1",
    "revenue": 2620000000,
    "costOfRevenue": 1497000000,
    "grossProfit": 1123000000,
    "grossProfitRatio": 0.4286259542,
    "researchAndDevelopmentExpenses": 0,
    "generalAndAdministrativeExpenses": 0,
    "sellingAndMarketingExpenses": 0,
    "sellingGeneralAndAdministrativeExpenses": 0,
    "otherExpenses": 507000000,
    "operatingExpenses": 507000000,
    "costAndExpenses": 2004000000,
    "interestIncome": 0,
    "interestExpense": 204000000,
    "depreciationAndAmortization": 363000000,
    "ebitda": 995000000,
    "ebitdaratio": 0.3797709924,
    "operatingIncome": 616000000,
    "operatingIncomeRatio": 0.2351145038,
    "totalOtherIncomeExpensesNet": -188000000,
    "incomeBeforeTax": 428000000,
    "incomeBeforeTaxRatio": 0.1633587786,
    "incomeTaxExpense": 78000000,
    "netIncome": 350000000,
    "netIncomeRatio": 0.1335877863,
    "eps": 0.55,
    "epsdiluted": 0.55,
    "weightedAverageShsOut": 632228000,
    "weightedAverageShsOutDil": 633970000,
    "link": "https://www.sec.gov/Archives/edgar/data/1130310/000113031024000066/0001130310-24-000066-index.htm",
    "finalLink": "https://www.sec.gov/Archives/edgar/data/48732/000113031024000066/cnp-20240331.htm"
  },
  {
    "date": "2023-12-31",
    "symbol": "CNP",
    "reportedCurrency": "USD",
    "cik": "0001130310",
    "fillingDate": "2024-02-20",
    "acceptedDate": "2024-02-20 06:34:49",
    "calendarYear": "2023",
    "period": "Q4",
    "revenue": 2182000000,
    "costOfRevenue": 1372000000,
    "grossProfit": 810000000,
    "grossProfitRatio": 0.3712190651,
    "researchAndDevelopmentExpenses": 0,
    "generalAndAdministrativeExpenses": 0,
    "sellingAndMarketingExpenses": 0,
    "sellingGeneralAndAdministrativeExpenses": 0,
    "otherExpenses": 489000000,
    "operatingExpenses": 489000000,
    "costAndExpenses": 1861000000,
    "interestIncome": 0,
    "interestExpense": 201000000,
    "depreciationAndAmortization": 359000000,
    "ebitda": 677000000,
    "ebitdaratio": 0.3102658112,
    "operatingIncome": 321000000,
    "operatingIncomeRatio": 0.1471127406,
    "totalOtherIncomeExpensesNet": -204000000,
    "incomeBeforeTax": 117000000,
    "incomeBeforeTaxRatio": 0.0536205316,
    "incomeTaxExpense": -75000000,
    "netIncome": 192000000,
    "netIncomeRatio": 0.0879926673,
    "eps": 0,
    "epsdiluted": 0,
    "weightedAverageShsOut": 631225829,
    "weightedAverageShsOutDil": 631225829,
    "link": "https://www.sec.gov/Archives/edgar/data/1130310/000113031024000010/0001130310-24-000010-index.htm",
    "finalLink": "https://www.sec.gov/Archives/edgar/data/48732/000113031024000010/cnp-20231231.htm"
  },
  {
    "date": "2023-09-30",
    "symbol": "CNP",
    "reportedCurrency": "USD",
    "cik": "0001130310",
    "fillingDate": "2023-10-26",
    "acceptedDate": "2023-10-26 06:15:59",
    "calendarYear": "2023",
    "period": "Q3",
    "revenue": 1860000000,
    "costOfRevenue": 841000000,
    "grossProfit": 1019000000,
    "grossProfitRatio": 0.5478494624,
    "researchAndDevelopmentExpenses": 0,
    "generalAndAdministrativeExpenses": 0,
    "sellingAndMarketingExpenses": 0,
    "sellingGeneralAndAdministrativeExpenses": 0,
    "otherExpenses": 501000000,
    "operatingExpenses": 501000000,
    "costAndExpenses": 1342000000,
    "interestIncome": 0,
    "interestExpense": 183000000,
    "depreciationAndAmortization": 374000000,
    "ebitda": 907000000,
    "ebitdaratio": 0.4876344086,
    "operatingIncome": 518000000,
    "operatingIncomeRatio": 0.2784946237,
    "totalOtherIncomeExpensesNet": -168000000,
    "incomeBeforeTax": 350000000,
    "incomeBeforeTaxRatio": 0.188172043,
    "incomeTaxExpense": 68000000,
    "netIncome": 282000000,
    "netIncomeRatio": 0.1516129032,
    "eps": 0.41,
    "epsdiluted": 0.4,
    "weightedAverageShsOut": 631185000,
    "weightedAverageShsOutDil": 633043000,
    "link": "https://www.sec.gov/Archives/edgar/data/1130310/000113031023000146/0001130310-23-000146-index.htm",
    "finalLink": "https://www.sec.gov/Archives/edgar/data/48732/000113031023000146/cnp-20230930.htm"
  },
  {
    "date": "2023-06-30",
    "symbol": "CNP",
    "reportedCurrency": "USD",
    "cik": "0001130310",
    "fillingDate": "2023-07-27",
    "acceptedDate": "2023-07-27 06:15:58",
    "calendarYear": "2023",
    "period": "Q2",
    "revenue": 1875000000,
    "costOfRevenue": 1016000000,
    "grossProfit": 859000000,
    "grossProfitRatio": 0.4581333333,
    "researchAndDevelopmentExpenses": 0,
    "generalAndAdministrativeExpenses": 0,
    "sellingAndMarketingExpenses": 0,
    "sellingGeneralAndAdministrativeExpenses": 0,
    "otherExpenses": 479000000,
    "operatingExpenses": 479000000,
    "costAndExpenses": 1495000000,
    "interestIncome": 0,
    "interestExpense": 167000000,
    "depreciationAndAmortization": 349000000,
    "ebitda": 733000000,
    "ebitdaratio": 0.3909333333,
    "operatingIncome": 380000000,
    "operatingIncomeRatio": 0.2026666667,
    "totalOtherIncomeExpensesNet": -163000000,
    "incomeBeforeTax": 217000000,
    "incomeBeforeTaxRatio": 0.1157333333,
    "incomeTaxExpense": 99000000,
    "netIncome": 118000000,
    "netIncomeRatio": 0.0629333333,
    "eps": 0.17,
    "epsdiluted": 0.17,
    "weightedAverageShsOut": 631057000,
    "weightedAverageShsOutDil": 633005000,
    "link": "https://www.sec.gov/Archives/edgar/data/1130310/000113031023000110/0001130310-23-000110-index.htm",
    "finalLink": "https://www.sec.gov/Archives/edgar/data/48732/000113031023000110/cnp-20230630.htm"
  },
  {
    "date": "2023-03-31",
    "symbol": "CNP",
    "reportedCurrency": "USD",
    "cik": "0001130310",
    "fillingDate": "2023-04-27",
    "acceptedDate": "2023-04-27 06:16:40",
    "calendarYear": "2023",
    "period": "Q1",
    "revenue": 2779000000,
    "costOfRevenue": 1781000000,
    "grossProfit": 998000000,
    "grossProfitRatio": 0.3591219863,
    "researchAndDevelopmentExpenses": 0,
    "generalAndAdministrativeExpenses": 0,
    "sellingAndMarketingExpenses": 0,
    "sellingGeneralAndAdministrativeExpenses": 0,
    "otherExpenses": 457000000,
    "operatingExpenses": 457000000,
    "costAndExpenses": 2238000000,
    "interestIncome": 0,
    "interestExpense": 150000000,
    "depreciationAndAmortization": 319000000,
    "ebitda": 872000000,
    "ebitdaratio": 0.3137819359,
    "operatingIncome": 541000000,
    "operatingIncomeRatio": 0.1946743433,
    "totalOtherIncomeExpensesNet": -138000000,
    "incomeBeforeTax": 403000000,
    "incomeBeforeTaxRatio": 0.1450161929,
    "incomeTaxExpense": 78000000,
    "netIncome": 325000000,
    "netIncomeRatio": 0.1169485426,
    "eps": 0.5,
    "epsdiluted": 0.49,
    "weightedAverageShsOut": 630309000,
    "weightedAverageShsOutDil": 633051000,
    "link": "https://www.sec.gov/Archives/edgar/data/1130310/000113031023000061/0001130310-23-000061-index.htm",
    "finalLink": "https://www.sec.gov/Archives/edgar/data/48732/000113031023000061/cnp-20230331.htm"
  },
  {
    "date": "2022-12-31",
    "symbol": "CNP",
    "reportedCurrency": "USD",
    "cik": "0001130310",
    "fillingDate": "2023-02-17",
    "acceptedDate": "2023-02-17 06:17:48",
    "calendarYear": "2022",
    "period": "Q4",
    "revenue": 2711000000,
    "costOfRevenue": 1901000000,
    "grossProfit": 810000000,
    "grossProfitRatio": 0.298782737,
    "researchAndDevelopmentExpenses": 0,
    "generalAndAdministrativeExpenses": 0,
    "sellingAndMarketingExpenses": 0,
    "sellingGeneralAndAdministrativeExpenses": 0,
    "otherExpenses": 456000000,
    "operatingExpenses": 456000000,
    "costAndExpenses": 2357000000,
    "interestIncome": 0,
    "interestExpense": 138000000,
    "depreciationAndAmortization": 314000000,
    "ebitda": 618000000,
    "ebitdaratio": 0.2279601623,
    "operatingIncome": 354000000,
    "operatingIncomeRatio": 0.1305791221,
    "totalOtherIncomeExpensesNet": -188000000,
    "incomeBeforeTax": 166000000,
    "incomeBeforeTaxRatio": 0.0612320177,
    "incomeTaxExpense": 32000000,
    "netIncome": 134000000,
    "netIncomeRatio": 0.0494282553,
    "eps": 0,
    "epsdiluted": 0,
    "weightedAverageShsOut": 629535631,
    "weightedAverageShsOutDil": 629535631,
    "link": "https://www.sec.gov/Archives/edgar/data/1130310/000113031023000013/0001130310-23-000013-index.htm",
    "finalLink": "https://www.sec.gov/Archives/edgar/data/48732/000113031023000013/cnp-20221231.htm"
  },
  {
    "date": "2022-09-30",
    "symbol": "CNP",
    "reportedCurrency": "USD",
    "cik": "0001130310",
    "fillingDate": "2022-11-01",
    "acceptedDate": "2022-11-01 06:16:15",
    "calendarYear": "2022",
    "period": "Q3",
    "revenue": 1903000000,
    "costOfRevenue": 1071000000,
    "grossProfit": 832000000,
    "grossProfitRatio": 0.4372044141,
    "researchAndDevelopmentExpenses": 0,
    "generalAndAdministrativeExpenses": 0,
    "sellingAndMarketingExpenses": 0,
    "sellingGeneralAndAdministrativeExpenses": 0,
    "otherExpenses": 448000000,
    "operatingExpenses": 448000000,
    "costAndExpenses": 1519000000,
    "interestIncome": 0,
    "interestExpense": 119000000,
    "depreciationAndAmortization": 329000000,
    "ebitda": 725000000,
    "ebitdaratio": 0.3809774041,
    "operatingIncome": 384000000,
    "operatingIncomeRatio": 0.2017866527,
    "totalOtherIncomeExpensesNet": -107000000,
    "incomeBeforeTax": 277000000,
    "incomeBeforeTaxRatio": 0.1455596427,
    "incomeTaxExpense": 75000000,
    "netIncome": 202000000,
    "netIncomeRatio": 0.1061481871,
    "eps": 0.3,
    "epsdiluted": 0.3,
    "weightedAverageShsOut": 630000000,
    "weightedAverageShsOutDil": 633000000,
    "link": "https://www.sec.gov/Archives/edgar/data/1130310/000113031022000123/0001130310-22-000123-index.htm",
    "finalLink": "https://www.sec.gov/Archives/edgar/data/48732/000113031022000123/cnp-20220930.htm"
  },
  {
    "date": "2022-06-30",
    "symbol": "CNP",
    "reportedCurrency": "USD",
    "cik": "0001130310",
    "fillingDate": "2022-08-02",
    "acceptedDate": "2022-08-02 06:22:35",
    "calendarYear": "2022",
    "period": "Q2",
    "revenue": 1944000000,
    "costOfRevenue": 1131000000,
    "grossProfit": 813000000,
    "grossProfitRatio": 0.4182098765,
    "researchAndDevelopmentExpenses": 0,
    "generalAndAdministrativeExpenses": 0,
    "sellingAndMarketingExpenses": 0,
    "sellingGeneralAndAdministrativeExpenses": 0,
    "otherExpenses": 462000000,
    "operatingExpenses": 462000000,
    "costAndExpenses": 1593000000,
    "interestIncome": 0,
    "interestExpense": 110000000,
    "depreciationAndAmortization": 327000000,
    "ebitda": 681000000,
    "ebitdaratio": 0.350308642,
    "operatingIncome": 351000000,
    "operatingIncomeRatio": 0.1805555556,
    "totalOtherIncomeExpensesNet": -107000000,
    "incomeBeforeTax": 244000000,
    "incomeBeforeTaxRatio": 0.1255144033,
    "incomeTaxExpense": 54000000,
    "netIncome": 190000000,
    "netIncomeRatio": 0.0977366255,
    "eps": 0.28,
    "epsdiluted": 0.28,
    "weightedAverageShsOut": 629000000,
    "weightedAverageShsOutDil": 632000000,
    "link": "https://www.sec.gov/Archives/edgar/data/1130310/000113031022000103/0001130310-22-000103-index.htm",
    "finalLink": "https://www.sec.gov/Archives/edgar/data/48732/000113031022000103/cnp-20220630.htm"
  },
  {
    "date": "2022-03-31",
    "symbol": "CNP",
    "reportedCurrency": "USD",
    "cik": "0001130310",
    "fillingDate": "2022-05-03",
    "acceptedDate": "2022-05-03 06:18:33",
    "calendarYear": "2022",
    "period": "Q1",
    "revenue": 2763000000,
    "costOfRevenue": 1821000000,
    "grossProfit": 942000000,
    "grossProfitRatio": 0.3409337676,
    "researchAndDevelopmentExpenses": 0,
    "generalAndAdministrativeExpenses": 0,
    "sellingAndMarketingExpenses": 0,
    "sellingGeneralAndAdministrativeExpenses": 0,
    "otherExpenses": 465000000,
    "operatingExpenses": 465000000,
    "costAndExpenses": 2286000000,
    "interestIncome": 0,
    "interestExpense": 157000000,
    "depreciationAndAmortization": 318000000,
    "ebitda": 1205000000,
    "ebitdaratio": 0.4361201592,
    "operatingIncome": 477000000,
    "operatingIncomeRatio": 0.1726384365,
    "totalOtherIncomeExpensesNet": 253000000,
    "incomeBeforeTax": 730000000,
    "incomeBeforeTaxRatio": 0.2642055737,
    "incomeTaxExpense": 199000000,
    "netIncome": 531000000,
    "netIncomeRatio": 0.1921824104,
    "eps": 0.82,
    "epsdiluted": 0.82,
    "weightedAverageShsOut": 629000000,
    "weightedAverageShsOutDil": 631000000,
    "link": "https://www.sec.gov/Archives/edgar/data/1130310/000113031022000063/0001130310-22-000063-index.htm",
    "finalLink": "https://www.sec.gov/Archives/edgar/data/48732/000113031022000063/cnp-20220331.htm"
  },
  {
    "date": "2021-12-31",
    "symbol": "CNP",
    "reportedCurrency": "USD",
    "cik": "0001130310",
    "fillingDate": "2022-02-22",
    "acceptedDate": "2022-02-22 06:21:12",
    "calendarYear": "2021",
    "period": "Q4",
    "revenue": 2314000000,
    "costOfRevenue": 1515000000,
    "grossProfit": 799000000,
    "grossProfitRatio": 0.3452895419,
    "researchAndDevelopmentExpenses": 0,
    "generalAndAdministrativeExpenses": 0,
    "sellingAndMarketingExpenses": 0,
    "sellingGeneralAndAdministrativeExpenses": 0,
    "otherExpenses": 463000000,
    "operatingExpenses": 463000000,
    "costAndExpenses": 1978000000,
    "interestIncome": 0,
    "interestExpense": 167000000,
    "depreciationAndAmortization": 328000000,
    "ebitda": 581000000,
    "ebitdaratio": 0.2510803803,
    "operatingIncome": 336000000,
    "operatingIncomeRatio": 0.1452031115,
    "totalOtherIncomeExpensesNet": -251000000,
    "incomeBeforeTax": 85000000,
    "incomeBeforeTaxRatio": 0.03673293,
    "incomeTaxExpense": 47000000,
    "netIncome": 654000000,
    "netIncomeRatio": 0.2826274849,
    "eps": 0,
    "epsdiluted": 0,
    "weightedAverageShsOut": 605000000,
    "weightedAverageShsOutDil": 609000000,
    "link": "https://www.sec.gov/Archives/edgar/data/1130310/000113031022000023/0001130310-22-000023-index.htm",
    "finalLink": "https://www.sec.gov/Archives/edgar/data/48732/000113031022000023/cnp-20211231.htm"
  },
  {
    "date": "2021-09-30",
    "symbol": "CNP",
    "reportedCurrency": "USD",
    "cik": "0001130310",
    "fillingDate": "2021-11-04",
    "acceptedDate": "2021-11-04 06:21:30",
    "calendarYear": "2021",
    "period": "Q3",
    "revenue": 1749000000,
    "costOfRevenue": 993000000,
    "grossProfit": 756000000,
    "grossProfitRatio": 0.4322469983,
    "researchAndDevelopmentExpenses": 0,
    "generalAndAdministrativeExpenses": 0,
    "sellingAndMarketingExpenses": 0,
    "sellingGeneralAndAdministrativeExpenses": 0,
    "otherExpenses": 478000000,
    "operatingExpenses": 478000000,
    "costAndExpenses": 1471000000,
    "interestIncome": 0,
    "interestExpense": 119000000,
    "depreciationAndAmortization": 353000000,
    "ebitda": 655000000,
    "ebitdaratio": 0.3744997141,
    "operatingIncome": 278000000,
    "operatingIncomeRatio": 0.1589479703,
    "totalOtherIncomeExpensesNet": -95000000,
    "incomeBeforeTax": 183000000,
    "incomeBeforeTaxRatio": 0.1046312178,
    "incomeTaxExpense": 33000000,
    "netIncome": 218000000,
    "netIncomeRatio": 0.1246426529,
    "eps": 0.32,
    "epsdiluted": 0.32,
    "weightedAverageShsOut": 605000000,
    "weightedAverageShsOutDil": 609000000,
    "link": "https://www.sec.gov/Archives/edgar/data/1130310/000113031021000051/0001130310-21-000051-index.htm",
    "finalLink": "https://www.sec.gov/Archives/edgar/data/48732/000113031021000051/cnp-20210930.htm"
  },
  {
    "date": "2021-06-30",
    "symbol": "CNP",
    "reportedCurrency": "USD",
    "cik": "0001130310",
    "fillingDate": "2021-08-05",
    "acceptedDate": "2021-08-05 06:16:35",
    "calendarYear": "2021",
    "period": "Q2",
    "revenue": 1742000000,
    "costOfRevenue": 993000000,
    "grossProfit": 749000000,
    "grossProfitRatio": 0.4299655568,
    "researchAndDevelopmentExpenses": 0,
    "generalAndAdministrativeExpenses": 0,
    "sellingAndMarketingExpenses": 0,
    "sellingGeneralAndAdministrativeExpenses": 0,
    "otherExpenses": 453000000,
    "operatingExpenses": 453000000,
    "costAndExpenses": 1446000000,
    "interestIncome": 0,
    "interestExpense": 131000000,
    "depreciationAndAmortization": 327000000,
    "ebitda": 639000000,
    "ebitdaratio": 0.3668197474,
    "operatingIncome": 296000000,
    "operatingIncomeRatio": 0.1699196326,
    "totalOtherIncomeExpensesNet": -115000000,
    "incomeBeforeTax": 181000000,
    "incomeBeforeTaxRatio": 0.1039035591,
    "incomeTaxExpense": -19000000,
    "netIncome": 251000000,
    "netIncomeRatio": 0.144087256,
    "eps": 0.38,
    "epsdiluted": 0.37,
    "weightedAverageShsOut": 586000000,
    "weightedAverageShsOutDil": 596000000,
    "link": "https://www.sec.gov/Archives/edgar/data/1130310/000113031021000041/0001130310-21-000041-index.htm",
    "finalLink": "https://www.sec.gov/Archives/edgar/data/48732/000113031021000041/cnp-20210630.htm"
  },
  {
    "date": "2021-03-31",
    "symbol": "CNP",
    "reportedCurrency": "USD",
    "cik": "0001130310",
    "fillingDate": "2021-05-06",
    "acceptedDate": "2021-05-06 06:21:35",
    "calendarYear": "2021",
    "period": "Q1",
    "revenue": 2547000000,
    "costOfRevenue": 1644000000,
    "grossProfit": 903000000,
    "grossProfitRatio": 0.3545347468,
    "researchAndDevelopmentExpenses": 0,
    "generalAndAdministrativeExpenses": 0,
    "sellingAndMarketingExpenses": 0,
    "sellingGeneralAndAdministrativeExpenses": 0,
    "otherExpenses": 450000000,
    "operatingExpenses": 450000000,
    "costAndExpenses": 2094000000,
    "interestIncome": 0,
    "interestExpense": 146000000,
    "depreciationAndAmortization": 307000000,
    "ebitda": 782000000,
    "ebitdaratio": 0.3070278759,
    "operatingIncome": 453000000,
    "operatingIncomeRatio": 0.1778563015,
    "totalOtherIncomeExpensesNet": -124000000,
    "incomeBeforeTax": 329000000,
    "incomeBeforeTaxRatio": 0.1291715744,
    "incomeTaxExpense": 49000000,
    "netIncome": 363000000,
    "netIncomeRatio": 0.1425206125,
    "eps": 0.56,
    "epsdiluted": 0.56,
    "weightedAverageShsOut": 552000000,
    "weightedAverageShsOutDil": 631000000,
    "link": "https://www.sec.gov/Archives/edgar/data/1130310/000113031021000024/0001130310-21-000024-index.htm",
    "finalLink": "https://www.sec.gov/Archives/edgar/data/48732/000113031021000024/cnp-20210331.htm"
  },
  {
    "date": "2020-12-31",
    "symbol": "CNP",
    "reportedCurrency": "USD",
    "cik": "0001130310",
    "fillingDate": "2021-02-25",
    "acceptedDate": "2021-02-25 06:17:51",
    "calendarYear": "2020",
    "period": "Q4",
    "revenue": 2054000000,
    "costOfRevenue": 1336000000,
    "grossProfit": 718000000,
    "grossProfitRatio": 0.3495618306,
    "researchAndDevelopmentExpenses": 0,
    "generalAndAdministrativeExpenses": 0,
    "sellingAndMarketingExpenses": 0,
    "sellingGeneralAndAdministrativeExpenses": 0,
    "otherExpenses": 433000000,
    "operatingExpenses": 433000000,
    "costAndExpenses": 1769000000,
    "interestIncome": 1000000,
    "interestExpense": 119000000,
    "depreciationAndAmortization": 305000000,
    "ebitda": 678000000,
    "ebitdaratio": 0.3300876339,
    "operatingIncome": 285000000,
    "operatingIncomeRatio": 0.1387536514,
    "totalOtherIncomeExpensesNet": -31000000,
    "incomeBeforeTax": 254000000,
    "incomeBeforeTaxRatio": 0.123661149,
    "incomeTaxExpense": 54000000,
    "netIncome": 200000000,
    "netIncomeRatio": 0.0973709834,
    "eps": 0.28,
    "epsdiluted": 0.27,
    "weightedAverageShsOut": 548514000,
    "weightedAverageShsOutDil": 552204000,
    "link": "https://www.sec.gov/Archives/edgar/data/1130310/000113031021000009/0001130310-21-000009-index.htm",
    "finalLink": "https://www.sec.gov/Archives/edgar/data/48732/000113031021000009/cnp-20201231.htm"
  },
  {
    "date": "2020-09-30",
    "symbol": "CNP",
    "reportedCurrency": "USD",
    "cik": "0001130310",
    "fillingDate": "2020-11-05",
    "acceptedDate": "2020-11-05 06:03:50",
    "calendarYear": "2020",
    "period": "Q3",
    "revenue": 1622000000,
    "costOfRevenue": 892000000,
    "grossProfit": 730000000,
    "grossProfitRatio": 0.4500616523,
    "researchAndDevelopmentExpenses": 0,
    "generalAndAdministrativeExpenses": 0,
    "sellingAndMarketingExpenses": 0,
    "sellingGeneralAndAdministrativeExpenses": 0,
    "otherExpenses": 428000000,
    "operatingExpenses": 428000000,
    "costAndExpenses": 1320000000,
    "interestIncome": 0,
    "interestExpense": 128000000,
    "depreciationAndAmortization": 306000000,
    "ebitda": 618000000,
    "ebitdaratio": 0.3810110974,
    "operatingIncome": 302000000,
    "operatingIncomeRatio": 0.186189889,
    "totalOtherIncomeExpensesNet": -118000000,
    "incomeBeforeTax": 184000000,
    "incomeBeforeTaxRatio": 0.1134401973,
    "incomeTaxExpense": -15000000,
    "netIncome": 121000000,
    "netIncomeRatio": 0.0745992602,
    "eps": 0.13,
    "epsdiluted": 0.13,
    "weightedAverageShsOut": 545000000,
    "weightedAverageShsOutDil": 548000000,
    "link": "https://www.sec.gov/Archives/edgar/data/1130310/000113031020000098/0001130310-20-000098-index.htm",
    "finalLink": "https://www.sec.gov/Archives/edgar/data/48732/000113031020000098/cnp-20200930.htm"
  },
  {
    "date": "2020-06-30",
    "symbol": "CNP",
    "reportedCurrency": "USD",
    "cik": "0001130310",
    "fillingDate": "2020-08-06",
    "acceptedDate": "2020-08-06 06:26:55",
    "calendarYear": "2020",
    "period": "Q2",
    "revenue": 1575000000,
    "costOfRevenue": 914000000,
    "grossProfit": 661000000,
    "grossProfitRatio": 0.4196825397,
    "researchAndDevelopmentExpenses": 0,
    "generalAndAdministrativeExpenses": 0,
    "sellingAndMarketingExpenses": 0,
    "sellingGeneralAndAdministrativeExpenses": 0,
    "otherExpenses": 426000000,
    "operatingExpenses": 426000000,
    "costAndExpenses": 1340000000,
    "interestIncome": 0,
    "interestExpense": 135000000,
    "depreciationAndAmortization": 298000000,
    "ebitda": 597000000,
    "ebitdaratio": 0.379047619,
    "operatingIncome": 235000000,
    "operatingIncomeRatio": 0.1492063492,
    "totalOtherIncomeExpensesNet": -71000000,
    "incomeBeforeTax": 164000000,
    "incomeBeforeTaxRatio": 0.1041269841,
    "incomeTaxExpense": 29000000,
    "netIncome": 105000000,
    "netIncomeRatio": 0.0666666667,
    "eps": 0.11,
    "epsdiluted": 0.11,
    "weightedAverageShsOut": 528000000,
    "weightedAverageShsOutDil": 531000000,
    "link": "https://www.sec.gov/Archives/edgar/data/1130310/000113031020000084/0001130310-20-000084-index.htm",
    "finalLink": "https://www.sec.gov/Archives/edgar/data/48732/000113031020000084/cnp10q6302020combined.htm"
  },
  {
    "date": "2020-03-31",
    "symbol": "CNP",
    "reportedCurrency": "USD",
    "cik": "0001130310",
    "fillingDate": "2020-05-07",
    "acceptedDate": "2020-05-07 06:40:18",
    "calendarYear": "2020",
    "period": "Q1",
    "revenue": 2167000000,
    "costOfRevenue": 1347000000,
    "grossProfit": 820000000,
    "grossProfitRatio": 0.3784033226,
    "researchAndDevelopmentExpenses": 0,
    "generalAndAdministrativeExpenses": 0,
    "sellingAndMarketingExpenses": 0,
    "sellingGeneralAndAdministrativeExpenses": 0,
    "otherExpenses": 603000000,
    "operatingExpenses": 603000000,
    "costAndExpenses": 1950000000,
    "interestIncome": 0,
    "interestExpense": 147000000,
    "depreciationAndAmortization": 282000000,
    "ebitda": -971000000,
    "ebitdaratio": -0.44808491,
    "operatingIncome": 217000000,
    "operatingIncomeRatio": 0.1001384402,
    "totalOtherIncomeExpensesNet": -1617000000,
    "incomeBeforeTax": -1400000000,
    "incomeBeforeTaxRatio": -0.6460544532,
    "incomeTaxExpense": -347000000,
    "netIncome": -1199000000,
    "netIncomeRatio": -0.5532994924,
    "eps": -2.44,
    "epsdiluted": -2.44,
    "weightedAverageShsOut": 502000000,
    "weightedAverageShsOutDil": 502000000,
    "link": "https://www.sec.gov/Archives/edgar/data/1130310/000113031020000044/0001130310-20-000044-index.htm",
    "finalLink": "https://www.sec.gov/Archives/edgar/data/48732/000113031020000044/cnp10q3312020combined.htm"
  },
  {
    "date": "2019-12-31",
    "symbol": "CNP",
    "reportedCurrency": "USD",
    "cik": "0001130310",
    "fillingDate": "2020-02-27",
    "acceptedDate": "2020-02-27 06:29:09",
    "calendarYear": "2019",
    "period": "Q4",
    "revenue": 3230000000,
    "costOfRevenue": 2455000000,
    "grossProfit": 775000000,
    "grossProfitRatio": 0.2399380805,
    "researchAndDevelopmentExpenses": 0,
    "generalAndAdministrativeExpenses": 0,
    "sellingAndMarketingExpenses": 0,
    "sellingGeneralAndAdministrativeExpenses": 0,
    "otherExpenses": 473000000,
    "operatingExpenses": 473000000,
    "costAndExpenses": 2928000000,
    "interestIncome": 0,
    "interestExpense": 147000000,
    "depreciationAndAmortization": 305000000,
    "ebitda": 634000000,
    "ebitdaratio": 0.1962848297,
    "operatingIncome": 302000000,
    "operatingIncomeRatio": 0.093498452,
    "totalOtherIncomeExpensesNet": -120000000,
    "incomeBeforeTax": 182000000,
    "incomeBeforeTaxRatio": 0.0563467492,
    "incomeTaxExpense": 25000000,
    "netIncome": 157000000,
    "netIncomeRatio": 0.0486068111,
    "eps": 0.25,
    "epsdiluted": 0.25,
    "weightedAverageShsOut": 502241000,
    "weightedAverageShsOutDil": 505348000,
    "link": "https://www.sec.gov/Archives/edgar/data/1130310/000113031020000016/0001130310-20-000016-index.htm",
    "finalLink": "https://www.sec.gov/Archives/edgar/data/48732/000113031020000016/cnp10k12312019.htm"
  },
  {
    "date": "2019-09-30",
    "symbol": "CNP",
    "reportedCurrency": "USD",
    "cik": "0001130310",
    "fillingDate": "2019-11-07",
    "acceptedDate": "2019-11-07 06:33:03",
    "calendarYear": "2019",
    "period": "Q3",
    "revenue": 1658000000,
    "costOfRevenue": 872000000,
    "grossProfit": 786000000,
    "grossProfitRatio": 0.4740651387,
    "researchAndDevelopmentExpenses": 0,
    "generalAndAdministrativeExpenses": 0,
    "sellingAndMarketingExpenses": 0,
    "sellingGeneralAndAdministrativeExpenses": 0,
    "otherExpenses": 429000000,
    "operatingExpenses": 429000000,
    "costAndExpenses": 1301000000,
    "interestIncome": 4000000,
    "interestExpense": 143000000,
    "depreciationAndAmortization": 341000000,
    "ebitda": 781000000,
    "ebitdaratio": 0.4710494572,
    "operatingIncome": 357000000,
    "operatingIncomeRatio": 0.2153196622,
    "totalOtherIncomeExpensesNet": -60000000,
    "incomeBeforeTax": 297000000,
    "incomeBeforeTaxRatio": 0.1791314837,
    "incomeTaxExpense": 46000000,
    "netIncome": 270000000,
    "netIncomeRatio": 0.1628468034,
    "eps": 0.48,
    "epsdiluted": 0.47,
    "weightedAverageShsOut": 502000000,
    "weightedAverageShsOutDil": 505000000,
    "link": "https://www.sec.gov/Archives/edgar/data/1130310/000113031019000041/0001130310-19-000041-index.htm",
    "finalLink": "https://www.sec.gov/Archives/edgar/data/48732/000113031019000041/cnp10q9302019combined.htm"
  },
  {
    "date": "2019-06-30",
    "symbol": "CNP",
    "reportedCurrency": "USD",
    "cik": "0001130310",
    "fillingDate": "2019-08-07",
    "acceptedDate": "2019-08-07 06:35:14",
    "calendarYear": "2019",
    "period": "Q2",
    "revenue": 1658000000,
    "costOfRevenue": 994000000,
    "grossProfit": 664000000,
    "grossProfitRatio": 0.400482509,
    "researchAndDevelopmentExpenses": 0,
    "generalAndAdministrativeExpenses": 0,
    "sellingAndMarketingExpenses": 0,
    "sellingGeneralAndAdministrativeExpenses": 0,
    "otherExpenses": 435000000,
    "operatingExpenses": 435000000,
    "costAndExpenses": 1429000000,
    "interestIncome": 2000000,
    "interestExpense": 144000000,
    "depreciationAndAmortization": 343000000,
    "ebitda": 653000000,
    "ebitdaratio": 0.3938480097,
    "operatingIncome": 229000000,
    "operatingIncomeRatio": 0.1381182147,
    "totalOtherIncomeExpensesNet": -63000000,
    "incomeBeforeTax": 166000000,
    "incomeBeforeTaxRatio": 0.1001206273,
    "incomeTaxExpense": 15000000,
    "netIncome": 195000000,
    "netIncomeRatio": 0.1176115802,
    "eps": 0.33,
    "epsdiluted": 0.33,
    "weightedAverageShsOut": 502000000,
    "weightedAverageShsOutDil": 505000000,
    "link": "https://www.sec.gov/Archives/edgar/data/1130310/000113031019000028/0001130310-19-000028-index.htm",
    "finalLink": "https://www.sec.gov/Archives/edgar/data/48732/000113031019000028/cnp10q6302019combined.htm"
  },
  {
    "date": "2019-03-31",
    "symbol": "CNP",
    "reportedCurrency": "USD",
    "cik": "0001130310",
    "fillingDate": "2019-05-09",
    "acceptedDate": "2019-05-09 06:24:46",
    "calendarYear": "2019",
    "period": "Q1",
    "revenue": 2229000000,
    "costOfRevenue": 1592000000,
    "grossProfit": 637000000,
    "grossProfitRatio": 0.285778376,
    "researchAndDevelopmentExpenses": 0,
    "generalAndAdministrativeExpenses": 0,
    "sellingAndMarketingExpenses": 0,
    "sellingGeneralAndAdministrativeExpenses": 0,
    "otherExpenses": 426000000,
    "operatingExpenses": 426000000,
    "costAndExpenses": 2018000000,
    "interestIncome": 14000000,
    "interestExpense": 133000000,
    "depreciationAndAmortization": 322000000,
    "ebitda": 612000000,
    "ebitdaratio": 0.2745625841,
    "operatingIncome": 211000000,
    "operatingIncomeRatio": 0.0946612831,
    "totalOtherIncomeExpensesNet": -54000000,
    "incomeBeforeTax": 157000000,
    "incomeBeforeTaxRatio": 0.0704351727,
    "incomeTaxExpense": 14000000,
    "netIncome": 169000000,
    "netIncomeRatio": 0.0758187528,
    "eps": 0.28,
    "epsdiluted": 0.28,
    "weightedAverageShsOut": 502000000,
    "weightedAverageShsOutDil": 504000000,
    "link": "https://www.sec.gov/Archives/edgar/data/1130310/000113031019000021/0001130310-19-000021-index.htm",
    "finalLink": "https://www.sec.gov/Archives/edgar/data/48732/000113031019000021/cnp_10qx3312019combined.htm"
  },
  {
    "date": "2018-12-31",
    "symbol": "CNP",
    "reportedCurrency": "USD",
    "cik": "0001130310",
    "fillingDate": "2019-02-28",
    "acceptedDate": "2019-02-28 06:29:10",
    "calendarYear": "2018",
    "period": "Q4",
    "revenue": 3036000000,
    "costOfRevenue": 2509000000,
    "grossProfit": 527000000,
    "grossProfitRatio": 0.1735836627,
    "researchAndDevelopmentExpenses": 0,
    "generalAndAdministrativeExpenses": 0,
    "sellingAndMarketingExpenses": 0,
    "sellingGeneralAndAdministrativeExpenses": 0,
    "otherExpenses": 360000000,
    "operatingExpenses": 360000000,
    "costAndExpenses": 2869000000,
    "interestIncome": 0,
    "interestExpense": 115000000,
    "depreciationAndAmortization": 261000000,
    "ebitda": 557000000,
    "ebitdaratio": 0.1834650856,
    "operatingIncome": 167000000,
    "operatingIncomeRatio": 0.0550065876,
    "totalOtherIncomeExpensesNet": 14000000,
    "incomeBeforeTax": 181000000,
    "incomeBeforeTaxRatio": 0.0596179183,
    "incomeTaxExpense": 61000000,
    "netIncome": 120000000,
    "netIncomeRatio": 0.0395256917,
    "eps": 0.18,
    "epsdiluted": 0.18,
    "weightedAverageShsOut": 500437000,
    "weightedAverageShsOutDil": 504073000,
    "link": "https://www.sec.gov/Archives/edgar/data/1130310/000113031019000016/0001130310-19-000016-index.htm",
    "finalLink": "https://www.sec.gov/Archives/edgar/data/48732/000113031019000016/cnp_10kx12312018.htm"
  },
  {
    "date": "2018-09-30",
    "symbol": "CNP",
    "reportedCurrency": "USD",
    "cik": "0001130310",
    "fillingDate": "2018-11-08",
    "acceptedDate": "2018-11-08 06:25:29",
    "calendarYear": "2018",
    "period": "Q3",
    "revenue": 2212000000,
    "costOfRevenue": 1565000000,
    "grossProfit": 647000000,
    "grossProfitRatio": 0.2924954792,
    "researchAndDevelopmentExpenses": 0,
    "generalAndAdministrativeExpenses": 0,
    "sellingAndMarketingExpenses": 0,
    "sellingGeneralAndAdministrativeExpenses": 0,
    "otherExpenses": 421000000,
    "operatingExpenses": 421000000,
    "costAndExpenses": 1986000000,
    "interestIncome": 0,
    "interestExpense": 106000000,
    "depreciationAndAmortization": 326000000,
    "ebitda": 641000000,
    "ebitdaratio": 0.2897830018,
    "operatingIncome": 226000000,
    "operatingIncomeRatio": 0.1021699819,
    "totalOtherIncomeExpensesNet": -17000000,
    "incomeBeforeTax": 209000000,
    "incomeBeforeTaxRatio": 0.0944846293,
    "incomeTaxExpense": 51000000,
    "netIncome": 158000000,
    "netIncomeRatio": 0.0714285714,
    "eps": 0.35,
    "epsdiluted": 0.35,
    "weightedAverageShsOut": 432000000,
    "weightedAverageShsOutDil": 435000000,
    "link": "https://www.sec.gov/Archives/edgar/data/1130310/000113031018000023/0001130310-18-000023-index.htm",
    "finalLink": "https://www.sec.gov/Archives/edgar/data/48732/000113031018000023/cnp_10qx9302018combined.htm"
  },
  {
    "date": "2018-06-30",
    "symbol": "CNP",
    "reportedCurrency": "USD",
    "cik": "0001130310",
    "fillingDate": "2018-08-03",
    "acceptedDate": "2018-08-03 06:23:21",
    "calendarYear": "2018",
    "period": "Q2",
    "revenue": 2186000000,
    "costOfRevenue": 1556000000,
    "grossProfit": 630000000,
    "grossProfitRatio": 0.2881976212,
    "researchAndDevelopmentExpenses": 0,
    "generalAndAdministrativeExpenses": 0,
    "sellingAndMarketingExpenses": 0,
    "sellingGeneralAndAdministrativeExpenses": 0,
    "otherExpenses": 443000000,
    "operatingExpenses": 443000000,
    "costAndExpenses": 1999000000,
    "interestIncome": 0,
    "interestExpense": 105000000,
    "depreciationAndAmortization": 342000000,
    "ebitda": 359000000,
    "ebitdaratio": 0.1642268984,
    "operatingIncome": 187000000,
    "operatingIncomeRatio": 0.0855443733,
    "totalOtherIncomeExpensesNet": -275000000,
    "incomeBeforeTax": -88000000,
    "incomeBeforeTaxRatio": -0.0402561757,
    "incomeTaxExpense": -13000000,
    "netIncome": -75000000,
    "netIncomeRatio": -0.0343092406,
    "eps": -0.17,
    "epsdiluted": -0.17,
    "weightedAverageShsOut": 431523046,
    "weightedAverageShsOutDil": 432000000,
    "link": "https://www.sec.gov/Archives/edgar/data/1130310/000113031018000018/0001130310-18-000018-index.htm",
    "finalLink": "https://www.sec.gov/Archives/edgar/data/48732/000113031018000018/cnp_10qx6302018combined.htm"
  },
  {
    "date": "2018-03-31",
    "symbol": "CNP",
    "reportedCurrency": "USD",
    "cik": "0001130310",
    "fillingDate": "2018-05-04",
    "acceptedDate": "2018-05-04 06:22:24",
    "calendarYear": "2018",
    "period": "Q1",
    "revenue": 3155000000,
    "costOfRevenue": 2479000000,
    "grossProfit": 676000000,
    "grossProfitRatio": 0.2142630745,
    "researchAndDevelopmentExpenses": 0,
    "generalAndAdministrativeExpenses": 0,
    "sellingAndMarketingExpenses": 0,
    "sellingGeneralAndAdministrativeExpenses": 0,
    "otherExpenses": 425000000,
    "operatingExpenses": 425000000,
    "costAndExpenses": 2904000000,
    "interestIncome": 0,
    "interestExpense": 94000000,
    "depreciationAndAmortization": 314000000,
    "ebitda": 620000000,
    "ebitdaratio": 0.1965134707,
    "operatingIncome": 251000000,
    "operatingIncomeRatio": 0.0795562599,
    "totalOtherIncomeExpensesNet": -39000000,
    "incomeBeforeTax": 212000000,
    "incomeBeforeTaxRatio": 0.0671949287,
    "incomeTaxExpense": 47000000,
    "netIncome": 165000000,
    "netIncomeRatio": 0.0522979398,
    "eps": 0.38,
    "epsdiluted": 0.38,
    "weightedAverageShsOut": 431000000,
    "weightedAverageShsOutDil": 434000000,
    "link": "https://www.sec.gov/Archives/edgar/data/1130310/000113031018000012/0001130310-18-000012-index.htm",
    "finalLink": "https://www.sec.gov/Archives/edgar/data/1130310/000113031018000012/cnp_10qx3312018.htm"
  },
  {
    "date": "2017-12-31",
    "symbol": "CNP",
    "reportedCurrency": "USD",
    "cik": "0001130310",
    "fillingDate": "2018-02-22",
    "acceptedDate": "2018-02-22 06:24:04",
    "calendarYear": "2017",
    "period": "Q4",
    "revenue": 2638000000,
    "costOfRevenue": 1952000000,
    "grossProfit": 686000000,
    "grossProfitRatio": 0.260045489,
    "researchAndDevelopmentExpenses": 0,
    "generalAndAdministrativeExpenses": 0,
    "sellingAndMarketingExpenses": 0,
    "sellingGeneralAndAdministrativeExpenses": 0,
    "otherExpenses": 390000000,
    "operatingExpenses": 390000000,
    "costAndExpenses": 2342000000,
    "interestIncome": 0,
    "interestExpense": 97000000,
    "depreciationAndAmortization": 287000000,
    "ebitda": 670000000,
    "ebitdaratio": 0.2539802881,
    "operatingIncome": 296000000,
    "operatingIncomeRatio": 0.1122062168,
    "totalOtherIncomeExpensesNet": -10000000,
    "incomeBeforeTax": 286000000,
    "incomeBeforeTaxRatio": 0.1084154663,
    "incomeTaxExpense": -1010000000,
    "netIncome": 1296000000,
    "netIncomeRatio": 0.4912812737,
    "eps": 3.01,
    "epsdiluted": 2.99,
    "weightedAverageShsOut": 431038000,
    "weightedAverageShsOutDil": 434382000,
    "link": "https://www.sec.gov/Archives/edgar/data/1130310/000113031018000003/0001130310-18-000003-index.htm",
    "finalLink": "https://www.sec.gov/Archives/edgar/data/1130310/000113031018000003/cnp_10kx12312017.htm"
  },
  {
    "date": "2017-09-30",
    "symbol": "CNP",
    "reportedCurrency": "USD",
    "cik": "0001130310",
    "fillingDate": "2017-11-03",
    "acceptedDate": "2017-11-03 06:21:53",
    "calendarYear": "2017",
    "period": "Q3",
    "revenue": 2098000000,
    "costOfRevenue": 1439000000,
    "grossProfit": 659000000,
    "grossProfitRatio": 0.3141086749,
    "researchAndDevelopmentExpenses": 0,
    "generalAndAdministrativeExpenses": 0,
    "sellingAndMarketingExpenses": 0,
    "sellingGeneralAndAdministrativeExpenses": 0,
    "otherExpenses": 362000000,
    "operatingExpenses": 362000000,
    "costAndExpenses": 1801000000,
    "interestIncome": 0,
    "interestExpense": 98000000,
    "depreciationAndAmortization": 269000000,
    "ebitda": 634000000,
    "ebitdaratio": 0.3021925643,
    "operatingIncome": 297000000,
    "operatingIncomeRatio": 0.1415633937,
    "totalOtherIncomeExpensesNet": -30000000,
    "incomeBeforeTax": 267000000,
    "incomeBeforeTaxRatio": 0.127264061,
    "incomeTaxExpense": 98000000,
    "netIncome": 169000000,
    "netIncomeRatio": 0.0805529075,
    "eps": 0.39,
    "epsdiluted": 0.39,
    "weightedAverageShsOut": 431000000,
    "weightedAverageShsOutDil": 434000000,
    "link": "https://www.sec.gov/Archives/edgar/data/1130310/000113031017000017/0001130310-17-000017-index.htm",
    "finalLink": "https://www.sec.gov/Archives/edgar/data/1130310/000113031017000017/cnp_10qx9302017.htm"
  },
  {
    "date": "2017-06-30",
    "symbol": "CNP",
    "reportedCurrency": "USD",
    "cik": "0001130310",
    "fillingDate": "2017-08-03",
    "acceptedDate": "2017-08-03 06:25:46",
    "calendarYear": "2017",
    "period": "Q2",
    "revenue": 2143000000,
    "costOfRevenue": 1550000000,
    "grossProfit": 593000000,
    "grossProfitRatio": 0.2767148857,
    "researchAndDevelopmentExpenses": 0,
    "generalAndAdministrativeExpenses": 0,
    "sellingAndMarketingExpenses": 0,
    "sellingGeneralAndAdministrativeExpenses": 0,
    "otherExpenses": 353000000,
    "operatingExpenses": 353000000,
    "costAndExpenses": 1903000000,
    "interestIncome": 0,
    "interestExpense": 97000000,
    "depreciationAndAmortization": 254000000,
    "ebitda": 562000000,
    "ebitdaratio": 0.2622491834,
    "operatingIncome": 240000000,
    "operatingIncomeRatio": 0.1119925338,
    "totalOtherIncomeExpensesNet": -29000000,
    "incomeBeforeTax": 211000000,
    "incomeBeforeTaxRatio": 0.0984601027,
    "incomeTaxExpense": 76000000,
    "netIncome": 135000000,
    "netIncomeRatio": 0.0629958003,
    "eps": 0.31,
    "epsdiluted": 0.31,
    "weightedAverageShsOut": 431000000,
    "weightedAverageShsOutDil": 434000000,
    "link": "https://www.sec.gov/Archives/edgar/data/1130310/000113031017000014/0001130310-17-000014-index.htm",
    "finalLink": "https://www.sec.gov/Archives/edgar/data/1130310/000113031017000014/cnp_10qx6302017.htm"
  },
  {
    "date": "2017-03-31",
    "symbol": "CNP",
    "reportedCurrency": "USD",
    "cik": "0001130310",
    "fillingDate": "2017-05-05",
    "acceptedDate": "2017-05-05 06:25:56",
    "calendarYear": "2017",
    "period": "Q1",
    "revenue": 2735000000,
    "costOfRevenue": 2122000000,
    "grossProfit": 613000000,
    "grossProfitRatio": 0.2241316271,
    "researchAndDevelopmentExpenses": 0,
    "generalAndAdministrativeExpenses": 0,
    "sellingAndMarketingExpenses": 0,
    "sellingGeneralAndAdministrativeExpenses": 0,
    "otherExpenses": 322000000,
    "operatingExpenses": 322000000,
    "costAndExpenses": 2444000000,
    "interestIncome": 0,
    "interestExpense": 98000000,
    "depreciationAndAmortization": 226000000,
    "ebitda": 623000000,
    "ebitdaratio": 0.2277879342,
    "operatingIncome": 291000000,
    "operatingIncomeRatio": 0.1063985375,
    "totalOtherIncomeExpensesNet": 8000000,
    "incomeBeforeTax": 299000000,
    "incomeBeforeTaxRatio": 0.1093235832,
    "incomeTaxExpense": 107000000,
    "netIncome": 192000000,
    "netIncomeRatio": 0.0702010969,
    "eps": 0.45,
    "epsdiluted": 0.44,
    "weightedAverageShsOut": 431000000,
    "weightedAverageShsOutDil": 433000000,
    "link": "https://www.sec.gov/Archives/edgar/data/1130310/000113031017000010/0001130310-17-000010-index.htm",
    "finalLink": "https://www.sec.gov/Archives/edgar/data/1130310/000113031017000010/cnp_10qx3312017.htm"
  },
  {
    "date": "2016-12-31",
    "symbol": "CNP",
    "reportedCurrency": "USD",
    "cik": "0001130310",
    "fillingDate": "2017-02-28",
    "acceptedDate": "2017-02-28 06:22:13",
    "calendarYear": "2016",
    "period": "Q4",
    "revenue": 2081000000,
    "costOfRevenue": 1489000000,
    "grossProfit": 592000000,
    "grossProfitRatio": 0.284478616,
    "researchAndDevelopmentExpenses": 0,
    "generalAndAdministrativeExpenses": 0,
    "sellingAndMarketingExpenses": 0,
    "sellingGeneralAndAdministrativeExpenses": 0,
    "otherExpenses": 349000000,
    "operatingExpenses": 349000000,
    "costAndExpenses": 1838000000,
    "interestIncome": 0,
    "interestExpense": 103000000,
    "depreciationAndAmortization": 253000000,
    "ebitda": 518000000,
    "ebitdaratio": 0.248918789,
    "operatingIncome": 243000000,
    "operatingIncomeRatio": 0.1167707833,
    "totalOtherIncomeExpensesNet": -81000000,
    "incomeBeforeTax": 162000000,
    "incomeBeforeTaxRatio": 0.0778471889,
    "incomeTaxExpense": 61000000,
    "netIncome": 101000000,
    "netIncomeRatio": 0.0485343585,
    "eps": 0.23,
    "epsdiluted": 0.23,
    "weightedAverageShsOut": 430682000,
    "weightedAverageShsOutDil": 433679000,
    "link": "https://www.sec.gov/Archives/edgar/data/1130310/000113031017000006/0001130310-17-000006-index.htm",
    "finalLink": "https://www.sec.gov/Archives/edgar/data/1130310/000113031017000006/cnp_10kx12312016.htm"
  },
  {
    "date": "2016-09-30",
    "symbol": "CNP",
    "reportedCurrency": "USD",
    "cik": "0001130310",
    "fillingDate": "2016-11-04",
    "acceptedDate": "2016-11-04 06:31:12",
    "calendarYear": "2016",
    "period": "Q3",
    "revenue": 1889000000,
    "costOfRevenue": 1188000000,
    "grossProfit": 701000000,
    "grossProfitRatio": 0.3710958179,
    "researchAndDevelopmentExpenses": 0,
    "generalAndAdministrativeExpenses": 0,
    "sellingAndMarketingExpenses": 0,
    "sellingGeneralAndAdministrativeExpenses": 0,
    "otherExpenses": 417000000,
    "operatingExpenses": 417000000,
    "costAndExpenses": 1605000000,
    "interestIncome": 0,
    "interestExpense": 106000000,
    "depreciationAndAmortization": 324000000,
    "ebitda": 706000000,
    "ebitdaratio": 0.373742721,
    "operatingIncome": 284000000,
    "operatingIncomeRatio": 0.1503440974,
    "totalOtherIncomeExpensesNet": -8000000,
    "incomeBeforeTax": 276000000,
    "incomeBeforeTaxRatio": 0.1461090524,
    "incomeTaxExpense": 97000000,
    "netIncome": 179000000,
    "netIncomeRatio": 0.0947591318,
    "eps": 0.42,
    "epsdiluted": 0.41,
    "weightedAverageShsOut": 431000000,
    "weightedAverageShsOutDil": 433000000,
    "link": "https://www.sec.gov/Archives/edgar/data/1130310/000113031016000055/0001130310-16-000055-index.htm",
    "finalLink": "https://www.sec.gov/Archives/edgar/data/1130310/000113031016000055/cnp_10qx9302016.htm"
  },
  {
    "date": "2016-06-30",
    "symbol": "CNP",
    "reportedCurrency": "USD",
    "cik": "0001130310",
    "fillingDate": "2016-08-05",
    "acceptedDate": "2016-08-05 06:31:36",
    "calendarYear": "2016",
    "period": "Q2",
    "revenue": 1574000000,
    "costOfRevenue": 1009000000,
    "grossProfit": 565000000,
    "grossProfitRatio": 0.3589580686,
    "researchAndDevelopmentExpenses": 0,
    "generalAndAdministrativeExpenses": 0,
    "sellingAndMarketingExpenses": 0,
    "sellingGeneralAndAdministrativeExpenses": 0,
    "otherExpenses": 383000000,
    "operatingExpenses": 383000000,
    "costAndExpenses": 1392000000,
    "interestIncome": 0,
    "interestExpense": 109000000,
    "depreciationAndAmortization": 289000000,
    "ebitda": 406000000,
    "ebitdaratio": 0.2579415502,
    "operatingIncome": 182000000,
    "operatingIncomeRatio": 0.1156289708,
    "totalOtherIncomeExpensesNet": -174000000,
    "incomeBeforeTax": 8000000,
    "incomeBeforeTaxRatio": 0.0050825921,
    "incomeTaxExpense": 10000000,
    "netIncome": -2000000,
    "netIncomeRatio": -0.001270648,
    "eps": -0.01,
    "epsdiluted": -0.01,
    "weightedAverageShsOut": 431000000,
    "weightedAverageShsOutDil": 431000000,
    "link": "https://www.sec.gov/Archives/edgar/data/1130310/000113031016000044/0001130310-16-000044-index.htm",
    "finalLink": "https://www.sec.gov/Archives/edgar/data/1130310/000113031016000044/cnp_10qx6302016.htm"
  },
  {
    "date": "2016-03-31",
    "symbol": "CNP",
    "reportedCurrency": "USD",
    "cik": "0001130310",
    "fillingDate": "2016-05-10",
    "acceptedDate": "2016-05-10 06:32:18",
    "calendarYear": "2016",
    "period": "Q1",
    "revenue": 1984000000,
    "costOfRevenue": 1373000000,
    "grossProfit": 611000000,
    "grossProfitRatio": 0.3079637097,
    "researchAndDevelopmentExpenses": 0,
    "generalAndAdministrativeExpenses": 0,
    "sellingAndMarketingExpenses": 0,
    "sellingGeneralAndAdministrativeExpenses": 0,
    "otherExpenses": 361000000,
    "operatingExpenses": 361000000,
    "costAndExpenses": 1734000000,
    "interestIncome": 0,
    "interestExpense": 111000000,
    "depreciationAndAmortization": 260000000,
    "ebitda": 611000000,
    "ebitdaratio": 0.3079637097,
    "operatingIncome": 250000000,
    "operatingIncomeRatio": 0.1260080645,
    "totalOtherIncomeExpensesNet": -10000000,
    "incomeBeforeTax": 240000000,
    "incomeBeforeTaxRatio": 0.1209677419,
    "incomeTaxExpense": 86000000,
    "netIncome": 154000000,
    "netIncomeRatio": 0.0776209677,
    "eps": 0.36,
    "epsdiluted": 0.36,
    "weightedAverageShsOut": 430000000,
    "weightedAverageShsOutDil": 433000000,
    "link": "https://www.sec.gov/Archives/edgar/data/1130310/000113031016000037/0001130310-16-000037-index.htm",
    "finalLink": "https://www.sec.gov/Archives/edgar/data/1130310/000113031016000037/cnp_10qx3312016.htm"
  },
  {
    "date": "2015-12-31",
    "symbol": "CNP",
    "reportedCurrency": "USD",
    "cik": "0001130310",
    "fillingDate": "2016-02-26",
    "acceptedDate": "2016-02-26 06:32:43",
    "calendarYear": "2015",
    "period": "Q4",
    "revenue": 1791000000,
    "costOfRevenue": 1234000000,
    "grossProfit": 557000000,
    "grossProfitRatio": 0.3109994417,
    "researchAndDevelopmentExpenses": 0,
    "generalAndAdministrativeExpenses": 0,
    "sellingAndMarketingExpenses": 0,
    "sellingGeneralAndAdministrativeExpenses": 0,
    "otherExpenses": 331000000,
    "operatingExpenses": 331000000,
    "costAndExpenses": 1565000000,
    "interestIncome": 0,
    "interestExpense": 105000000,
    "depreciationAndAmortization": 246000000,
    "ebitda": -461000000,
    "ebitdaratio": -0.2573981016,
    "operatingIncome": 226000000,
    "operatingIncomeRatio": 0.126186488,
    "totalOtherIncomeExpensesNet": -1044000000,
    "incomeBeforeTax": -818000000,
    "incomeBeforeTaxRatio": -0.4567280849,
    "incomeTaxExpense": -309000000,
    "netIncome": -509000000,
    "netIncomeRatio": -0.2841987716,
    "eps": -1.18,
    "epsdiluted": -1.18,
    "weightedAverageShsOut": 430262000,
    "weightedAverageShsOutDil": 430262000,
    "link": "https://www.sec.gov/Archives/edgar/data/1130310/000113031016000031/0001130310-16-000031-index.htm",
    "finalLink": "https://www.sec.gov/Archives/edgar/data/1130310/000113031016000031/cnp_10kx12312015.htm"
  },
  {
    "date": "2015-09-30",
    "symbol": "CNP",
    "reportedCurrency": "USD",
    "cik": "0001130310",
    "fillingDate": "2015-11-05",
    "acceptedDate": "2015-11-05 06:26:15",
    "calendarYear": "2015",
    "period": "Q3",
    "revenue": 1630000000,
    "costOfRevenue": 1006000000,
    "grossProfit": 624000000,
    "grossProfitRatio": 0.3828220859,
    "researchAndDevelopmentExpenses": 0,
    "generalAndAdministrativeExpenses": 0,
    "sellingAndMarketingExpenses": 0,
    "sellingGeneralAndAdministrativeExpenses": 0,
    "otherExpenses": 359000000,
    "operatingExpenses": 359000000,
    "costAndExpenses": 1365000000,
    "interestIncome": 0,
    "interestExpense": 113000000,
    "depreciationAndAmortization": 268000000,
    "ebitda": -254000000,
    "ebitdaratio": -0.1558282209,
    "operatingIncome": 265000000,
    "operatingIncomeRatio": 0.1625766871,
    "totalOtherIncomeExpensesNet": -900000000,
    "incomeBeforeTax": -635000000,
    "incomeBeforeTaxRatio": -0.3895705521,
    "incomeTaxExpense": -244000000,
    "netIncome": -391000000,
    "netIncomeRatio": -0.2398773006,
    "eps": -0.91,
    "epsdiluted": -0.91,
    "weightedAverageShsOut": 429670329,
    "weightedAverageShsOutDil": 430000000,
    "link": "https://www.sec.gov/Archives/edgar/data/1130310/000113031015000025/0001130310-15-000025-index.htm",
    "finalLink": "https://www.sec.gov/Archives/edgar/data/1130310/000113031015000025/cnp_10qx9302015.htm"
  },
  {
    "date": "2015-06-30",
    "symbol": "CNP",
    "reportedCurrency": "USD",
    "cik": "0001130310",
    "fillingDate": "2015-08-10",
    "acceptedDate": "2015-08-10 08:15:54",
    "calendarYear": "2015",
    "period": "Q2",
    "revenue": 1532000000,
    "costOfRevenue": 1017000000,
    "grossProfit": 515000000,
    "grossProfitRatio": 0.3361618799,
    "researchAndDevelopmentExpenses": 0,
    "generalAndAdministrativeExpenses": 0,
    "sellingAndMarketingExpenses": 0,
    "sellingGeneralAndAdministrativeExpenses": 0,
    "otherExpenses": 329000000,
    "operatingExpenses": 329000000,
    "costAndExpenses": 1346000000,
    "interestIncome": 0,
    "interestExpense": 116000000,
    "depreciationAndAmortization": 239000000,
    "ebitda": 469000000,
    "ebitdaratio": 0.3061357702,
    "operatingIncome": 186000000,
    "operatingIncomeRatio": 0.1214099217,
    "totalOtherIncomeExpensesNet": -72000000,
    "incomeBeforeTax": 114000000,
    "incomeBeforeTaxRatio": 0.0744125326,
    "incomeTaxExpense": 37000000,
    "netIncome": 77000000,
    "netIncomeRatio": 0.0502610966,
    "eps": 0.18,
    "epsdiluted": 0.18,
    "weightedAverageShsOut": 430235000,
    "weightedAverageShsOutDil": 431733000,
    "link": "https://www.sec.gov/Archives/edgar/data/1130310/000113031015000018/0001130310-15-000018-index.htm",
    "finalLink": "https://www.sec.gov/Archives/edgar/data/1130310/000113031015000018/cnp_10qx6302015.htm"
  },
  {
    "date": "2015-03-31",
    "symbol": "CNP",
    "reportedCurrency": "USD",
    "cik": "0001130310",
    "fillingDate": "2015-05-11",
    "acceptedDate": "2015-05-11 08:14:51",
    "calendarYear": "2015",
    "period": "Q1",
    "revenue": 2433000000,
    "costOfRevenue": 1852000000,
    "grossProfit": 581000000,
    "grossProfitRatio": 0.2387998356,
    "researchAndDevelopmentExpenses": 0,
    "generalAndAdministrativeExpenses": 0,
    "sellingAndMarketingExpenses": 0,
    "sellingGeneralAndAdministrativeExpenses": 0,
    "otherExpenses": 325000000,
    "operatingExpenses": 325000000,
    "costAndExpenses": 2177000000,
    "interestIncome": 0,
    "interestExpense": 117000000,
    "depreciationAndAmortization": 217000000,
    "ebitda": 543000000,
    "ebitdaratio": 0.2231812577,
    "operatingIncome": 256000000,
    "operatingIncomeRatio": 0.1052198931,
    "totalOtherIncomeExpensesNet": -47000000,
    "incomeBeforeTax": 209000000,
    "incomeBeforeTaxRatio": 0.0859021784,
    "incomeTaxExpense": 78000000,
    "netIncome": 131000000,
    "netIncomeRatio": 0.0538429922,
    "eps": 0.3,
    "epsdiluted": 0.3,
    "weightedAverageShsOut": 430000000,
    "weightedAverageShsOutDil": 431000000,
    "link": "https://www.sec.gov/Archives/edgar/data/1130310/000113031015000012/0001130310-15-000012-index.htm",
    "finalLink": "https://www.sec.gov/Archives/edgar/data/1130310/000113031015000012/cnp_10qx3312015.htm"
  },
  {
    "date": "2014-12-31",
    "symbol": "CNP",
    "reportedCurrency": "USD",
    "cik": "0001130310",
    "fillingDate": "2015-02-26",
    "acceptedDate": "2015-02-26 08:15:35",
    "calendarYear": "2014",
    "period": "Q4",
    "revenue": 2372000000,
    "costOfRevenue": 1824000000,
    "grossProfit": 548000000,
    "grossProfitRatio": 0.2310286678,
    "researchAndDevelopmentExpenses": 0,
    "generalAndAdministrativeExpenses": 0,
    "sellingAndMarketingExpenses": 0,
    "sellingGeneralAndAdministrativeExpenses": 0,
    "otherExpenses": 327000000,
    "operatingExpenses": 327000000,
    "costAndExpenses": 2151000000,
    "interestIncome": 0,
    "interestExpense": 114000000,
    "depreciationAndAmortization": 229000000,
    "ebitda": 558000000,
    "ebitdaratio": 0.2352445194,
    "operatingIncome": 221000000,
    "operatingIncomeRatio": 0.0931703204,
    "totalOtherIncomeExpensesNet": -12000000,
    "incomeBeforeTax": 209000000,
    "incomeBeforeTaxRatio": 0.0881112985,
    "incomeTaxExpense": 33000000,
    "netIncome": 176000000,
    "netIncomeRatio": 0.0741989882,
    "eps": 0.41,
    "epsdiluted": 0.41,
    "weightedAverageShsOut": 429796000,
    "weightedAverageShsOutDil": 431830000,
    "link": "https://www.sec.gov/Archives/edgar/data/1130310/000113031015000008/0001130310-15-000008-index.htm",
    "finalLink": "https://www.sec.gov/Archives/edgar/data/1130310/000113031015000008/cnp_10kx12312014.htm"
  },
  {
    "date": "2014-09-30",
    "symbol": "CNP",
    "reportedCurrency": "USD",
    "cik": "0001130310",
    "fillingDate": "2014-11-05",
    "acceptedDate": "2014-11-05 08:15:51",
    "calendarYear": "2014",
    "period": "Q3",
    "revenue": 1807000000,
    "costOfRevenue": 1195000000,
    "grossProfit": 612000000,
    "grossProfitRatio": 0.3386828998,
    "researchAndDevelopmentExpenses": 0,
    "generalAndAdministrativeExpenses": 0,
    "sellingAndMarketingExpenses": 0,
    "sellingGeneralAndAdministrativeExpenses": 0,
    "otherExpenses": 379000000,
    "operatingExpenses": 379000000,
    "costAndExpenses": 1574000000,
    "interestIncome": 0,
    "interestExpense": 118000000,
    "depreciationAndAmortization": 293000000,
    "ebitda": 624000000,
    "ebitdaratio": 0.345323741,
    "operatingIncome": 233000000,
    "operatingIncomeRatio": 0.1289429994,
    "totalOtherIncomeExpensesNet": -20000000,
    "incomeBeforeTax": 213000000,
    "incomeBeforeTaxRatio": 0.1178749308,
    "incomeTaxExpense": 70000000,
    "netIncome": 143000000,
    "netIncomeRatio": 0.0791366906,
    "eps": 0.33,
    "epsdiluted": 0.33,
    "weightedAverageShsOut": 430000000,
    "weightedAverageShsOutDil": 432000000,
    "link": "https://www.sec.gov/Archives/edgar/data/1130310/000113031014000026/0001130310-14-000026-index.htm",
    "finalLink": "https://www.sec.gov/Archives/edgar/data/1130310/000113031014000026/cnp_10qx9302014.htm"
  },
  {
    "date": "2014-06-30",
    "symbol": "CNP",
    "reportedCurrency": "USD",
    "cik": "0001130310",
    "fillingDate": "2014-08-06",
    "acceptedDate": "2014-08-06 08:18:30",
    "calendarYear": "2014",
    "period": "Q2",
    "revenue": 1884000000,
    "costOfRevenue": 1349000000,
    "grossProfit": 535000000,
    "grossProfitRatio": 0.283970276,
    "researchAndDevelopmentExpenses": 0,
    "generalAndAdministrativeExpenses": 0,
    "sellingAndMarketingExpenses": 0,
    "sellingGeneralAndAdministrativeExpenses": 0,
    "otherExpenses": 349000000,
    "operatingExpenses": 349000000,
    "costAndExpenses": 1698000000,
    "interestIncome": 0,
    "interestExpense": 112000000,
    "depreciationAndAmortization": 256000000,
    "ebitda": 544000000,
    "ebitdaratio": 0.2887473461,
    "operatingIncome": 186000000,
    "operatingIncomeRatio": 0.0987261146,
    "totalOtherIncomeExpensesNet": -17000000,
    "incomeBeforeTax": 169000000,
    "incomeBeforeTaxRatio": 0.0897027601,
    "incomeTaxExpense": 62000000,
    "netIncome": 107000000,
    "netIncomeRatio": 0.0567940552,
    "eps": 0.25,
    "epsdiluted": 0.25,
    "weightedAverageShsOut": 429773000,
    "weightedAverageShsOutDil": 431409000,
    "link": "https://www.sec.gov/Archives/edgar/data/1130310/000113031014000019/0001130310-14-000019-index.htm",
    "finalLink": "https://www.sec.gov/Archives/edgar/data/1130310/000113031014000019/cnp_10qx6302014.htm"
  },
  {
    "date": "2014-03-31",
    "symbol": "CNP",
    "reportedCurrency": "USD",
    "cik": "0001130310",
    "fillingDate": "2014-05-01",
    "acceptedDate": "2014-05-01 08:16:09",
    "calendarYear": "2014",
    "period": "Q1",
    "revenue": 3163000000,
    "costOfRevenue": 2522000000,
    "grossProfit": 641000000,
    "grossProfitRatio": 0.2026557066,
    "researchAndDevelopmentExpenses": 0,
    "generalAndAdministrativeExpenses": 0,
    "sellingAndMarketingExpenses": 0,
    "sellingGeneralAndAdministrativeExpenses": 0,
    "otherExpenses": 346000000,
    "operatingExpenses": 346000000,
    "costAndExpenses": 2868000000,
    "interestIncome": 0,
    "interestExpense": 114000000,
    "depreciationAndAmortization": 235000000,
    "ebitda": 643000000,
    "ebitdaratio": 0.2032880177,
    "operatingIncome": 295000000,
    "operatingIncomeRatio": 0.0932658868,
    "totalOtherIncomeExpensesNet": -1000000,
    "incomeBeforeTax": 294000000,
    "incomeBeforeTaxRatio": 0.0929497313,
    "incomeTaxExpense": 109000000,
    "netIncome": 185000000,
    "netIncomeRatio": 0.0584887765,
    "eps": 0.43,
    "epsdiluted": 0.43,
    "weightedAverageShsOut": 429000000,
    "weightedAverageShsOutDil": 431000000,
    "link": "https://www.sec.gov/Archives/edgar/data/1130310/000113031014000011/0001130310-14-000011-index.htm",
    "finalLink": "https://www.sec.gov/Archives/edgar/data/1130310/000113031014000011/cnp_10qx3312014.htm"
  },
  {
    "date": "2013-12-31",
    "symbol": "CNP",
    "reportedCurrency": "USD",
    "cik": "0001130310",
    "fillingDate": "2014-02-26",
    "acceptedDate": "2014-02-26 08:16:34",
    "calendarYear": "2013",
    "period": "Q4",
    "revenue": 2184000000,
    "costOfRevenue": 1662000000,
    "grossProfit": 522000000,
    "grossProfitRatio": 0.239010989,
    "researchAndDevelopmentExpenses": 0,
    "generalAndAdministrativeExpenses": 0,
    "sellingAndMarketingExpenses": 0,
    "sellingGeneralAndAdministrativeExpenses": 0,
    "otherExpenses": 311000000,
    "operatingExpenses": 311000000,
    "costAndExpenses": 1973000000,
    "interestIncome": 0,
    "interestExpense": 114000000,
    "depreciationAndAmortization": 213000000,
    "ebitda": 502000000,
    "ebitdaratio": 0.2298534799,
    "operatingIncome": 211000000,
    "operatingIncomeRatio": 0.0966117216,
    "totalOtherIncomeExpensesNet": -36000000,
    "incomeBeforeTax": 175000000,
    "incomeBeforeTaxRatio": 0.0801282051,
    "incomeTaxExpense": 62000000,
    "netIncome": 113000000,
    "netIncomeRatio": 0.0517399267,
    "eps": 0,
    "epsdiluted": 0,
    "weightedAverageShsOut": 428000000,
    "weightedAverageShsOutDil": 429000000,
    "link": "https://www.sec.gov/Archives/edgar/data/1130310/000113031014000005/0001130310-14-000005-index.htm",
    "finalLink": "https://www.sec.gov/Archives/edgar/data/1130310/000113031014000005/cnp_10kx12312013.htm"
  },
  {
    "date": "2013-09-30",
    "symbol": "CNP",
    "reportedCurrency": "USD",
    "cik": "0001130310",
    "fillingDate": "2013-11-06",
    "acceptedDate": "2013-11-06 08:15:57",
    "calendarYear": "2013",
    "period": "Q3",
    "revenue": 1640000000,
    "costOfRevenue": 1059000000,
    "grossProfit": 581000000,
    "grossProfitRatio": 0.3542682927,
    "researchAndDevelopmentExpenses": 0,
    "generalAndAdministrativeExpenses": 0,
    "sellingAndMarketingExpenses": 0,
    "sellingGeneralAndAdministrativeExpenses": 0,
    "otherExpenses": 337000000,
    "operatingExpenses": 337000000,
    "costAndExpenses": 1396000000,
    "interestIncome": 0,
    "interestExpense": 112000000,
    "depreciationAndAmortization": 248000000,
    "ebitda": 595000000,
    "ebitdaratio": 0.362804878,
    "operatingIncome": 244000000,
    "operatingIncomeRatio": 0.1487804878,
    "totalOtherIncomeExpensesNet": -15000000,
    "incomeBeforeTax": 229000000,
    "incomeBeforeTaxRatio": 0.1396341463,
    "incomeTaxExpense": 78000000,
    "netIncome": 151000000,
    "netIncomeRatio": 0.0920731707,
    "eps": 0.35,
    "epsdiluted": 0.35,
    "weightedAverageShsOut": 428628000,
    "weightedAverageShsOutDil": 430867000,
    "link": "https://www.sec.gov/Archives/edgar/data/1130310/000113031013000026/0001130310-13-000026-index.htm",
    "finalLink": "https://www.sec.gov/Archives/edgar/data/1130310/000113031013000026/cnp_10qx9302013.htm"
  },
  {
    "date": "2013-06-30",
    "symbol": "CNP",
    "reportedCurrency": "USD",
    "cik": "0001130310",
    "fillingDate": "2013-08-01",
    "acceptedDate": "2013-08-01 08:15:49",
    "calendarYear": "2013",
    "period": "Q2",
    "revenue": 1894000000,
    "costOfRevenue": 1326000000,
    "grossProfit": 568000000,
    "grossProfitRatio": 0.2998944034,
    "researchAndDevelopmentExpenses": 0,
    "generalAndAdministrativeExpenses": 0,
    "sellingAndMarketingExpenses": 0,
    "sellingGeneralAndAdministrativeExpenses": 0,
    "otherExpenses": 345000000,
    "operatingExpenses": 345000000,
    "costAndExpenses": 1671000000,
    "interestIncome": 0,
    "interestExpense": 119000000,
    "depreciationAndAmortization": 253000000,
    "ebitda": 516000000,
    "ebitdaratio": 0.2724392819,
    "operatingIncome": 223000000,
    "operatingIncomeRatio": 0.1177402323,
    "totalOtherIncomeExpensesNet": -79000000,
    "incomeBeforeTax": 144000000,
    "incomeBeforeTaxRatio": 0.0760295671,
    "incomeTaxExpense": 244000000,
    "netIncome": -100000000,
    "netIncomeRatio": -0.0527983105,
    "eps": -0.23,
    "epsdiluted": -0.23,
    "weightedAverageShsOut": 429000000,
    "weightedAverageShsOutDil": 431000000,
    "link": "https://www.sec.gov/Archives/edgar/data/1130310/000113031013000020/0001130310-13-000020-index.htm",
    "finalLink": "https://www.sec.gov/Archives/edgar/data/1130310/000113031013000020/cnp_10qx6302013.htm"
  },
  {
    "date": "2013-03-31",
    "symbol": "CNP",
    "reportedCurrency": "USD",
    "cik": "0001130310",
    "fillingDate": "2013-05-02",
    "acceptedDate": "2013-05-02 08:15:51",
    "calendarYear": "2013",
    "period": "Q1",
    "revenue": 2388000000,
    "costOfRevenue": 1708000000,
    "grossProfit": 680000000,
    "grossProfitRatio": 0.2847571189,
    "researchAndDevelopmentExpenses": 0,
    "generalAndAdministrativeExpenses": 0,
    "sellingAndMarketingExpenses": 0,
    "sellingGeneralAndAdministrativeExpenses": 0,
    "otherExpenses": 348000000,
    "operatingExpenses": 348000000,
    "costAndExpenses": 2056000000,
    "interestIncome": 0,
    "interestExpense": 133000000,
    "depreciationAndAmortization": 240000000,
    "ebitda": 606000000,
    "ebitdaratio": 0.2537688442,
    "operatingIncome": 332000000,
    "operatingIncomeRatio": 0.1390284757,
    "totalOtherIncomeExpensesNet": -99000000,
    "incomeBeforeTax": 233000000,
    "incomeBeforeTaxRatio": 0.0975711893,
    "incomeTaxExpense": 86000000,
    "netIncome": 147000000,
    "netIncomeRatio": 0.0615577889,
    "eps": 0.34,
    "epsdiluted": 0.34,
    "weightedAverageShsOut": 428000000,
    "weightedAverageShsOutDil": 430000000,
    "link": "https://www.sec.gov/Archives/edgar/data/1130310/000113031013000012/0001130310-13-000012-index.htm",
    "finalLink": "https://www.sec.gov/Archives/edgar/data/1130310/000113031013000012/cnp_10qx3312013.htm"
  },
  {
    "date": "2012-12-31",
    "symbol": "CNP",
    "reportedCurrency": "USD",
    "cik": "0001130310",
    "fillingDate": "2013-02-27",
    "acceptedDate": "2013-02-27 08:17:23",
    "calendarYear": "2012",
    "period": "Q4",
    "revenue": 2138000000,
    "costOfRevenue": 2849000000,
    "grossProfit": -711000000,
    "grossProfitRatio": -0.3325537886,
    "researchAndDevelopmentExpenses": 0,
    "generalAndAdministrativeExpenses": 0,
    "sellingAndMarketingExpenses": 0,
    "sellingGeneralAndAdministrativeExpenses": 0,
    "otherExpenses": -1021000000,
    "operatingExpenses": -1021000000,
    "costAndExpenses": 1828000000,
    "interestIncome": 0,
    "interestExpense": 139000000,
    "depreciationAndAmortization": 250000000,
    "ebitda": 599000000,
    "ebitdaratio": 0.2801683817,
    "operatingIncome": 310000000,
    "operatingIncomeRatio": 0.1449953227,
    "totalOtherIncomeExpensesNet": -100000000,
    "incomeBeforeTax": 210000000,
    "incomeBeforeTaxRatio": 0.098222638,
    "incomeTaxExpense": 76000000,
    "netIncome": 134000000,
    "netIncomeRatio": 0.0626753976,
    "eps": 0,
    "epsdiluted": 0,
    "weightedAverageShsOut": 427000000,
    "weightedAverageShsOutDil": 428000000,
    "link": "https://www.sec.gov/Archives/edgar/data/1130310/000113031013000006/0001130310-13-000006-index.htm",
    "finalLink": "https://www.sec.gov/Archives/edgar/data/1130310/000113031013000006/cnp_10kx12312012.htm"
  },
  {
    "date": "2012-09-30",
    "symbol": "CNP",
    "reportedCurrency": "USD",
    "cik": "0001130310",
    "fillingDate": "2012-11-07",
    "acceptedDate": "2012-11-07 08:15:48",
    "calendarYear": "2012",
    "period": "Q3",
    "revenue": 1705000000,
    "costOfRevenue": 978000000,
    "grossProfit": 727000000,
    "grossProfitRatio": 0.4263929619,
    "researchAndDevelopmentExpenses": 0,
    "generalAndAdministrativeExpenses": 0,
    "sellingAndMarketingExpenses": 0,
    "sellingGeneralAndAdministrativeExpenses": 0,
    "otherExpenses": 639000000,
    "operatingExpenses": 639000000,
    "costAndExpenses": 1617000000,
    "interestIncome": 0,
    "interestExpense": 141000000,
    "depreciationAndAmortization": 301000000,
    "ebitda": 570000000,
    "ebitdaratio": 0.3343108504,
    "operatingIncome": 88000000,
    "operatingIncomeRatio": 0.0516129032,
    "totalOtherIncomeExpensesNet": 40000000,
    "incomeBeforeTax": 128000000,
    "incomeBeforeTaxRatio": 0.0750733138,
    "incomeTaxExpense": 118000000,
    "netIncome": 10000000,
    "netIncomeRatio": 0.0058651026,
    "eps": 0.02,
    "epsdiluted": 0.02,
    "weightedAverageShsOut": 427406000,
    "weightedAverageShsOutDil": 429983000,
    "link": "https://www.sec.gov/Archives/edgar/data/1130310/000113031012000033/0001130310-12-000033-index.htm",
    "finalLink": "https://www.sec.gov/Archives/edgar/data/1130310/000113031012000033/cnp_10qx9302012.htm"
  },
  {
    "date": "2012-06-30",
    "symbol": "CNP",
    "reportedCurrency": "USD",
    "cik": "0001130310",
    "fillingDate": "2012-08-02",
    "acceptedDate": "2012-08-02 08:01:39",
    "calendarYear": "2012",
    "period": "Q2",
    "revenue": 1525000000,
    "costOfRevenue": 860000000,
    "grossProfit": 665000000,
    "grossProfitRatio": 0.4360655738,
    "researchAndDevelopmentExpenses": 0,
    "generalAndAdministrativeExpenses": 0,
    "sellingAndMarketingExpenses": 0,
    "sellingGeneralAndAdministrativeExpenses": 0,
    "otherExpenses": 363000000,
    "operatingExpenses": 363000000,
    "costAndExpenses": 1223000000,
    "interestIncome": 0,
    "interestExpense": 142000000,
    "depreciationAndAmortization": 275000000,
    "ebitda": 617000000,
    "ebitdaratio": 0.4045901639,
    "operatingIncome": 302000000,
    "operatingIncomeRatio": 0.1980327869,
    "totalOtherIncomeExpensesNet": -102000000,
    "incomeBeforeTax": 200000000,
    "incomeBeforeTaxRatio": 0.131147541,
    "incomeTaxExpense": 74000000,
    "netIncome": 126000000,
    "netIncomeRatio": 0.0826229508,
    "eps": 0.29,
    "epsdiluted": 0.29,
    "weightedAverageShsOut": 427000000,
    "weightedAverageShsOutDil": 430000000,
    "link": "https://www.sec.gov/Archives/edgar/data/1130310/000113031012000027/0001130310-12-000027-index.htm",
    "finalLink": "https://www.sec.gov/Archives/edgar/data/1130310/000113031012000027/cnp_10qx6302012.htm"
  },
  {
    "date": "2012-03-31",
    "symbol": "CNP",
    "reportedCurrency": "USD",
    "cik": "0001130310",
    "fillingDate": "2012-05-03",
    "acceptedDate": "2012-05-03 08:01:32",
    "calendarYear": "2012",
    "period": "Q1",
    "revenue": 2084000000,
    "costOfRevenue": 1424000000,
    "grossProfit": 660000000,
    "grossProfitRatio": 0.3166986564,
    "researchAndDevelopmentExpenses": 0,
    "generalAndAdministrativeExpenses": 0,
    "sellingAndMarketingExpenses": 0,
    "sellingGeneralAndAdministrativeExpenses": 0,
    "otherExpenses": 322000000,
    "operatingExpenses": 322000000,
    "costAndExpenses": 1746000000,
    "interestIncome": 0,
    "interestExpense": 147000000,
    "depreciationAndAmortization": 224000000,
    "ebitda": 590000000,
    "ebitdaratio": 0.283109405,
    "operatingIncome": 338000000,
    "operatingIncomeRatio": 0.1621880998,
    "totalOtherIncomeExpensesNet": -119000000,
    "incomeBeforeTax": 219000000,
    "incomeBeforeTaxRatio": 0.1050863724,
    "incomeTaxExpense": 72000000,
    "netIncome": 147000000,
    "netIncomeRatio": 0.070537428,
    "eps": 0.34,
    "epsdiluted": 0.34,
    "weightedAverageShsOut": 426000000,
    "weightedAverageShsOutDil": 428000000,
    "link": "https://www.sec.gov/Archives/edgar/data/1130310/000113031012000020/0001130310-12-000020-index.htm",
    "finalLink": "https://www.sec.gov/Archives/edgar/data/1130310/000113031012000020/cnp_10qx3312012.htm"
  },
  {
    "date": "2011-12-31",
    "symbol": "CNP",
    "reportedCurrency": "USD",
    "cik": "0001130310",
    "fillingDate": "2012-02-29",
    "acceptedDate": "2012-02-29 08:02:43",
    "calendarYear": "2011",
    "period": "Q4",
    "revenue": 2145000000,
    "costOfRevenue": 1066000000,
    "grossProfit": 1079000000,
    "grossProfitRatio": 0.503030303,
    "researchAndDevelopmentExpenses": 0,
    "generalAndAdministrativeExpenses": 0,
    "sellingAndMarketingExpenses": 0,
    "sellingGeneralAndAdministrativeExpenses": 0,
    "otherExpenses": 805000000,
    "operatingExpenses": 805000000,
    "costAndExpenses": 1871000000,
    "interestIncome": 0,
    "interestExpense": 146000000,
    "depreciationAndAmortization": 209000000,
    "ebitda": 514000000,
    "ebitdaratio": 0.2396270396,
    "operatingIncome": 274000000,
    "operatingIncomeRatio": 0.1277389277,
    "totalOtherIncomeExpensesNet": -115000000,
    "incomeBeforeTax": 159000000,
    "incomeBeforeTaxRatio": 0.0741258741,
    "incomeTaxExpense": 42000000,
    "netIncome": 117000000,
    "netIncomeRatio": 0.0545454545,
    "eps": 0,
    "epsdiluted": 0,
    "weightedAverageShsOut": 426000000,
    "weightedAverageShsOutDil": 426000000,
    "link": "https://www.sec.gov/Archives/edgar/data/1130310/000113031012000011/0001130310-12-000011-index.htm",
    "finalLink": "https://www.sec.gov/Archives/edgar/data/1130310/000113031012000011/cnp_10kx12312011.htm"
  },
  {
    "date": "2011-09-30",
    "symbol": "CNP",
    "reportedCurrency": "USD",
    "cik": "0001130310",
    "fillingDate": "2011-11-02",
    "acceptedDate": "2011-11-02 08:00:25",
    "calendarYear": "2011",
    "period": "Q3",
    "revenue": 1881000000,
    "costOfRevenue": 735000000,
    "grossProfit": 1146000000,
    "grossProfitRatio": 0.6092503987,
    "researchAndDevelopmentExpenses": 0,
    "generalAndAdministrativeExpenses": 0,
    "sellingAndMarketingExpenses": 0,
    "sellingGeneralAndAdministrativeExpenses": 0,
    "otherExpenses": 789000000,
    "operatingExpenses": 789000000,
    "costAndExpenses": 1524000000,
    "interestIncome": 0,
    "interestExpense": 145000000,
    "depreciationAndAmortization": 253000000,
    "ebitda": 988000000,
    "ebitdaratio": 0.5252525253,
    "operatingIncome": 357000000,
    "operatingIncomeRatio": 0.1897926635,
    "totalOtherIncomeExpensesNet": 233000000,
    "incomeBeforeTax": 590000000,
    "incomeBeforeTaxRatio": 0.3136629452,
    "incomeTaxExpense": 204000000,
    "netIncome": 973000000,
    "netIncomeRatio": 0.5172780436,
    "eps": 2.28,
    "epsdiluted": 2.27,
    "weightedAverageShsOut": 426000000,
    "weightedAverageShsOutDil": 429000000,
    "link": "https://www.sec.gov/Archives/edgar/data/1130310/000113031011000061/0001130310-11-000061-index.htm",
    "finalLink": "https://www.sec.gov/Archives/edgar/data/1130310/000113031011000061/cnp_10qx9302011.htm"
  },
  {
    "date": "2011-06-30",
    "symbol": "CNP",
    "reportedCurrency": "USD",
    "cik": "0001130310",
    "fillingDate": "2011-08-04",
    "acceptedDate": "2011-08-04 08:00:58",
    "calendarYear": "2011",
    "period": "Q2",
    "revenue": 1837000000,
    "costOfRevenue": 778000000,
    "grossProfit": 1059000000,
    "grossProfitRatio": 0.5764833968,
    "researchAndDevelopmentExpenses": 0,
    "generalAndAdministrativeExpenses": 0,
    "sellingAndMarketingExpenses": 0,
    "sellingGeneralAndAdministrativeExpenses": 0,
    "otherExpenses": 756000000,
    "operatingExpenses": 756000000,
    "costAndExpenses": 1534000000,
    "interestIncome": 0,
    "interestExpense": 143000000,
    "depreciationAndAmortization": 223000000,
    "ebitda": 556000000,
    "ebitdaratio": 0.3026673925,
    "operatingIncome": 303000000,
    "operatingIncomeRatio": 0.1649428416,
    "totalOtherIncomeExpensesNet": -113000000,
    "incomeBeforeTax": 190000000,
    "incomeBeforeTaxRatio": 0.1034295046,
    "incomeTaxExpense": 71000000,
    "netIncome": 119000000,
    "netIncomeRatio": 0.0647795318,
    "eps": 0.28,
    "epsdiluted": 0.28,
    "weightedAverageShsOut": 426000000,
    "weightedAverageShsOutDil": 428000000,
    "link": "https://www.sec.gov/Archives/edgar/data/1130310/000113031011000047/0001130310-11-000047-index.htm",
    "finalLink": "https://www.sec.gov/Archives/edgar/data/1130310/000113031011000047/form10-q.htm"
  },
  {
    "date": "2011-03-31",
    "symbol": "CNP",
    "reportedCurrency": "USD",
    "cik": "0001130310",
    "fillingDate": "2011-05-05",
    "acceptedDate": "2011-05-05 08:01:00",
    "calendarYear": "2011",
    "period": "Q1",
    "revenue": 2587000000,
    "costOfRevenue": 1476000000,
    "grossProfit": 1111000000,
    "grossProfitRatio": 0.4294549671,
    "researchAndDevelopmentExpenses": 0,
    "generalAndAdministrativeExpenses": 0,
    "sellingAndMarketingExpenses": 0,
    "sellingGeneralAndAdministrativeExpenses": 0,
    "otherExpenses": 747000000,
    "operatingExpenses": 747000000,
    "costAndExpenses": 2223000000,
    "interestIncome": 0,
    "interestExpense": 149000000,
    "depreciationAndAmortization": 201000000,
    "ebitda": 585000000,
    "ebitdaratio": 0.2261306533,
    "operatingIncome": 364000000,
    "operatingIncomeRatio": 0.1407035176,
    "totalOtherIncomeExpensesNet": -129000000,
    "incomeBeforeTax": 235000000,
    "incomeBeforeTaxRatio": 0.0908388094,
    "incomeTaxExpense": 87000000,
    "netIncome": 148000000,
    "netIncomeRatio": 0.0572091225,
    "eps": 0.35,
    "epsdiluted": 0.35,
    "weightedAverageShsOut": 425000000,
    "weightedAverageShsOutDil": 427000000,
    "link": "https://www.sec.gov/Archives/edgar/data/1130310/000113031011000027/0001130310-11-000027-index.htm",
    "finalLink": "https://www.sec.gov/Archives/edgar/data/1130310/000113031011000027/form10-q.htm"
  },
  {
    "date": "2010-12-31",
    "symbol": "CNP",
    "reportedCurrency": "USD",
    "cik": "0001130310",
    "fillingDate": "2011-03-01",
    "acceptedDate": "2011-03-01 08:00:56",
    "calendarYear": "2010",
    "period": "Q4",
    "revenue": 2098000000,
    "costOfRevenue": 1053000000,
    "grossProfit": 1045000000,
    "grossProfitRatio": 0.4980934223,
    "researchAndDevelopmentExpenses": 0,
    "generalAndAdministrativeExpenses": 0,
    "sellingAndMarketingExpenses": 0,
    "sellingGeneralAndAdministrativeExpenses": 0,
    "otherExpenses": 743000000,
    "operatingExpenses": 743000000,
    "costAndExpenses": 1796000000,
    "interestIncome": 0,
    "interestExpense": 151000000,
    "depreciationAndAmortization": 204000000,
    "ebitda": 519000000,
    "ebitdaratio": 0.2473784557,
    "operatingIncome": 302000000,
    "operatingIncomeRatio": 0.1439466158,
    "totalOtherIncomeExpensesNet": -138000000,
    "incomeBeforeTax": 164000000,
    "incomeBeforeTaxRatio": 0.0781696854,
    "incomeTaxExpense": 40000000,
    "netIncome": 124000000,
    "netIncomeRatio": 0.0591039085,
    "eps": 0,
    "epsdiluted": 0,
    "weightedAverageShsOut": 425000000,
    "weightedAverageShsOutDil": 425000000,
    "link": "https://www.sec.gov/Archives/edgar/data/1130310/000113031011000006/0001130310-11-000006-index.htm",
    "finalLink": "https://www.sec.gov/Archives/edgar/data/1130310/000113031011000006/form10-k.htm"
  },
  {
    "date": "2010-09-30",
    "symbol": "CNP",
    "reportedCurrency": "USD",
    "cik": "0001130310",
    "fillingDate": "2010-10-28",
    "acceptedDate": "2010-10-28 08:00:44",
    "calendarYear": "2010",
    "period": "Q3",
    "revenue": 1908000000,
    "costOfRevenue": 808000000,
    "grossProfit": 1100000000,
    "grossProfitRatio": 0.5765199161,
    "researchAndDevelopmentExpenses": 0,
    "generalAndAdministrativeExpenses": 0,
    "sellingAndMarketingExpenses": 0,
    "sellingGeneralAndAdministrativeExpenses": 0,
    "otherExpenses": 773000000,
    "operatingExpenses": 773000000,
    "costAndExpenses": 1581000000,
    "interestIncome": 0,
    "interestExpense": 155000000,
    "depreciationAndAmortization": 243000000,
    "ebitda": 597000000,
    "ebitdaratio": 0.3128930818,
    "operatingIncome": 327000000,
    "operatingIncomeRatio": 0.1713836478,
    "totalOtherIncomeExpensesNet": -128000000,
    "incomeBeforeTax": 199000000,
    "incomeBeforeTaxRatio": 0.1042976939,
    "incomeTaxExpense": 76000000,
    "netIncome": 123000000,
    "netIncomeRatio": 0.0644654088,
    "eps": 0.29,
    "epsdiluted": 0.29,
    "weightedAverageShsOut": 422178000,
    "weightedAverageShsOutDil": 424968000,
    "link": "https://www.sec.gov/Archives/edgar/data/1130310/000113031010000048/0001130310-10-000048-index.htm",
    "finalLink": "https://www.sec.gov/Archives/edgar/data/1130310/000113031010000048/form10-q.htm"
  },
  {
    "date": "2010-06-30",
    "symbol": "CNP",
    "reportedCurrency": "USD",
    "cik": "0001130310",
    "fillingDate": "2010-08-04",
    "acceptedDate": "2010-08-04 08:00:58",
    "calendarYear": "2010",
    "period": "Q2",
    "revenue": 1756000000,
    "costOfRevenue": 778000000,
    "grossProfit": 978000000,
    "grossProfitRatio": 0.5569476082,
    "researchAndDevelopmentExpenses": 0,
    "generalAndAdministrativeExpenses": 0,
    "sellingAndMarketingExpenses": 0,
    "sellingGeneralAndAdministrativeExpenses": 0,
    "otherExpenses": 715000000,
    "operatingExpenses": 715000000,
    "costAndExpenses": 1493000000,
    "interestIncome": 0,
    "interestExpense": 157000000,
    "depreciationAndAmortization": 217000000,
    "ebitda": 500000000,
    "ebitdaratio": 0.284738041,
    "operatingIncome": 263000000,
    "operatingIncomeRatio": 0.1497722096,
    "totalOtherIncomeExpensesNet": -137000000,
    "incomeBeforeTax": 126000000,
    "incomeBeforeTaxRatio": 0.0717539863,
    "incomeTaxExpense": 45000000,
    "netIncome": 81000000,
    "netIncomeRatio": 0.0461275626,
    "eps": 0.2,
    "epsdiluted": 0.2,
    "weightedAverageShsOut": 399515000,
    "weightedAverageShsOutDil": 401993000,
    "link": "https://www.sec.gov/Archives/edgar/data/1130310/000113031010000036/0001130310-10-000036-index.htm",
    "finalLink": "https://www.sec.gov/Archives/edgar/data/1130310/000113031010000036/form10-q.htm"
  },
  {
    "date": "2010-03-31",
    "symbol": "CNP",
    "reportedCurrency": "USD",
    "cik": "0001130310",
    "fillingDate": "2010-05-05",
    "acceptedDate": "2010-05-05 08:01:15",
    "calendarYear": "2010",
    "period": "Q1",
    "revenue": 3023000000,
    "costOfRevenue": 1935000000,
    "grossProfit": 1088000000,
    "grossProfitRatio": 0.3599073768,
    "researchAndDevelopmentExpenses": 0,
    "generalAndAdministrativeExpenses": 0,
    "sellingAndMarketingExpenses": 0,
    "sellingGeneralAndAdministrativeExpenses": 0,
    "otherExpenses": 731000000,
    "operatingExpenses": 731000000,
    "costAndExpenses": 2666000000,
    "interestIncome": 0,
    "interestExpense": 158000000,
    "depreciationAndAmortization": 200000000,
    "ebitda": 574000000,
    "ebitdaratio": 0.189877605,
    "operatingIncome": 357000000,
    "operatingIncomeRatio": 0.118094608,
    "totalOtherIncomeExpensesNet": -141000000,
    "incomeBeforeTax": 216000000,
    "incomeBeforeTaxRatio": 0.0714521998,
    "incomeTaxExpense": 102000000,
    "netIncome": 114000000,
    "netIncomeRatio": 0.0377108832,
    "eps": 0.29,
    "epsdiluted": 0.29,
    "weightedAverageShsOut": 392855000,
    "weightedAverageShsOutDil": 395078000,
    "link": "https://www.sec.gov/Archives/edgar/data/1130310/000113031010000021/0001130310-10-000021-index.htm",
    "finalLink": "https://www.sec.gov/Archives/edgar/data/1130310/000113031010000021/form10-q.htm"
  },
  {
    "date": "2009-12-31",
    "symbol": "CNP",
    "reportedCurrency": "USD",
    "cik": "0001130310",
    "fillingDate": "2010-02-26",
    "acceptedDate": "2010-02-26 08:01:27",
    "calendarYear": "2009",
    "period": "Q4",
    "revenue": 2299000000,
    "costOfRevenue": 1290000000,
    "grossProfit": 1009000000,
    "grossProfitRatio": 0.4388864724,
    "researchAndDevelopmentExpenses": 0,
    "generalAndAdministrativeExpenses": 0,
    "sellingAndMarketingExpenses": 0,
    "sellingGeneralAndAdministrativeExpenses": 0,
    "otherExpenses": 710000000,
    "operatingExpenses": 710000000,
    "costAndExpenses": 2000000000,
    "interestIncome": 0,
    "interestExpense": 162000000,
    "depreciationAndAmortization": 181000000,
    "ebitda": 495000000,
    "ebitdaratio": 0.2153110048,
    "operatingIncome": 299000000,
    "operatingIncomeRatio": 0.1300565463,
    "totalOtherIncomeExpensesNet": -147000000,
    "incomeBeforeTax": 152000000,
    "incomeBeforeTaxRatio": 0.0661157025,
    "incomeTaxExpense": 47000000,
    "netIncome": 105000000,
    "netIncomeRatio": 0.0456720313,
    "eps": 0,
    "epsdiluted": 0,
    "weightedAverageShsOut": 389000000,
    "weightedAverageShsOutDil": 392855000,
    "link": "https://www.sec.gov/Archives/edgar/data/1130310/000113031010000006/0001130310-10-000006-index.htm",
    "finalLink": "https://www.sec.gov/Archives/edgar/data/1130310/000113031010000006/form10-k.htm"
  },
  {
    "date": "2009-09-30",
    "symbol": "CNP",
    "reportedCurrency": "USD",
    "cik": "0001130310",
    "fillingDate": "2009-10-28",
    "acceptedDate": "2009-10-28 08:00:56",
    "calendarYear": "2009",
    "period": "Q3",
    "revenue": 1576000000,
    "costOfRevenue": 582000000,
    "grossProfit": 994000000,
    "grossProfitRatio": 0.6307106599,
    "researchAndDevelopmentExpenses": 0,
    "generalAndAdministrativeExpenses": 0,
    "sellingAndMarketingExpenses": 0,
    "sellingGeneralAndAdministrativeExpenses": 0,
    "otherExpenses": 707000000,
    "operatingExpenses": 707000000,
    "costAndExpenses": 1289000000,
    "interestIncome": 0,
    "interestExpense": 158000000,
    "depreciationAndAmortization": 188000000,
    "ebitda": 518000000,
    "ebitdaratio": 0.328680203,
    "operatingIncome": 287000000,
    "operatingIncomeRatio": 0.182106599,
    "totalOtherIncomeExpensesNet": -135000000,
    "incomeBeforeTax": 152000000,
    "incomeBeforeTaxRatio": 0.0964467005,
    "incomeTaxExpense": 38000000,
    "netIncome": 114000000,
    "netIncomeRatio": 0.0723350254,
    "eps": 0.31,
    "epsdiluted": 0.31,
    "weightedAverageShsOut": 370000000,
    "weightedAverageShsOutDil": 372000000,
    "link": "https://www.sec.gov/Archives/edgar/data/1130310/000113031009000049/0001130310-09-000049-index.htm",
    "finalLink": "https://www.sec.gov/Archives/edgar/data/1130310/000113031009000049/form10-q.htm"
  },
  {
    "date": "2009-06-30",
    "symbol": "CNP",
    "reportedCurrency": "USD",
    "cik": "0001130310",
    "fillingDate": "2009-08-05",
    "acceptedDate": "2009-08-05 08:01:15",
    "calendarYear": "2009",
    "period": "Q2",
    "revenue": 1640000000,
    "costOfRevenue": 710000000,
    "grossProfit": 930000000,
    "grossProfitRatio": 0.5670731707,
    "researchAndDevelopmentExpenses": 0,
    "generalAndAdministrativeExpenses": 0,
    "sellingAndMarketingExpenses": 0,
    "sellingGeneralAndAdministrativeExpenses": 0,
    "otherExpenses": 677000000,
    "operatingExpenses": 677000000,
    "costAndExpenses": 1387000000,
    "interestIncome": 0,
    "interestExpense": 162000000,
    "depreciationAndAmortization": 208000000,
    "ebitda": 499000000,
    "ebitdaratio": 0.3042682927,
    "operatingIncome": 253000000,
    "operatingIncomeRatio": 0.1542682927,
    "totalOtherIncomeExpensesNet": -124000000,
    "incomeBeforeTax": 129000000,
    "incomeBeforeTaxRatio": 0.0786585366,
    "incomeTaxExpense": 43000000,
    "netIncome": 86000000,
    "netIncomeRatio": 0.0524390244,
    "eps": 0.24,
    "epsdiluted": 0.24,
    "weightedAverageShsOut": 352000000,
    "weightedAverageShsOutDil": 354000000,
    "link": "https://www.sec.gov/Archives/edgar/data/1130310/000113031009000035/0001130310-09-000035-index.htm",
    "finalLink": "https://www.sec.gov/Archives/edgar/data/1130310/000113031009000035/form10-q.htm"
  },
  {
    "date": "2009-03-31",
    "symbol": "CNP",
    "reportedCurrency": "USD",
    "cik": "0001130310",
    "fillingDate": "2009-04-29",
    "acceptedDate": "2009-04-29 07:58:48",
    "calendarYear": "2009",
    "period": "Q1",
    "revenue": 2766000000,
    "costOfRevenue": 1789000000,
    "grossProfit": 977000000,
    "grossProfitRatio": 0.3532176428,
    "researchAndDevelopmentExpenses": 0,
    "generalAndAdministrativeExpenses": 0,
    "sellingAndMarketingExpenses": 0,
    "sellingGeneralAndAdministrativeExpenses": 0,
    "otherExpenses": 692000000,
    "operatingExpenses": 692000000,
    "costAndExpenses": 2481000000,
    "interestIncome": 0,
    "interestExpense": 162000000,
    "depreciationAndAmortization": 166000000,
    "ebitda": 443000000,
    "ebitdaratio": 0.1601590745,
    "operatingIncome": 285000000,
    "operatingIncomeRatio": 0.1030368764,
    "totalOtherIncomeExpensesNet": -170000000,
    "incomeBeforeTax": 115000000,
    "incomeBeforeTaxRatio": 0.0415762834,
    "incomeTaxExpense": 48000000,
    "netIncome": 67000000,
    "netIncomeRatio": 0.0242227043,
    "eps": 0.19,
    "epsdiluted": 0.19,
    "weightedAverageShsOut": 347000000,
    "weightedAverageShsOutDil": 349000000,
    "link": "https://www.sec.gov/Archives/edgar/data/1130310/000113031009000016/0001130310-09-000016-index.htm",
    "finalLink": "https://www.sec.gov/Archives/edgar/data/1130310/000113031009000016/form10-q.htm"
  },
  {
    "date": "2008-12-31",
    "symbol": "CNP",
    "reportedCurrency": "USD",
    "cik": "0001130310",
    "fillingDate": "2009-02-25",
    "acceptedDate": "2009-02-25 08:02:15",
    "calendarYear": "2008",
    "period": "Q4",
    "revenue": 2774000000,
    "costOfRevenue": 1791000000,
    "grossProfit": 983000000,
    "grossProfitRatio": 0.3543619322,
    "researchAndDevelopmentExpenses": 0,
    "generalAndAdministrativeExpenses": 0,
    "sellingAndMarketingExpenses": 0,
    "sellingGeneralAndAdministrativeExpenses": 0,
    "otherExpenses": 680000000,
    "operatingExpenses": 680000000,
    "costAndExpenses": 2471000000,
    "interestIncome": 0,
    "interestExpense": 0,
    "depreciationAndAmortization": 176000000,
    "ebitda": 479000000,
    "ebitdaratio": 0.1726748378,
    "operatingIncome": 303000000,
    "operatingIncomeRatio": 0.1092285508,
    "totalOtherIncomeExpensesNet": -151000000,
    "incomeBeforeTax": 152000000,
    "incomeBeforeTaxRatio": 0.0547945205,
    "incomeTaxExpense": 65000000,
    "netIncome": 87000000,
    "netIncomeRatio": 0.0313626532,
    "eps": 0,
    "epsdiluted": 0,
    "weightedAverageShsOut": 343044000,
    "weightedAverageShsOutDil": 347496000,
    "link": "https://www.sec.gov/Archives/edgar/data/1130310/000113031009000004/0001130310-09-000004-index.htm",
    "finalLink": "https://www.sec.gov/Archives/edgar/data/1130310/000113031009000004/form10_k.htm"
  },
  {
    "date": "2008-09-30",
    "symbol": "CNP",
    "reportedCurrency": "USD",
    "cik": "0001130310",
    "fillingDate": "2008-11-05",
    "acceptedDate": "2008-11-05 08:01:17",
    "calendarYear": "2008",
    "period": "Q3",
    "revenue": 2515000000,
    "costOfRevenue": 1532000000,
    "grossProfit": 983000000,
    "grossProfitRatio": 0.3908548708,
    "researchAndDevelopmentExpenses": 0,
    "generalAndAdministrativeExpenses": 0,
    "sellingAndMarketingExpenses": 0,
    "sellingGeneralAndAdministrativeExpenses": 0,
    "otherExpenses": 646000000,
    "operatingExpenses": 646000000,
    "costAndExpenses": 2178000000,
    "interestIncome": 0,
    "interestExpense": 150000000,
    "depreciationAndAmortization": 194000000,
    "ebitda": 557000000,
    "ebitdaratio": 0.221471173,
    "operatingIncome": 337000000,
    "operatingIncomeRatio": 0.1339960239,
    "totalOtherIncomeExpensesNet": -124000000,
    "incomeBeforeTax": 213000000,
    "incomeBeforeTaxRatio": 0.0846918489,
    "incomeTaxExpense": 77000000,
    "netIncome": 136000000,
    "netIncomeRatio": 0.0540755467,
    "eps": 0.4,
    "epsdiluted": 0.39,
    "weightedAverageShsOut": 342228000,
    "weightedAverageShsOutDil": 344584000,
    "link": "https://www.sec.gov/Archives/edgar/data/1130310/000113031008000023/0001130310-08-000023-index.htm",
    "finalLink": "https://www.sec.gov/Archives/edgar/data/1130310/000113031008000023/form10_q.htm"
  },
  {
    "date": "2008-06-30",
    "symbol": "CNP",
    "reportedCurrency": "USD",
    "cik": "0001130310",
    "fillingDate": "2008-08-06",
    "acceptedDate": "2008-08-06 08:02:03",
    "calendarYear": "2008",
    "period": "Q2",
    "revenue": 2670000000,
    "costOfRevenue": 1750000000,
    "grossProfit": 920000000,
    "grossProfitRatio": 0.3445692884,
    "researchAndDevelopmentExpenses": 0,
    "generalAndAdministrativeExpenses": 0,
    "sellingAndMarketingExpenses": 0,
    "sellingGeneralAndAdministrativeExpenses": 0,
    "otherExpenses": 623000000,
    "operatingExpenses": 623000000,
    "costAndExpenses": 2373000000,
    "interestIncome": 0,
    "interestExpense": 149000000,
    "depreciationAndAmortization": 188000000,
    "ebitda": 499000000,
    "ebitdaratio": 0.1868913858,
    "operatingIncome": 297000000,
    "operatingIncomeRatio": 0.1112359551,
    "totalOtherIncomeExpensesNet": -135000000,
    "incomeBeforeTax": 162000000,
    "incomeBeforeTaxRatio": 0.0606741573,
    "incomeTaxExpense": 61000000,
    "netIncome": 101000000,
    "netIncomeRatio": 0.0378277154,
    "eps": 0.3,
    "epsdiluted": 0.3,
    "weightedAverageShsOut": 331354000,
    "weightedAverageShsOutDil": 342027000,
    "link": "https://www.sec.gov/Archives/edgar/data/1130310/000113031008000007/0001130310-08-000007-index.htm",
    "finalLink": "https://www.sec.gov/Archives/edgar/data/1130310/000113031008000007/form10_q.htm"
  },
  {
    "date": "2008-03-31",
    "symbol": "CNP",
    "reportedCurrency": "USD",
    "cik": "0001130310",
    "fillingDate": "2008-04-30",
    "acceptedDate": "2008-04-30 08:01:36",
    "calendarYear": "2008",
    "period": "Q1",
    "revenue": 3363000000,
    "costOfRevenue": 2393000000,
    "grossProfit": 970000000,
    "grossProfitRatio": 0.2884329468,
    "researchAndDevelopmentExpenses": 0,
    "generalAndAdministrativeExpenses": 0,
    "sellingAndMarketingExpenses": 0,
    "sellingGeneralAndAdministrativeExpenses": 0,
    "otherExpenses": 634000000,
    "operatingExpenses": 634000000,
    "costAndExpenses": 3027000000,
    "interestIncome": 0,
    "interestExpense": 149000000,
    "depreciationAndAmortization": 158000000,
    "ebitda": 503000000,
    "ebitdaratio": 0.1495688373,
    "operatingIncome": 336000000,
    "operatingIncomeRatio": 0.0999107939,
    "totalOtherIncomeExpensesNet": -140000000,
    "incomeBeforeTax": 196000000,
    "incomeBeforeTaxRatio": 0.0582812965,
    "incomeTaxExpense": 74000000,
    "netIncome": 123000000,
    "netIncomeRatio": 0.0365744871,
    "eps": 0.37,
    "epsdiluted": 0.36,
    "weightedAverageShsOut": 327279000,
    "weightedAverageShsOutDil": 327279000,
    "link": "https://www.sec.gov/Archives/edgar/data/1130310/000095013408007892/0000950134-08-007892-index.htm",
    "finalLink": "https://www.sec.gov/Archives/edgar/data/1130310/000095013408007892/h56124e10vq.htm"
  },
  {
    "date": "2007-12-31",
    "symbol": "CNP",
    "reportedCurrency": "USD",
    "cik": "0001130310",
    "fillingDate": "2008-02-28",
    "acceptedDate": "2008-02-28 08:01:13",
    "calendarYear": "2007",
    "period": "Q4",
    "revenue": 2602000000,
    "costOfRevenue": 1646000000,
    "grossProfit": 956000000,
    "grossProfitRatio": 0.3674096849,
    "researchAndDevelopmentExpenses": 0,
    "generalAndAdministrativeExpenses": 0,
    "sellingAndMarketingExpenses": 0,
    "sellingGeneralAndAdministrativeExpenses": 0,
    "otherExpenses": 653000000,
    "operatingExpenses": 653000000,
    "costAndExpenses": 2299000000,
    "interestIncome": 0,
    "interestExpense": 0,
    "depreciationAndAmortization": 177000000,
    "ebitda": 480000000,
    "ebitdaratio": 0.1844734819,
    "operatingIncome": 303000000,
    "operatingIncomeRatio": 0.1164488855,
    "totalOtherIncomeExpensesNet": -154000000,
    "incomeBeforeTax": 149000000,
    "incomeBeforeTaxRatio": 0.0572636434,
    "incomeTaxExpense": 41000000,
    "netIncome": 108000000,
    "netIncomeRatio": 0.0415065334,
    "eps": 0,
    "epsdiluted": 0,
    "weightedAverageShsOut": 322579341,
    "weightedAverageShsOutDil": 323684211,
    "link": "https://www.sec.gov/Archives/edgar/data/1130310/000095013408003670/0000950134-08-003670-index.htm",
    "finalLink": "https://www.sec.gov/Archives/edgar/data/1130310/000095013408003670/h54051e10vk.htm"
  },
  {
    "date": "2007-09-30",
    "symbol": "CNP",
    "reportedCurrency": "USD",
    "cik": "0001130310",
    "fillingDate": "2007-11-02",
    "acceptedDate": "2007-11-02 08:01:03",
    "calendarYear": "2007",
    "period": "Q3",
    "revenue": 1882000000,
    "costOfRevenue": 991000000,
    "grossProfit": 891000000,
    "grossProfitRatio": 0.4734325186,
    "researchAndDevelopmentExpenses": 0,
    "generalAndAdministrativeExpenses": 0,
    "sellingAndMarketingExpenses": 0,
    "sellingGeneralAndAdministrativeExpenses": 0,
    "otherExpenses": 572000000,
    "operatingExpenses": 572000000,
    "costAndExpenses": 1563000000,
    "interestIncome": 0,
    "interestExpense": 0,
    "depreciationAndAmortization": 214000000,
    "ebitda": 533000000,
    "ebitdaratio": 0.2832093518,
    "operatingIncome": 319000000,
    "operatingIncomeRatio": 0.1695005313,
    "totalOtherIncomeExpensesNet": -174000000,
    "incomeBeforeTax": 145000000,
    "incomeBeforeTaxRatio": 0.0770456961,
    "incomeTaxExpense": 54000000,
    "netIncome": 91000000,
    "netIncomeRatio": 0.0483528162,
    "eps": 0.29,
    "epsdiluted": 0.27,
    "weightedAverageShsOut": 313793103,
    "weightedAverageShsOutDil": 337037037,
    "link": "https://www.sec.gov/Archives/edgar/data/1130310/000095013407022624/0000950134-07-022624-index.htm",
    "finalLink": "https://www.sec.gov/Archives/edgar/data/1130310/000095013407022624/h50854e10vq.htm"
  },
  {
    "date": "2007-06-30",
    "symbol": "CNP",
    "reportedCurrency": "USD",
    "cik": "0001130310",
    "fillingDate": "2007-08-02",
    "acceptedDate": "2007-08-02 08:01:01",
    "calendarYear": "2007",
    "period": "Q2",
    "revenue": 2033000000,
    "costOfRevenue": 1208000000,
    "grossProfit": 825000000,
    "grossProfitRatio": 0.4058042302,
    "researchAndDevelopmentExpenses": 0,
    "generalAndAdministrativeExpenses": 0,
    "sellingAndMarketingExpenses": 0,
    "sellingGeneralAndAdministrativeExpenses": 0,
    "otherExpenses": 583000000,
    "operatingExpenses": 583000000,
    "costAndExpenses": 1791000000,
    "interestIncome": 0,
    "interestExpense": 151000000,
    "depreciationAndAmortization": 141000000,
    "ebitda": 402000000,
    "ebitdaratio": 0.197737334,
    "operatingIncome": 242000000,
    "operatingIncomeRatio": 0.1190359075,
    "totalOtherIncomeExpensesNet": -144000000,
    "incomeBeforeTax": 98000000,
    "incomeBeforeTaxRatio": 0.0482046237,
    "incomeTaxExpense": 28000000,
    "netIncome": 70000000,
    "netIncomeRatio": 0.0344318741,
    "eps": 0.22,
    "epsdiluted": 0.2,
    "weightedAverageShsOut": 318181818,
    "weightedAverageShsOutDil": 350000000,
    "link": "https://www.sec.gov/Archives/edgar/data/1130310/000095013407016563/0000950134-07-016563-index.htm",
    "finalLink": "https://www.sec.gov/Archives/edgar/data/1130310/000095013407016563/h48524e10vq.htm"
  },
  {
    "date": "2007-03-31",
    "symbol": "CNP",
    "reportedCurrency": "USD",
    "cik": "0001130310",
    "fillingDate": "2007-05-04",
    "acceptedDate": "2007-05-04 08:01:04",
    "calendarYear": "2007",
    "period": "Q1",
    "revenue": 3106000000,
    "costOfRevenue": 2150000000,
    "grossProfit": 956000000,
    "grossProfitRatio": 0.3077913715,
    "researchAndDevelopmentExpenses": 0,
    "generalAndAdministrativeExpenses": 0,
    "sellingAndMarketingExpenses": 0,
    "sellingGeneralAndAdministrativeExpenses": 0,
    "otherExpenses": 603000000,
    "operatingExpenses": 603000000,
    "costAndExpenses": 2753000000,
    "interestIncome": 0,
    "interestExpense": 0,
    "depreciationAndAmortization": 164000000,
    "ebitda": 517000000,
    "ebitdaratio": 0.1664520283,
    "operatingIncome": 353000000,
    "operatingIncomeRatio": 0.1136509981,
    "totalOtherIncomeExpensesNet": -151000000,
    "incomeBeforeTax": 202000000,
    "incomeBeforeTaxRatio": 0.0650354153,
    "incomeTaxExpense": 72000000,
    "netIncome": 130000000,
    "netIncomeRatio": 0.0418544752,
    "eps": 0.41,
    "epsdiluted": 0.38,
    "weightedAverageShsOut": 317073171,
    "weightedAverageShsOutDil": 342105263,
    "link": "https://www.sec.gov/Archives/edgar/data/1130310/000095013407010192/0000950134-07-010192-index.htm",
    "finalLink": "https://www.sec.gov/Archives/edgar/data/1130310/000095013407010192/h45957e10vq.htm"
  },
  {
    "date": "2006-12-31",
    "symbol": "CNP",
    "reportedCurrency": "USD",
    "cik": "0001130310",
    "fillingDate": "2007-02-28",
    "acceptedDate": "2007-02-28 08:03:27",
    "calendarYear": "2006",
    "period": "Q4",
    "revenue": 2464000000,
    "costOfRevenue": 1623000000,
    "grossProfit": 841000000,
    "grossProfitRatio": 0.3413149351,
    "researchAndDevelopmentExpenses": 0,
    "generalAndAdministrativeExpenses": 0,
    "sellingAndMarketingExpenses": 0,
    "sellingGeneralAndAdministrativeExpenses": 0,
    "otherExpenses": 606000000,
    "operatingExpenses": 606000000,
    "costAndExpenses": 2229000000,
    "interestIncome": 0,
    "interestExpense": 149000000,
    "depreciationAndAmortization": 166000000,
    "ebitda": 401000000,
    "ebitdaratio": 0.1627435065,
    "operatingIncome": 235000000,
    "operatingIncomeRatio": 0.0953733766,
    "totalOtherIncomeExpensesNet": -131000000,
    "incomeBeforeTax": 104000000,
    "incomeBeforeTaxRatio": 0.0422077922,
    "incomeTaxExpense": 37000000,
    "netIncome": 67000000,
    "netIncomeRatio": 0.0271915584,
    "eps": 0,
    "epsdiluted": 0,
    "weightedAverageShsOut": 307268032,
    "weightedAverageShsOutDil": 317073171,
    "link": "https://www.sec.gov/Archives/edgar/data/1130310/000095013407004335/0000950134-07-004335-index.htm",
    "finalLink": "https://www.sec.gov/Archives/edgar/data/1130310/000095013407004335/h43783e10vk.htm"
  },
  {
    "date": "2006-09-30",
    "symbol": "CNP",
    "reportedCurrency": "USD",
    "cik": "0001130310",
    "fillingDate": "2006-11-02",
    "acceptedDate": "2006-11-02 08:05:39",
    "calendarYear": "2006",
    "period": "Q3",
    "revenue": 1935000000,
    "costOfRevenue": 1058000000,
    "grossProfit": 877000000,
    "grossProfitRatio": 0.4532299742,
    "researchAndDevelopmentExpenses": 0,
    "generalAndAdministrativeExpenses": 0,
    "sellingAndMarketingExpenses": 0,
    "sellingGeneralAndAdministrativeExpenses": 0,
    "otherExpenses": 593000000,
    "operatingExpenses": 593000000,
    "costAndExpenses": 1651000000,
    "interestIncome": 0,
    "interestExpense": 0,
    "depreciationAndAmortization": 168000000,
    "ebitda": 452000000,
    "ebitdaratio": 0.2335917313,
    "operatingIncome": 284000000,
    "operatingIncomeRatio": 0.1467700258,
    "totalOtherIncomeExpensesNet": -132000000,
    "incomeBeforeTax": 152000000,
    "incomeBeforeTaxRatio": 0.0785529716,
    "incomeTaxExpense": 69000000,
    "netIncome": 83000000,
    "netIncomeRatio": 0.0428940568,
    "eps": 0.27,
    "epsdiluted": 0.26,
    "weightedAverageShsOut": 307407407,
    "weightedAverageShsOutDil": 319230769,
    "link": "https://www.sec.gov/Archives/edgar/data/1130310/000095013406020259/0000950134-06-020259-index.htm",
    "finalLink": "https://www.sec.gov/Archives/edgar/data/1130310/000095013406020259/h40672e10vq.txt"
  },
  {
    "date": "2006-06-30",
    "symbol": "CNP",
    "reportedCurrency": "USD",
    "cik": "0001130310",
    "fillingDate": "2006-08-03",
    "acceptedDate": "2006-08-03 06:01:07",
    "calendarYear": "2006",
    "period": "Q2",
    "revenue": 1843000000,
    "costOfRevenue": 1035000000,
    "grossProfit": 808000000,
    "grossProfitRatio": 0.4384156267,
    "researchAndDevelopmentExpenses": 0,
    "generalAndAdministrativeExpenses": 0,
    "sellingAndMarketingExpenses": 0,
    "sellingGeneralAndAdministrativeExpenses": 0,
    "otherExpenses": 588000000,
    "operatingExpenses": 588000000,
    "costAndExpenses": 1623000000,
    "interestIncome": 0,
    "interestExpense": 0,
    "depreciationAndAmortization": 167000000,
    "ebitda": 387000000,
    "ebitdaratio": 0.2099837222,
    "operatingIncome": 220000000,
    "operatingIncomeRatio": 0.1193705914,
    "totalOtherIncomeExpensesNet": -142000000,
    "incomeBeforeTax": 78000000,
    "incomeBeforeTaxRatio": 0.0423223006,
    "incomeTaxExpense": -116000000,
    "netIncome": 194000000,
    "netIncomeRatio": 0.1052631579,
    "eps": 0.62,
    "epsdiluted": 0.61,
    "weightedAverageShsOut": 312903226,
    "weightedAverageShsOutDil": 318032787,
    "link": "https://www.sec.gov/Archives/edgar/data/1130310/000095013406014620/0000950134-06-014620-index.htm",
    "finalLink": "https://www.sec.gov/Archives/edgar/data/1130310/000095013406014620/h38172e10vq.txt"
  },
  {
    "date": "2006-03-31",
    "symbol": "CNP",
    "reportedCurrency": "USD",
    "cik": "0001130310",
    "fillingDate": "2006-05-04",
    "acceptedDate": "2006-05-04 08:34:37",
    "calendarYear": "2006",
    "period": "Q1",
    "revenue": 3077000000,
    "costOfRevenue": 2193000000,
    "grossProfit": 884000000,
    "grossProfitRatio": 0.2872928177,
    "researchAndDevelopmentExpenses": 0,
    "generalAndAdministrativeExpenses": 0,
    "sellingAndMarketingExpenses": 0,
    "sellingGeneralAndAdministrativeExpenses": 0,
    "otherExpenses": 578000000,
    "operatingExpenses": 578000000,
    "costAndExpenses": 2771000000,
    "interestIncome": 0,
    "interestExpense": 0,
    "depreciationAndAmortization": 154000000,
    "ebitda": 460000000,
    "ebitdaratio": 0.1494962626,
    "operatingIncome": 306000000,
    "operatingIncomeRatio": 0.0994475138,
    "totalOtherIncomeExpensesNet": -146000000,
    "incomeBeforeTax": 160000000,
    "incomeBeforeTaxRatio": 0.0519987,
    "incomeTaxExpense": 72000000,
    "netIncome": 88000000,
    "netIncomeRatio": 0.028599285,
    "eps": 0.28,
    "epsdiluted": 0.28,
    "weightedAverageShsOut": 314285714,
    "weightedAverageShsOutDil": 314285714,
    "link": "https://www.sec.gov/Archives/edgar/data/1130310/000095012906004889/0000950129-06-004889-index.htm",
    "finalLink": "https://www.sec.gov/Archives/edgar/data/1130310/000095012906004889/h35607e10vq.txt"
  },
  {
    "date": "2005-12-31",
    "symbol": "CNP",
    "reportedCurrency": "USD",
    "cik": "0001130310",
    "fillingDate": "2006-03-16",
    "acceptedDate": "2006-03-16 06:31:20",
    "calendarYear": "2005",
    "period": "Q4",
    "revenue": 2810000000,
    "costOfRevenue": 1946000000,
    "grossProfit": 864000000,
    "grossProfitRatio": 0.3074733096,
    "researchAndDevelopmentExpenses": 0,
    "generalAndAdministrativeExpenses": 0,
    "sellingAndMarketingExpenses": 0,
    "sellingGeneralAndAdministrativeExpenses": 0,
    "otherExpenses": 595000000,
    "operatingExpenses": 595000000,
    "costAndExpenses": 2541000000,
    "interestIncome": 0,
    "interestExpense": 162000000,
    "depreciationAndAmortization": 148000000,
    "ebitda": 417000000,
    "ebitdaratio": 0.1483985765,
    "operatingIncome": 269000000,
    "operatingIncomeRatio": 0.0957295374,
    "totalOtherIncomeExpensesNet": -157000000,
    "incomeBeforeTax": 112000000,
    "incomeBeforeTaxRatio": 0.0398576512,
    "incomeTaxExpense": 31000000,
    "netIncome": 81000000,
    "netIncomeRatio": 0.0288256228,
    "eps": 0,
    "epsdiluted": 0,
    "weightedAverageShsOut": 311717172,
    "weightedAverageShsOutDil": 314285714,
    "link": "https://www.sec.gov/Archives/edgar/data/1130310/000095013406005252/0000950134-06-005252-index.htm",
    "finalLink": "https://www.sec.gov/Archives/edgar/data/1130310/000095013406005252/h33322e10vk.txt"
  },
  {
    "date": "2005-09-30",
    "symbol": "CNP",
    "reportedCurrency": "USD",
    "cik": "0001130310",
    "fillingDate": "2006-01-10",
    "acceptedDate": "2006-01-10 16:53:18",
    "calendarYear": "2005",
    "period": "Q3",
    "revenue": 2073000000,
    "costOfRevenue": 1277000000,
    "grossProfit": 796000000,
    "grossProfitRatio": 0.3839845634,
    "researchAndDevelopmentExpenses": 0,
    "generalAndAdministrativeExpenses": 0,
    "sellingAndMarketingExpenses": 0,
    "sellingGeneralAndAdministrativeExpenses": 0,
    "otherExpenses": 536000000,
    "operatingExpenses": 536000000,
    "costAndExpenses": 1813000000,
    "interestIncome": 0,
    "interestExpense": 0,
    "depreciationAndAmortization": 164000000,
    "ebitda": 424000000,
    "ebitdaratio": 0.2045344911,
    "operatingIncome": 260000000,
    "operatingIncomeRatio": 0.1254220936,
    "totalOtherIncomeExpensesNet": -169000000,
    "incomeBeforeTax": 91000000,
    "incomeBeforeTaxRatio": 0.0438977328,
    "incomeTaxExpense": 41000000,
    "netIncome": 50000000,
    "netIncomeRatio": 0.0241196334,
    "eps": 0.16,
    "epsdiluted": 0.15,
    "weightedAverageShsOut": 312500000,
    "weightedAverageShsOutDil": 333333333,
    "link": "https://www.sec.gov/Archives/edgar/data/1130310/000095012906000178/0000950129-06-000178-index.htm",
    "finalLink": "https://www.sec.gov/Archives/edgar/data/1130310/000095012906000178/h31727ce10vqza.txt"
  },
  {
    "date": "2005-06-30",
    "symbol": "CNP",
    "reportedCurrency": "USD",
    "cik": "0001130310",
    "fillingDate": "2005-08-08",
    "acceptedDate": "2005-08-08 08:15:09",
    "calendarYear": "2005",
    "period": "Q2",
    "revenue": 1842000000,
    "costOfRevenue": 1103000000,
    "grossProfit": 739000000,
    "grossProfitRatio": 0.401194354,
    "researchAndDevelopmentExpenses": 0,
    "generalAndAdministrativeExpenses": 0,
    "sellingAndMarketingExpenses": 0,
    "sellingGeneralAndAdministrativeExpenses": 0,
    "otherExpenses": 518000000,
    "operatingExpenses": 518000000,
    "costAndExpenses": 1621000000,
    "interestIncome": 0,
    "interestExpense": 188729000,
    "depreciationAndAmortization": 156000000,
    "ebitda": 377000000,
    "ebitdaratio": 0.2046688382,
    "operatingIncome": 221000000,
    "operatingIncomeRatio": 0.1199782845,
    "totalOtherIncomeExpensesNet": -176000000,
    "incomeBeforeTax": 45000000,
    "incomeBeforeTaxRatio": 0.0244299674,
    "incomeTaxExpense": 18000000,
    "netIncome": 54423000,
    "netIncomeRatio": 0.0295456026,
    "eps": 0.18,
    "epsdiluted": 0.16,
    "weightedAverageShsOut": 300000000,
    "weightedAverageShsOutDil": 337500000,
    "link": "https://www.sec.gov/Archives/edgar/data/1130310/000095012905007806/0000950129-05-007806-index.htm",
    "finalLink": "https://www.sec.gov/Archives/edgar/data/1130310/000095012905007806/h27513e10vq.txt"
  },
  {
    "date": "2005-03-31",
    "symbol": "CNP",
    "reportedCurrency": "USD",
    "cik": "0001130310",
    "fillingDate": "2005-05-09",
    "acceptedDate": "2005-05-09 17:16:45",
    "calendarYear": "2005",
    "period": "Q1",
    "revenue": 2595000000,
    "costOfRevenue": 1781000000,
    "grossProfit": 814000000,
    "grossProfitRatio": 0.3136801541,
    "researchAndDevelopmentExpenses": 0,
    "generalAndAdministrativeExpenses": 0,
    "sellingAndMarketingExpenses": 0,
    "sellingGeneralAndAdministrativeExpenses": 0,
    "otherExpenses": 504000000,
    "operatingExpenses": 504000000,
    "costAndExpenses": 2285000000,
    "interestIncome": 0,
    "interestExpense": 0,
    "depreciationAndAmortization": 150000000,
    "ebitda": 460000000,
    "ebitdaratio": 0.1772639692,
    "operatingIncome": 310000000,
    "operatingIncomeRatio": 0.119460501,
    "totalOtherIncomeExpensesNet": -180000000,
    "incomeBeforeTax": 130000000,
    "incomeBeforeTaxRatio": 0.0500963391,
    "incomeTaxExpense": 63000000,
    "netIncome": 67088000,
    "netIncomeRatio": 0.0258527938,
    "eps": 0.22,
    "epsdiluted": 0.2,
    "weightedAverageShsOut": 304545455,
    "weightedAverageShsOutDil": 335000000,
    "link": "https://www.sec.gov/Archives/edgar/data/1130310/000095012905004954/0000950129-05-004954-index.htm",
    "finalLink": "https://www.sec.gov/Archives/edgar/data/1130310/000095012905004954/h24796e10vq.txt"
  },
  {
    "date": "2004-12-31",
    "symbol": "CNP",
    "reportedCurrency": "USD",
    "cik": "0001130310",
    "fillingDate": "2005-08-29",
    "acceptedDate": "2005-08-29 16:10:25",
    "calendarYear": "2004",
    "period": "Q4",
    "revenue": 2617549000,
    "costOfRevenue": 1823772000,
    "grossProfit": 793777000,
    "grossProfitRatio": 0.3032520117,
    "researchAndDevelopmentExpenses": 0,
    "generalAndAdministrativeExpenses": 0,
    "sellingAndMarketingExpenses": 0,
    "sellingGeneralAndAdministrativeExpenses": 0,
    "otherExpenses": 336167000,
    "operatingExpenses": 336167000,
    "costAndExpenses": 2159939000,
    "interestIncome": 0,
    "interestExpense": 0,
    "depreciationAndAmortization": 157103000,
    "ebitda": 614713000,
    "ebitdaratio": 0.2348429772,
    "operatingIncome": 457610000,
    "operatingIncomeRatio": 0.1748238524,
    "totalOtherIncomeExpensesNet": -181174000,
    "incomeBeforeTax": 276436000,
    "incomeBeforeTaxRatio": 0.1056087202,
    "incomeTaxExpense": 113525000,
    "netIncome": 100255000,
    "netIncomeRatio": 0.0383010977,
    "eps": 0,
    "epsdiluted": 0,
    "weightedAverageShsOut": 304945455,
    "weightedAverageShsOutDil": 304945455,
    "link": "https://www.sec.gov/Archives/edgar/data/1130310/000095012905008803/0000950129-05-008803-index.htm",
    "finalLink": "https://www.sec.gov/Archives/edgar/data/1130310/000095012905008803/h28398a1e10vkza.txt"
  },
  {
    "date": "2004-09-30",
    "symbol": "CNP",
    "reportedCurrency": "USD",
    "cik": "0001130310",
    "fillingDate": "2004-11-09",
    "acceptedDate": "2004-11-09 08:32:48",
    "calendarYear": "2004",
    "period": "Q3",
    "revenue": 1669000000,
    "costOfRevenue": 928000000,
    "grossProfit": 741000000,
    "grossProfitRatio": 0.4439784302,
    "researchAndDevelopmentExpenses": 0,
    "generalAndAdministrativeExpenses": 0,
    "sellingAndMarketingExpenses": 0,
    "sellingGeneralAndAdministrativeExpenses": 0,
    "otherExpenses": 534000000,
    "operatingExpenses": 534000000,
    "costAndExpenses": 1462000000,
    "interestIncome": 0,
    "interestExpense": 0,
    "depreciationAndAmortization": 145043000,
    "ebitda": 352043000,
    "ebitdaratio": 0.2109304973,
    "operatingIncome": 207000000,
    "operatingIncomeRatio": 0.1240263631,
    "totalOtherIncomeExpensesNet": -188000000,
    "incomeBeforeTax": 19000000,
    "incomeBeforeTaxRatio": 0.0113840623,
    "incomeTaxExpense": 2000000,
    "netIncome": -1136198000,
    "netIncomeRatio": -0.680765728,
    "eps": -3.69,
    "epsdiluted": -3.69,
    "weightedAverageShsOut": 307859079,
    "weightedAverageShsOutDil": 310382514,
    "link": "https://www.sec.gov/Archives/edgar/data/1130310/000095012904008716/0000950129-04-008716-index.htm",
    "finalLink": "https://www.sec.gov/Archives/edgar/data/1130310/000095012904008716/h19775e10vq.txt"
  },
  {
    "date": "2004-06-30",
    "symbol": "CNP",
    "reportedCurrency": "USD",
    "cik": "0001130310",
    "fillingDate": "2004-08-06",
    "acceptedDate": "2004-08-06 10:32:38",
    "calendarYear": "2004",
    "period": "Q2",
    "revenue": 1700382000,
    "costOfRevenue": 1010613000,
    "grossProfit": 689769000,
    "grossProfitRatio": 0.4056553175,
    "researchAndDevelopmentExpenses": 0,
    "generalAndAdministrativeExpenses": 0,
    "sellingAndMarketingExpenses": 0,
    "sellingGeneralAndAdministrativeExpenses": 0,
    "otherExpenses": 506198000,
    "operatingExpenses": 506198000,
    "costAndExpenses": 1516811000,
    "interestIncome": 0,
    "interestExpense": 0,
    "depreciationAndAmortization": 141980000,
    "ebitda": 325551000,
    "ebitdaratio": 0.1914575666,
    "operatingIncome": 183571000,
    "operatingIncomeRatio": 0.1079586822,
    "totalOtherIncomeExpensesNet": -186106000,
    "incomeBeforeTax": -2535000,
    "incomeBeforeTaxRatio": -0.0014908415,
    "incomeTaxExpense": 191000,
    "netIncome": 57652000,
    "netIncomeRatio": 0.0339053225,
    "eps": 0.19,
    "epsdiluted": 0.19,
    "weightedAverageShsOut": 303431579,
    "weightedAverageShsOutDil": 303431579,
    "link": "https://www.sec.gov/Archives/edgar/data/1130310/000095012904005650/0000950129-04-005650-index.htm",
    "finalLink": "https://www.sec.gov/Archives/edgar/data/1130310/000095012904005650/h17233e10vq.txt"
  },
  {
    "date": "2004-03-31",
    "symbol": "CNP",
    "reportedCurrency": "USD",
    "cik": "0001130310",
    "fillingDate": "2004-05-10",
    "acceptedDate": "2004-05-07 18:11:17",
    "calendarYear": "2004",
    "period": "Q1",
    "revenue": 2527818000,
    "costOfRevenue": 1761877000,
    "grossProfit": 765941000,
    "grossProfitRatio": 0.3030048049,
    "researchAndDevelopmentExpenses": 0,
    "generalAndAdministrativeExpenses": 0,
    "sellingAndMarketingExpenses": 0,
    "sellingGeneralAndAdministrativeExpenses": 0,
    "otherExpenses": 526048000,
    "operatingExpenses": 526048000,
    "costAndExpenses": 2287925000,
    "interestIncome": 0,
    "interestExpense": 204426000,
    "depreciationAndAmortization": 137977000,
    "ebitda": 377870000,
    "ebitdaratio": 0.1494846544,
    "operatingIncome": 239893000,
    "operatingIncomeRatio": 0.0949012152,
    "totalOtherIncomeExpensesNet": -188579000,
    "incomeBeforeTax": 51314000,
    "incomeBeforeTaxRatio": 0.0202997209,
    "incomeTaxExpense": 22416000,
    "netIncome": 73587000,
    "netIncomeRatio": 0.0291108774,
    "eps": 0.24,
    "epsdiluted": 0.22,
    "weightedAverageShsOut": 306612500,
    "weightedAverageShsOutDil": 334486364,
    "link": "https://www.sec.gov/Archives/edgar/data/1130310/000095012904002997/0000950129-04-002997-index.htm",
    "finalLink": "https://www.sec.gov/Archives/edgar/data/1130310/000095012904002997/h15096e10vq.txt"
  },
  {
    "date": "2003-12-31",
    "symbol": "CNP",
    "reportedCurrency": "USD",
    "cik": "0001130310",
    "fillingDate": "2004-03-15",
    "acceptedDate": "2004-03-15 06:04:59",
    "calendarYear": "2003",
    "period": "Q4",
    "revenue": 2518838000,
    "costOfRevenue": 1411076000,
    "grossProfit": 1107762000,
    "grossProfitRatio": 0.4397908877,
    "researchAndDevelopmentExpenses": 0,
    "generalAndAdministrativeExpenses": 0,
    "sellingAndMarketingExpenses": 0,
    "sellingGeneralAndAdministrativeExpenses": 0,
    "otherExpenses": 759379000,
    "operatingExpenses": 759379000,
    "costAndExpenses": 2170455000,
    "interestIncome": 0,
    "interestExpense": 229985000,
    "depreciationAndAmortization": 314209000,
    "ebitda": 662592000,
    "ebitdaratio": 0.2630546307,
    "operatingIncome": 348383000,
    "operatingIncomeRatio": 0.138310999,
    "totalOtherIncomeExpensesNet": -256096000,
    "incomeBeforeTax": 92287000,
    "incomeBeforeTaxRatio": 0.0366387199,
    "incomeTaxExpense": 20047000,
    "netIncome": 70287000,
    "netIncomeRatio": 0.0279045338,
    "eps": 0,
    "epsdiluted": 0,
    "weightedAverageShsOut": 304904680,
    "weightedAverageShsOutDil": 306612500,
    "link": "https://www.sec.gov/Archives/edgar/data/1130310/000095012904001267/0000950129-04-001267-index.htm",
    "finalLink": "https://www.sec.gov/Archives/edgar/data/1130310/000095012904001267/h13311e10vk.txt"
  },
  {
    "date": "2003-09-30",
    "symbol": "CNP",
    "reportedCurrency": "USD",
    "cik": "0001130310",
    "fillingDate": "2003-11-12",
    "acceptedDate": "2003-11-12 17:07:56",
    "calendarYear": "2003",
    "period": "Q3",
    "revenue": 1607934000,
    "costOfRevenue": 681888000,
    "grossProfit": 926046000,
    "grossProfitRatio": 0.5759228924,
    "researchAndDevelopmentExpenses": 0,
    "generalAndAdministrativeExpenses": 0,
    "sellingAndMarketingExpenses": 0,
    "sellingGeneralAndAdministrativeExpenses": 0,
    "otherExpenses": 508415000,
    "operatingExpenses": 508415000,
    "costAndExpenses": 1190303000,
    "interestIncome": 0,
    "interestExpense": 236957000,
    "depreciationAndAmortization": 4805000,
    "ebitda": 537103000,
    "ebitdaratio": 0.3340329889,
    "operatingIncome": 417631000,
    "operatingIncomeRatio": 0.2597314318,
    "totalOtherIncomeExpensesNet": -185112000,
    "incomeBeforeTax": 232519000,
    "incomeBeforeTaxRatio": 0.1446073035,
    "incomeTaxExpense": 85544000,
    "netIncome": 181725000,
    "netIncomeRatio": 0.1130176985,
    "eps": 0.6,
    "epsdiluted": 0.59,
    "weightedAverageShsOut": 302875000,
    "weightedAverageShsOutDil": 308008475,
    "link": "https://www.sec.gov/Archives/edgar/data/1130310/000095012903005578/0000950129-03-005578-index.htm",
    "finalLink": "https://www.sec.gov/Archives/edgar/data/1130310/000095012903005578/h10111e10vq.txt"
  },
  {
    "date": "2003-06-30",
    "symbol": "CNP",
    "reportedCurrency": "USD",
    "cik": "0001130310",
    "fillingDate": "2003-08-13",
    "acceptedDate": "2003-08-13 17:03:10",
    "calendarYear": "2003",
    "period": "Q2",
    "revenue": 2090900000,
    "costOfRevenue": 1103831000,
    "grossProfit": 987069000,
    "grossProfitRatio": 0.4720785308,
    "researchAndDevelopmentExpenses": 0,
    "generalAndAdministrativeExpenses": 0,
    "sellingAndMarketingExpenses": 0,
    "sellingGeneralAndAdministrativeExpenses": 0,
    "otherExpenses": 641039000,
    "operatingExpenses": 641039000,
    "costAndExpenses": 1744870000,
    "interestIncome": 0,
    "interestExpense": 0,
    "depreciationAndAmortization": 192486000,
    "ebitda": 538516000,
    "ebitdaratio": 0.2575522502,
    "operatingIncome": 346030000,
    "operatingIncomeRatio": 0.1654933282,
    "totalOtherIncomeExpensesNet": -218727000,
    "incomeBeforeTax": 127303000,
    "incomeBeforeTaxRatio": 0.0608843082,
    "incomeTaxExpense": 44346000,
    "netIncome": 63225000,
    "netIncomeRatio": 0.0302381749,
    "eps": 0.21,
    "epsdiluted": 0.21,
    "weightedAverageShsOut": 301061905,
    "weightedAverageShsOutDil": 301061905,
    "link": "https://www.sec.gov/Archives/edgar/data/1130310/000095012903004181/0000950129-03-004181-index.htm",
    "finalLink": "https://www.sec.gov/Archives/edgar/data/1130310/000095012903004181/h07932e10vq.txt"
  },
  {
    "date": "2003-03-31",
    "symbol": "CNP",
    "reportedCurrency": "USD",
    "cik": "0001130310",
    "fillingDate": "2003-05-12",
    "acceptedDate": "2003-05-12 16:31:50",
    "calendarYear": "2003",
    "period": "Q1",
    "revenue": 2900168000,
    "costOfRevenue": 1871139000,
    "grossProfit": 1029029000,
    "grossProfitRatio": 0.3548170313,
    "researchAndDevelopmentExpenses": 0,
    "generalAndAdministrativeExpenses": 0,
    "sellingAndMarketingExpenses": 0,
    "sellingGeneralAndAdministrativeExpenses": 0,
    "otherExpenses": 668002000,
    "operatingExpenses": 668002000,
    "costAndExpenses": 2539141000,
    "interestIncome": 0,
    "interestExpense": 0,
    "depreciationAndAmortization": 197656000,
    "ebitda": 558683000,
    "ebitdaratio": 0.1926381506,
    "operatingIncome": 361027000,
    "operatingIncomeRatio": 0.1244848574,
    "totalOtherIncomeExpensesNet": -238438000,
    "incomeBeforeTax": 122589000,
    "incomeBeforeTaxRatio": 0.0422696202,
    "incomeTaxExpense": 41109000,
    "netIncome": 168432000,
    "netIncomeRatio": 0.0580766356,
    "eps": 0.56,
    "epsdiluted": 0.56,
    "weightedAverageShsOut": 300771429,
    "weightedAverageShsOutDil": 300771429,
    "link": "https://www.sec.gov/Archives/edgar/data/1130310/000095012903002620/0000950129-03-002620-index.htm",
    "finalLink": "https://www.sec.gov/Archives/edgar/data/1130310/000095012903002620/h05473e10vq.txt"
  },
  {
    "date": "2002-12-31",
    "symbol": "CNP",
    "reportedCurrency": "USD",
    "cik": "0001130310",
    "fillingDate": "2003-03-10",
    "acceptedDate": "2003-03-10 17:21:09",
    "calendarYear": "2002",
    "period": "Q4",
    "revenue": 2116932000,
    "costOfRevenue": 1183336000,
    "grossProfit": 933596000,
    "grossProfitRatio": 0.4410136934,
    "researchAndDevelopmentExpenses": 0,
    "generalAndAdministrativeExpenses": 0,
    "sellingAndMarketingExpenses": 0,
    "sellingGeneralAndAdministrativeExpenses": 0,
    "otherExpenses": 674390000,
    "operatingExpenses": 674390000,
    "costAndExpenses": 1857726000,
    "interestIncome": 0,
    "interestExpense": 0,
    "depreciationAndAmortization": 167824000,
    "ebitda": 427030000,
    "ebitdaratio": 0.2017211701,
    "operatingIncome": 259206000,
    "operatingIncomeRatio": 0.1224441787,
    "totalOtherIncomeExpensesNet": -266493000,
    "incomeBeforeTax": -7287000,
    "incomeBeforeTaxRatio": -0.0034422457,
    "incomeTaxExpense": 681000,
    "netIncome": -62990000,
    "netIncomeRatio": -0.0297553252,
    "eps": 0,
    "epsdiluted": 0,
    "weightedAverageShsOut": 298820486,
    "weightedAverageShsOutDil": 300771429,
    "link": "https://www.sec.gov/Archives/edgar/data/1130310/000095012903001299/0000950129-03-001299-index.htm",
    "finalLink": "https://www.sec.gov/Archives/edgar/data/1130310/000095012903001299/h03755e10vk.txt"
  },
  {
    "date": "2002-09-30",
    "symbol": "CNP",
    "reportedCurrency": "USD",
    "cik": "0001130310",
    "fillingDate": "2002-11-14",
    "acceptedDate": "2002-11-14 19:49:57",
    "calendarYear": "2002",
    "period": "Q3",
    "revenue": 1916787000,
    "costOfRevenue": 845271000,
    "grossProfit": 1071516000,
    "grossProfitRatio": 0.5590167296,
    "researchAndDevelopmentExpenses": 0,
    "generalAndAdministrativeExpenses": 0,
    "sellingAndMarketingExpenses": 0,
    "sellingGeneralAndAdministrativeExpenses": 0,
    "otherExpenses": 640185000,
    "operatingExpenses": 640185000,
    "costAndExpenses": 1485456000,
    "interestIncome": 0,
    "interestExpense": 0,
    "depreciationAndAmortization": 166997000,
    "ebitda": 598328000,
    "ebitdaratio": 0.3121515327,
    "operatingIncome": 431331000,
    "operatingIncomeRatio": 0.225028133,
    "totalOtherIncomeExpensesNet": -176609000,
    "incomeBeforeTax": 254722000,
    "incomeBeforeTaxRatio": 0.1328900916,
    "incomeTaxExpense": 92835000,
    "netIncome": -4124493000,
    "netIncomeRatio": -2.1517742973,
    "eps": -13.8,
    "epsdiluted": -13.8,
    "weightedAverageShsOut": 298794000,
    "weightedAverageShsOutDil": 299629000,
    "link": "https://www.sec.gov/Archives/edgar/data/1130310/000095012902005740/0000950129-02-005740-index.htm",
    "finalLink": "https://www.sec.gov/Archives/edgar/data/1130310/000095012902005740/h00881e10vq.txt"
  },
  {
    "date": "2002-06-30",
    "symbol": "CNP",
    "reportedCurrency": "USD",
    "cik": "0001130310",
    "fillingDate": "2002-08-14",
    "acceptedDate": "2002-08-14 15:15:02",
    "calendarYear": "2002",
    "period": "Q2",
    "revenue": 1798424000,
    "costOfRevenue": 866316000,
    "grossProfit": 932108000,
    "grossProfitRatio": 0.5182915708,
    "researchAndDevelopmentExpenses": 0,
    "generalAndAdministrativeExpenses": 0,
    "sellingAndMarketingExpenses": 0,
    "sellingGeneralAndAdministrativeExpenses": 0,
    "otherExpenses": 642711000,
    "operatingExpenses": 642711000,
    "costAndExpenses": 1509027000,
    "interestIncome": 0,
    "interestExpense": 205239000,
    "depreciationAndAmortization": 157414000,
    "ebitda": 446811000,
    "ebitdaratio": 0.2484458615,
    "operatingIncome": 289397000,
    "operatingIncomeRatio": 0.1609170029,
    "totalOtherIncomeExpensesNet": -157531000,
    "incomeBeforeTax": 131866000,
    "incomeBeforeTaxRatio": 0.0733230873,
    "incomeTaxExpense": 45744000,
    "netIncome": 235645000,
    "netIncomeRatio": 0.1310286117,
    "eps": 0.79,
    "epsdiluted": 0.79,
    "weightedAverageShsOut": 297696000,
    "weightedAverageShsOutDil": 298471000,
    "link": "https://www.sec.gov/Archives/edgar/data/1130310/000095012902004192/0000950129-02-004192-index.htm",
    "finalLink": "https://www.sec.gov/Archives/edgar/data/1130310/000095012902004192/h98679e10vq.txt"
  },
  {
    "date": "2002-03-31",
    "symbol": "CNP",
    "reportedCurrency": "USD",
    "cik": "0001130310",
    "fillingDate": "2002-05-15",
    "acceptedDate": "2002-05-15 16:33:31",
    "calendarYear": "2002",
    "period": "Q1",
    "revenue": 2079137000,
    "costOfRevenue": 1091031000,
    "grossProfit": 988106000,
    "grossProfitRatio": 0.4752481438,
    "researchAndDevelopmentExpenses": 0,
    "generalAndAdministrativeExpenses": 0,
    "sellingAndMarketingExpenses": 0,
    "sellingGeneralAndAdministrativeExpenses": 0,
    "otherExpenses": 637113000,
    "operatingExpenses": 637113000,
    "costAndExpenses": 1728144000,
    "interestIncome": 0,
    "interestExpense": 0,
    "depreciationAndAmortization": 155474000,
    "ebitda": 506467000,
    "ebitdaratio": 0.2435948184,
    "operatingIncome": 350993000,
    "operatingIncomeRatio": 0.1688166773,
    "totalOtherIncomeExpensesNet": -138639000,
    "incomeBeforeTax": 212354000,
    "incomeBeforeTaxRatio": 0.1021356457,
    "incomeTaxExpense": 67718000,
    "netIncome": 225352000,
    "netIncomeRatio": 0.108387278,
    "eps": 0.11,
    "epsdiluted": 0.11,
    "weightedAverageShsOut": 296222000,
    "weightedAverageShsOutDil": 297166000,
    "link": "https://www.sec.gov/Archives/edgar/data/1130310/000095012902002591/0000950129-02-002591-index.htm",
    "finalLink": "https://www.sec.gov/Archives/edgar/data/1130310/000095012902002591/h96681e10-q.txt"
  },
  {
    "date": "2001-12-31",
    "symbol": "CNP",
    "reportedCurrency": "USD",
    "cik": "0001130310",
    "fillingDate": "2002-04-01",
    "acceptedDate": "2002-04-01 00:00:00",
    "calendarYear": "2001",
    "period": "Q4",
    "revenue": 8500174000,
    "costOfRevenue": 7094775000,
    "grossProfit": 1405399000,
    "grossProfitRatio": 0.1653376743,
    "researchAndDevelopmentExpenses": 0,
    "generalAndAdministrativeExpenses": 0,
    "sellingAndMarketingExpenses": 0,
    "sellingGeneralAndAdministrativeExpenses": 0,
    "otherExpenses": 1044240000,
    "operatingExpenses": 1044240000,
    "costAndExpenses": 8139015000,
    "interestIncome": 0,
    "interestExpense": 0,
    "depreciationAndAmortization": 205210000,
    "ebitda": 566369000,
    "ebitdaratio": 0.0666302831,
    "operatingIncome": 361159000,
    "operatingIncomeRatio": 0.0424884244,
    "totalOtherIncomeExpensesNet": -170417000,
    "incomeBeforeTax": 190742000,
    "incomeBeforeTaxRatio": 0.0224397759,
    "incomeTaxExpense": 44065000,
    "netIncome": 153971000,
    "netIncomeRatio": 0.0181138645,
    "eps": 0,
    "epsdiluted": 0,
    "weightedAverageShsOut": 290318000,
    "weightedAverageShsOutDil": 290318000,
    "link": "https://www.sec.gov/Archives/edgar/data/1130310/000095012902001679/0000950129-02-001679-index.htm",
    "finalLink": "https://www.sec.gov/Archives/edgar/data/1130310/000095012902001679/h95548e10-k405.txt"
  },
  {
    "date": "2001-09-30",
    "symbol": "CNP",
    "reportedCurrency": "USD",
    "cik": "0001130310",
    "fillingDate": "2001-09-30",
    "acceptedDate": "2001-09-29 20:00:00",
    "calendarYear": "2001",
    "period": "Q3",
    "revenue": 2300068000,
    "costOfRevenue": 1061907000,
    "grossProfit": 1238161000,
    "grossProfitRatio": 0.5383149542,
    "researchAndDevelopmentExpenses": 0,
    "generalAndAdministrativeExpenses": 0,
    "sellingAndMarketingExpenses": 0,
    "sellingGeneralAndAdministrativeExpenses": 0,
    "otherExpenses": 803375000,
    "operatingExpenses": 803375000,
    "costAndExpenses": 1865282000,
    "interestIncome": 0,
    "interestExpense": 0,
    "depreciationAndAmortization": 108801000,
    "ebitda": 651063000,
    "ebitdaratio": 0.2830625008,
    "operatingIncome": 434786000,
    "operatingIncomeRatio": 0.1890318025,
    "totalOtherIncomeExpensesNet": -153154000,
    "incomeBeforeTax": 281632000,
    "incomeBeforeTaxRatio": 0.1224450755,
    "incomeTaxExpense": 98562000,
    "netIncome": 290300000,
    "netIncomeRatio": 0.1262136598,
    "eps": 1.22,
    "epsdiluted": 1.21,
    "weightedAverageShsOut": 290318000,
    "weightedAverageShsOutDil": 292212000,
    "link": "",
    "finalLink": ""
  },
  {
    "date": "2001-06-30",
    "symbol": "CNP",
    "reportedCurrency": "USD",
    "cik": "0001130310",
    "fillingDate": "2001-06-30",
    "acceptedDate": "2001-06-29 20:00:00",
    "calendarYear": "2001",
    "period": "Q2",
    "revenue": 10292636000,
    "costOfRevenue": 8682840000,
    "grossProfit": 1609796000,
    "grossProfitRatio": 0.1564026941,
    "researchAndDevelopmentExpenses": 0,
    "generalAndAdministrativeExpenses": 0,
    "sellingAndMarketingExpenses": 0,
    "sellingGeneralAndAdministrativeExpenses": 0,
    "otherExpenses": 999326000,
    "operatingExpenses": 999326000,
    "costAndExpenses": 9682166000,
    "interestIncome": 0,
    "interestExpense": 0,
    "depreciationAndAmortization": 227937000,
    "ebitda": 838407000,
    "ebitdaratio": 0.0814569756,
    "operatingIncome": 610470000,
    "operatingIncomeRatio": 0.0593113368,
    "totalOtherIncomeExpensesNet": -111064000,
    "incomeBeforeTax": 499406000,
    "incomeBeforeTaxRatio": 0.0485207094,
    "incomeTaxExpense": 183045000,
    "netIncome": 273694000,
    "netIncomeRatio": 0.0265912445,
    "eps": 1.09,
    "epsdiluted": 1.08,
    "weightedAverageShsOut": 289743000,
    "weightedAverageShsOutDil": 292737000,
    "link": "",
    "finalLink": ""
  },
  {
    "date": "2001-03-31",
    "symbol": "CNP",
    "reportedCurrency": "USD",
    "cik": "0001130310",
    "fillingDate": "2001-03-31",
    "acceptedDate": "2001-03-30 19:00:00",
    "calendarYear": "2001",
    "period": "Q1",
    "revenue": 13284321000,
    "costOfRevenue": 11774762000,
    "grossProfit": 1509559000,
    "grossProfitRatio": 0.1136346374,
    "researchAndDevelopmentExpenses": 0,
    "generalAndAdministrativeExpenses": 0,
    "sellingAndMarketingExpenses": 0,
    "sellingGeneralAndAdministrativeExpenses": 0,
    "otherExpenses": 1049756000,
    "operatingExpenses": 1049756000,
    "costAndExpenses": 12824518000,
    "interestIncome": 0,
    "interestExpense": 0,
    "depreciationAndAmortization": 195054000,
    "ebitda": 654857000,
    "ebitdaratio": 0.0492954815,
    "operatingIncome": 459803000,
    "operatingIncomeRatio": 0.0346124578,
    "totalOtherIncomeExpensesNet": -141431000,
    "incomeBeforeTax": 318372000,
    "incomeBeforeTaxRatio": 0.0239659972,
    "incomeTaxExpense": 110150000,
    "netIncome": 262594000,
    "netIncomeRatio": 0.0197672128,
    "eps": 0.91,
    "epsdiluted": 0.9,
    "weightedAverageShsOut": 287336000,
    "weightedAverageShsOutDil": 290173000,
    "link": "",
    "finalLink": ""
  },
  {
    "date": "2000-12-31",
    "symbol": "CNP",
    "reportedCurrency": "USD",
    "cik": "0001130310",
    "fillingDate": "2000-12-31",
    "acceptedDate": "2000-12-30 19:00:00",
    "calendarYear": "2000",
    "period": "Q4",
    "revenue": 9818068000,
    "costOfRevenue": 8521695000,
    "grossProfit": 1296373000,
    "grossProfitRatio": 0.1320395214,
    "researchAndDevelopmentExpenses": 0,
    "generalAndAdministrativeExpenses": 0,
    "sellingAndMarketingExpenses": 0,
    "sellingGeneralAndAdministrativeExpenses": 0,
    "otherExpenses": 1034823000,
    "operatingExpenses": 1034823000,
    "costAndExpenses": 9556518000,
    "interestIncome": 0,
    "interestExpense": 217661000,
    "depreciationAndAmortization": 193684000,
    "ebitda": 455234000,
    "ebitdaratio": 0.0463669634,
    "operatingIncome": 261550000,
    "operatingIncomeRatio": 0.0266396607,
    "totalOtherIncomeExpensesNet": -241030000,
    "incomeBeforeTax": 20520000,
    "incomeBeforeTaxRatio": 0.0020900242,
    "incomeTaxExpense": -11914000,
    "netIncome": -298647000,
    "netIncomeRatio": -0.0304181026,
    "eps": 0,
    "epsdiluted": 0,
    "weightedAverageShsOut": 285183000,
    "weightedAverageShsOutDil": 285183000,
    "link": "",
    "finalLink": ""
  },
  {
    "date": "2000-09-30",
    "symbol": "CNP",
    "reportedCurrency": "USD",
    "cik": "0001130310",
    "fillingDate": "2000-09-30",
    "acceptedDate": "2000-09-29 20:00:00",
    "calendarYear": "2000",
    "period": "Q3",
    "revenue": 9501786000,
    "costOfRevenue": 7702612000,
    "grossProfit": 1799174000,
    "grossProfitRatio": 0.1893511388,
    "researchAndDevelopmentExpenses": 0,
    "generalAndAdministrativeExpenses": 0,
    "sellingAndMarketingExpenses": 0,
    "sellingGeneralAndAdministrativeExpenses": 0,
    "otherExpenses": 1022916000,
    "operatingExpenses": 1022916000,
    "costAndExpenses": 8725528000,
    "interestIncome": 0,
    "interestExpense": 0,
    "depreciationAndAmortization": 299909000,
    "ebitda": 1076167000,
    "ebitdaratio": 0.1132594441,
    "operatingIncome": 776258000,
    "operatingIncomeRatio": 0.0816960096,
    "totalOtherIncomeExpensesNet": -158684000,
    "incomeBeforeTax": 617574000,
    "incomeBeforeTaxRatio": 0.0649955703,
    "incomeTaxExpense": 221807000,
    "netIncome": 389063000,
    "netIncomeRatio": 0.0409463021,
    "eps": 1.36,
    "epsdiluted": 1.34,
    "weightedAverageShsOut": 285183000,
    "weightedAverageShsOutDil": 289599000,
    "link": "",
    "finalLink": ""
  },
  {
    "date": "2000-06-30",
    "symbol": "CNP",
    "reportedCurrency": "USD",
    "cik": "0001130310",
    "fillingDate": "2000-06-30",
    "acceptedDate": "2000-06-29 20:00:00",
    "calendarYear": "2000",
    "period": "Q2",
    "revenue": 5755169000,
    "costOfRevenue": 4327865000,
    "grossProfit": 1427304000,
    "grossProfitRatio": 0.2480038379,
    "researchAndDevelopmentExpenses": 0,
    "generalAndAdministrativeExpenses": 0,
    "sellingAndMarketingExpenses": 0,
    "sellingGeneralAndAdministrativeExpenses": 0,
    "otherExpenses": 913358000,
    "operatingExpenses": 913358000,
    "costAndExpenses": 5241223000,
    "interestIncome": 0,
    "interestExpense": 0,
    "depreciationAndAmortization": 231234000,
    "ebitda": 748065000,
    "ebitdaratio": 0.1299814132,
    "operatingIncome": 513946000,
    "operatingIncomeRatio": 0.0893016348,
    "totalOtherIncomeExpensesNet": -167393000,
    "incomeBeforeTax": 346553000,
    "incomeBeforeTaxRatio": 0.0602159554,
    "incomeTaxExpense": 110620000,
    "netIncome": 223931000,
    "netIncomeRatio": 0.0389095438,
    "eps": 0.79,
    "epsdiluted": 0.78,
    "weightedAverageShsOut": 284238000,
    "weightedAverageShsOutDil": 286568000,
    "link": "",
    "finalLink": ""
  },
  {
    "date": "2000-03-31",
    "symbol": "CNP",
    "reportedCurrency": "USD",
    "cik": "0001130310",
    "fillingDate": "2000-03-31",
    "acceptedDate": "2000-03-30 19:00:00",
    "calendarYear": "2000",
    "period": "Q1",
    "revenue": 4234103000,
    "costOfRevenue": 3125125000,
    "grossProfit": 1108978000,
    "grossProfitRatio": 0.2619156879,
    "researchAndDevelopmentExpenses": 0,
    "generalAndAdministrativeExpenses": 0,
    "sellingAndMarketingExpenses": 0,
    "sellingGeneralAndAdministrativeExpenses": 0,
    "otherExpenses": -760800000,
    "operatingExpenses": -760800000,
    "costAndExpenses": 2364325000,
    "interestIncome": 0,
    "interestExpense": 0,
    "depreciationAndAmortization": 181501000,
    "ebitda": 2051279000,
    "ebitdaratio": 0.4844660132,
    "operatingIncome": 1869778000,
    "operatingIncomeRatio": 0.4415995549,
    "totalOtherIncomeExpensesNet": -1680689000,
    "incomeBeforeTax": 189089000,
    "incomeBeforeTaxRatio": 0.0446585735,
    "incomeTaxExpense": 55936000,
    "netIncome": 133153000,
    "netIncomeRatio": 0.031447747,
    "eps": 0.47,
    "epsdiluted": 0.47,
    "weightedAverageShsOut": 293420705,
    "weightedAverageShsOutDil": 293420705,
    "link": "",
    "finalLink": ""
  },
  {
    "date": "1999-12-31",
    "symbol": "CNP",
    "reportedCurrency": "USD",
    "cik": "0001130310",
    "fillingDate": "1999-12-31",
    "acceptedDate": "1999-12-30 19:00:00",
    "calendarYear": "1999",
    "period": "Q4",
    "revenue": 4054900000,
    "costOfRevenue": 2938800000,
    "grossProfit": 1116100000,
    "grossProfitRatio": 0.2752472317,
    "researchAndDevelopmentExpenses": 0,
    "generalAndAdministrativeExpenses": 0,
    "sellingAndMarketingExpenses": 0,
    "sellingGeneralAndAdministrativeExpenses": 0,
    "otherExpenses": 848600000,
    "operatingExpenses": 848600000,
    "costAndExpenses": 3787400000,
    "interestIncome": 0,
    "interestExpense": 0,
    "depreciationAndAmortization": 0,
    "ebitda": 473300000,
    "ebitdaratio": 0.1167229771,
    "operatingIncome": 267500000,
    "operatingIncomeRatio": 0.0659695677,
    "totalOtherIncomeExpensesNet": -130200000,
    "incomeBeforeTax": 137300000,
    "incomeBeforeTaxRatio": 0.0338602678,
    "incomeTaxExpense": 26800000,
    "netIncome": 293800000,
    "netIncomeRatio": 0.0724555476,
    "eps": 0,
    "epsdiluted": 0,
    "weightedAverageShsOut": 284251743,
    "weightedAverageShsOutDil": 285472973,
    "link": "",
    "finalLink": ""
  },
  {
    "date": "1999-09-30",
    "symbol": "CNP",
    "reportedCurrency": "USD",
    "cik": "0001130310",
    "fillingDate": "1999-09-30",
    "acceptedDate": "1999-09-29 20:00:00",
    "calendarYear": "1999",
    "period": "Q3",
    "revenue": 4947200000,
    "costOfRevenue": 3626200000,
    "grossProfit": 1321000000,
    "grossProfitRatio": 0.2670197283,
    "researchAndDevelopmentExpenses": 0,
    "generalAndAdministrativeExpenses": 0,
    "sellingAndMarketingExpenses": 0,
    "sellingGeneralAndAdministrativeExpenses": 0,
    "otherExpenses": -1364700000,
    "operatingExpenses": -1364700000,
    "costAndExpenses": 2261500000,
    "interestIncome": 0,
    "interestExpense": 0,
    "depreciationAndAmortization": 288800000,
    "ebitda": 2974500000,
    "ebitdaratio": 0.6012491915,
    "operatingIncome": 2685700000,
    "operatingIncomeRatio": 0.5428727361,
    "totalOtherIncomeExpensesNet": -118200000,
    "incomeBeforeTax": 2567500000,
    "incomeBeforeTaxRatio": 0.5189804334,
    "incomeTaxExpense": 877400000,
    "netIncome": 1690100000,
    "netIncomeRatio": 0.3416275873,
    "eps": 5.92,
    "epsdiluted": 5.9,
    "weightedAverageShsOut": 285472973,
    "weightedAverageShsOutDil": 286440678,
    "link": "",
    "finalLink": ""
  },
  {
    "date": "1999-06-30",
    "symbol": "CNP",
    "reportedCurrency": "USD",
    "cik": "0001130310",
    "fillingDate": "1999-06-30",
    "acceptedDate": "1999-06-29 20:00:00",
    "calendarYear": "1999",
    "period": "Q2",
    "revenue": 3657828000,
    "costOfRevenue": 2545700000,
    "grossProfit": 1112128000,
    "grossProfitRatio": 0.3040405399,
    "researchAndDevelopmentExpenses": 0,
    "generalAndAdministrativeExpenses": 0,
    "sellingAndMarketingExpenses": 0,
    "sellingGeneralAndAdministrativeExpenses": 0,
    "otherExpenses": 857400000,
    "operatingExpenses": 857400000,
    "costAndExpenses": 3403100000,
    "interestIncome": 0,
    "interestExpense": 0,
    "depreciationAndAmortization": 220100000,
    "ebitda": 474828000,
    "ebitdaratio": 0.1298114619,
    "operatingIncome": 254728000,
    "operatingIncomeRatio": 0.069639141,
    "totalOtherIncomeExpensesNet": -128428000,
    "incomeBeforeTax": 126300000,
    "incomeBeforeTaxRatio": 0.0345286875,
    "incomeTaxExpense": 51500000,
    "netIncome": 74800000,
    "netIncomeRatio": 0.020449294,
    "eps": 0.26,
    "epsdiluted": 0.26,
    "weightedAverageShsOut": 287307692,
    "weightedAverageShsOutDil": 287307692,
    "link": "",
    "finalLink": ""
  },
  {
    "date": "1999-03-31",
    "symbol": "CNP",
    "reportedCurrency": "USD",
    "cik": "0001130310",
    "fillingDate": "1999-03-31",
    "acceptedDate": "1999-03-30 19:00:00",
    "calendarYear": "1999",
    "period": "Q1",
    "revenue": 2642900000,
    "costOfRevenue": 1745900000,
    "grossProfit": 897000000,
    "grossProfitRatio": 0.3393999016,
    "researchAndDevelopmentExpenses": 0,
    "generalAndAdministrativeExpenses": 0,
    "sellingAndMarketingExpenses": 0,
    "sellingGeneralAndAdministrativeExpenses": 0,
    "otherExpenses": 1038200000,
    "operatingExpenses": 1038200000,
    "costAndExpenses": 2784100000,
    "interestIncome": 0,
    "interestExpense": 0,
    "depreciationAndAmortization": 196400000,
    "ebitda": 55200000,
    "ebitdaratio": 0.0208861478,
    "operatingIncome": -141200000,
    "operatingIncomeRatio": -0.0534261607,
    "totalOtherIncomeExpensesNet": -125000000,
    "incomeBeforeTax": -266200000,
    "incomeBeforeTaxRatio": -0.100722691,
    "incomeTaxExpense": -56500000,
    "netIncome": -209700000,
    "netIncomeRatio": -0.0793446593,
    "eps": -0.74,
    "epsdiluted": -0.74,
    "weightedAverageShsOut": 283513514,
    "weightedAverageShsOutDil": 283513514,
    "link": "",
    "finalLink": ""
  },
  {
    "date": "1998-12-31",
    "symbol": "CNP",
    "reportedCurrency": "USD",
    "cik": "0001130310",
    "fillingDate": "1998-12-31",
    "acceptedDate": "1998-12-30 19:00:00",
    "calendarYear": "1998",
    "period": "Q4",
    "revenue": 2644200000,
    "costOfRevenue": 1658700000,
    "grossProfit": 985500000,
    "grossProfitRatio": 0.3727025187,
    "researchAndDevelopmentExpenses": 0,
    "generalAndAdministrativeExpenses": 0,
    "sellingAndMarketingExpenses": 0,
    "sellingGeneralAndAdministrativeExpenses": 0,
    "otherExpenses": 1447500000,
    "operatingExpenses": 1447500000,
    "costAndExpenses": 3106200000,
    "interestIncome": 0,
    "interestExpense": 0,
    "depreciationAndAmortization": 0,
    "ebitda": -277500000,
    "ebitdaratio": -0.1049466757,
    "operatingIncome": -462000000,
    "operatingIncomeRatio": -0.1747220331,
    "totalOtherIncomeExpensesNet": -122400000,
    "incomeBeforeTax": -584400000,
    "incomeBeforeTaxRatio": -0.2210120263,
    "incomeTaxExpense": -182900000,
    "netIncome": -401500000,
    "netIncomeRatio": -0.1518417669,
    "eps": 0,
    "epsdiluted": 0,
    "weightedAverageShsOut": 273921217,
    "weightedAverageShsOutDil": 284252874,
    "link": "",
    "finalLink": ""
  },
  {
    "date": "1998-09-30",
    "symbol": "CNP",
    "reportedCurrency": "USD",
    "cik": "0001130310",
    "fillingDate": "1998-09-30",
    "acceptedDate": "1998-09-29 20:00:00",
    "calendarYear": "1998",
    "period": "Q3",
    "revenue": 3465500000,
    "costOfRevenue": 2113200000,
    "grossProfit": 1352300000,
    "grossProfitRatio": 0.3902178618,
    "researchAndDevelopmentExpenses": 0,
    "generalAndAdministrativeExpenses": 0,
    "sellingAndMarketingExpenses": 0,
    "sellingGeneralAndAdministrativeExpenses": 0,
    "otherExpenses": 885500000,
    "operatingExpenses": 885500000,
    "costAndExpenses": 2998700000,
    "interestIncome": 0,
    "interestExpense": 128700000,
    "depreciationAndAmortization": 0,
    "ebitda": 734000000,
    "ebitdaratio": 0.2118020488,
    "operatingIncome": 466800000,
    "operatingIncomeRatio": 0.1346991776,
    "totalOtherIncomeExpensesNet": -108400000,
    "incomeBeforeTax": 358400000,
    "incomeBeforeTaxRatio": 0.10341942,
    "incomeTaxExpense": 106600000,
    "netIncome": 247400000,
    "netIncomeRatio": 0.0713894099,
    "eps": 0.87,
    "epsdiluted": 0.87,
    "weightedAverageShsOut": 289310345,
    "weightedAverageShsOutDil": 289310345,
    "link": "",
    "finalLink": ""
  },
  {
    "date": "1998-06-30",
    "symbol": "CNP",
    "reportedCurrency": "USD",
    "cik": "0001130310",
    "fillingDate": "1998-06-30",
    "acceptedDate": "1998-06-29 20:00:00",
    "calendarYear": "1998",
    "period": "Q2",
    "revenue": 2736700000,
    "costOfRevenue": 1540100000,
    "grossProfit": 1196600000,
    "grossProfitRatio": 0.4372419337,
    "researchAndDevelopmentExpenses": 0,
    "generalAndAdministrativeExpenses": 0,
    "sellingAndMarketingExpenses": 0,
    "sellingGeneralAndAdministrativeExpenses": 0,
    "otherExpenses": 995100000,
    "operatingExpenses": 995100000,
    "costAndExpenses": 2535200000,
    "interestIncome": 0,
    "interestExpense": 0,
    "depreciationAndAmortization": 0,
    "ebitda": 429800000,
    "ebitdaratio": 0.1570504622,
    "operatingIncome": 201500000,
    "operatingIncomeRatio": 0.073628823,
    "totalOtherIncomeExpensesNet": -116600000,
    "incomeBeforeTax": 84900000,
    "incomeBeforeTaxRatio": 0.0310227646,
    "incomeTaxExpense": 43300000,
    "netIncome": 44200000,
    "netIncomeRatio": 0.0161508386,
    "eps": 0.16,
    "epsdiluted": 0.16,
    "weightedAverageShsOut": 259375000,
    "weightedAverageShsOutDil": 259375000,
    "link": "",
    "finalLink": ""
  },
  {
    "date": "1998-03-31",
    "symbol": "CNP",
    "reportedCurrency": "USD",
    "cik": "0001130310",
    "fillingDate": "1998-03-31",
    "acceptedDate": "1998-03-30 19:00:00",
    "calendarYear": "1998",
    "period": "Q1",
    "revenue": 2631400000,
    "costOfRevenue": 1691400000,
    "grossProfit": 940000000,
    "grossProfitRatio": 0.3572242913,
    "researchAndDevelopmentExpenses": 0,
    "generalAndAdministrativeExpenses": 0,
    "sellingAndMarketingExpenses": 0,
    "sellingGeneralAndAdministrativeExpenses": 0,
    "otherExpenses": 846300000,
    "operatingExpenses": 846300000,
    "costAndExpenses": 2537700000,
    "interestIncome": 0,
    "interestExpense": 0,
    "depreciationAndAmortization": 0,
    "ebitda": 276000000,
    "ebitdaratio": 0.1048871323,
    "operatingIncome": 93700000,
    "operatingIncomeRatio": 0.0356084214,
    "totalOtherIncomeExpensesNet": -119400000,
    "incomeBeforeTax": -25700000,
    "incomeBeforeTaxRatio": -0.0097666641,
    "incomeTaxExpense": 4300000,
    "netIncome": -31300000,
    "netIncomeRatio": -0.0118948088,
    "eps": -0.11,
    "epsdiluted": -0.11,
    "weightedAverageShsOut": 273636364,
    "weightedAverageShsOutDil": 273636364,
    "link": "",
    "finalLink": ""
  },
  {
    "date": "1997-12-31",
    "symbol": "CNP",
    "reportedCurrency": "USD",
    "cik": "0001130310",
    "fillingDate": "1997-12-31",
    "acceptedDate": "1997-12-30 19:00:00",
    "calendarYear": "1997",
    "period": "Q4",
    "revenue": 2772300000,
    "costOfRevenue": 1878000000,
    "grossProfit": 894300000,
    "grossProfitRatio": 0.3225841359,
    "researchAndDevelopmentExpenses": 0,
    "generalAndAdministrativeExpenses": 0,
    "sellingAndMarketingExpenses": 0,
    "sellingGeneralAndAdministrativeExpenses": 0,
    "otherExpenses": 761000000,
    "operatingExpenses": 761000000,
    "costAndExpenses": 2639000000,
    "interestIncome": 0,
    "interestExpense": 0,
    "depreciationAndAmortization": 0,
    "ebitda": 344800000,
    "ebitdaratio": 0.1243732641,
    "operatingIncome": 133300000,
    "operatingIncomeRatio": 0.0480828193,
    "totalOtherIncomeExpensesNet": -128000000,
    "incomeBeforeTax": 5300000,
    "incomeBeforeTaxRatio": 0.00191177,
    "incomeTaxExpense": 9200000,
    "netIncome": -3900000,
    "netIncomeRatio": -0.0014067742,
    "eps": 0,
    "epsdiluted": 0,
    "weightedAverageShsOut": 262258065,
    "weightedAverageShsOutDil": 262258065,
    "link": "",
    "finalLink": ""
  },
  {
    "date": "1997-09-30",
    "symbol": "CNP",
    "reportedCurrency": "USD",
    "cik": "0001130310",
    "fillingDate": "1997-09-30",
    "acceptedDate": "1997-09-29 20:00:00",
    "calendarYear": "1997",
    "period": "Q3",
    "revenue": 2158600000,
    "costOfRevenue": 999300000,
    "grossProfit": 1159300000,
    "grossProfitRatio": 0.5370610581,
    "researchAndDevelopmentExpenses": 0,
    "generalAndAdministrativeExpenses": 0,
    "sellingAndMarketingExpenses": 0,
    "sellingGeneralAndAdministrativeExpenses": 0,
    "otherExpenses": 696800000,
    "operatingExpenses": 696800000,
    "costAndExpenses": 1696100000,
    "interestIncome": 0,
    "interestExpense": 0,
    "depreciationAndAmortization": 0,
    "ebitda": 653400000,
    "ebitdaratio": 0.302696192,
    "operatingIncome": 462500000,
    "operatingIncomeRatio": 0.2142592421,
    "totalOtherIncomeExpensesNet": -92400000,
    "incomeBeforeTax": 370100000,
    "incomeBeforeTaxRatio": 0.17145372,
    "incomeTaxExpense": 126200000,
    "netIncome": 244000000,
    "netIncomeRatio": 0.1130362272,
    "eps": 0.93,
    "epsdiluted": 0.93,
    "weightedAverageShsOut": 262150538,
    "weightedAverageShsOutDil": 262150538,
    "link": "",
    "finalLink": ""
  },
  {
    "date": "1997-06-30",
    "symbol": "CNP",
    "reportedCurrency": "USD",
    "cik": "0001130310",
    "fillingDate": "1997-06-30",
    "acceptedDate": "1997-06-29 20:00:00",
    "calendarYear": "1997",
    "period": "Q2",
    "revenue": 1064400000,
    "costOfRevenue": 331900000,
    "grossProfit": 732500000,
    "grossProfitRatio": 0.6881811349,
    "researchAndDevelopmentExpenses": 0,
    "generalAndAdministrativeExpenses": 0,
    "sellingAndMarketingExpenses": 0,
    "sellingGeneralAndAdministrativeExpenses": 0,
    "otherExpenses": 485400000,
    "operatingExpenses": 485400000,
    "costAndExpenses": 817300000,
    "interestIncome": 0,
    "interestExpense": 0,
    "depreciationAndAmortization": 0,
    "ebitda": 387200000,
    "ebitdaratio": 0.3637730177,
    "operatingIncome": 247100000,
    "operatingIncomeRatio": 0.2321495678,
    "totalOtherIncomeExpensesNet": -75000000,
    "incomeBeforeTax": 172100000,
    "incomeBeforeTaxRatio": 0.1616873356,
    "incomeTaxExpense": 50600000,
    "netIncome": 121400000,
    "netIncomeRatio": 0.1140548666,
    "eps": 0.52,
    "epsdiluted": 0.52,
    "weightedAverageShsOut": 233653846,
    "weightedAverageShsOutDil": 233653846,
    "link": "",
    "finalLink": ""
  },
  {
    "date": "1997-03-31",
    "symbol": "CNP",
    "reportedCurrency": "USD",
    "cik": "0001130310",
    "fillingDate": "1997-03-31",
    "acceptedDate": "1997-03-30 19:00:00",
    "calendarYear": "1997",
    "period": "Q1",
    "revenue": 878100000,
    "costOfRevenue": 325000000,
    "grossProfit": 553100000,
    "grossProfitRatio": 0.6298827013,
    "researchAndDevelopmentExpenses": 0,
    "generalAndAdministrativeExpenses": 0,
    "sellingAndMarketingExpenses": 0,
    "sellingGeneralAndAdministrativeExpenses": 0,
    "otherExpenses": 396900000,
    "operatingExpenses": 396900000,
    "costAndExpenses": 721900000,
    "interestIncome": 0,
    "interestExpense": 0,
    "depreciationAndAmortization": 0,
    "ebitda": 293800000,
    "ebitdaratio": 0.334586038,
    "operatingIncome": 156200000,
    "operatingIncomeRatio": 0.1778840679,
    "totalOtherIncomeExpensesNet": -76100000,
    "incomeBeforeTax": 80100000,
    "incomeBeforeTaxRatio": 0.0912196789,
    "incomeTaxExpense": 20500000,
    "netIncome": 59600000,
    "netIncomeRatio": 0.0678738185,
    "eps": 0.26,
    "epsdiluted": 0.26,
    "weightedAverageShsOut": 229230769,
    "weightedAverageShsOutDil": 229230769,
    "link": "",
    "finalLink": ""
  },
  {
    "date": "1996-12-31",
    "symbol": "CNP",
    "reportedCurrency": "USD",
    "cik": "0001130310",
    "fillingDate": "1996-12-31",
    "acceptedDate": "1996-12-30 19:00:00",
    "calendarYear": "1996",
    "period": "Q4",
    "revenue": 911300000,
    "costOfRevenue": 305300000,
    "grossProfit": 606000000,
    "grossProfitRatio": 0.6649840887,
    "researchAndDevelopmentExpenses": 0,
    "generalAndAdministrativeExpenses": 0,
    "sellingAndMarketingExpenses": 0,
    "sellingGeneralAndAdministrativeExpenses": 0,
    "otherExpenses": 474100000,
    "operatingExpenses": 474100000,
    "costAndExpenses": 779400000,
    "interestIncome": 0,
    "interestExpense": 0,
    "depreciationAndAmortization": 0,
    "ebitda": 301800000,
    "ebitdaratio": 0.3311752442,
    "operatingIncome": 131900000,
    "operatingIncomeRatio": 0.144738286,
    "totalOtherIncomeExpensesNet": -86200000,
    "incomeBeforeTax": 45700000,
    "incomeBeforeTaxRatio": 0.05014814,
    "incomeTaxExpense": 9400000,
    "netIncome": 36300000,
    "netIncomeRatio": 0.0398332053,
    "eps": 0,
    "epsdiluted": 0,
    "weightedAverageShsOut": 233515000,
    "weightedAverageShsOutDil": 244897959,
    "link": "",
    "finalLink": ""
  },
  {
    "date": "1996-09-30",
    "symbol": "CNP",
    "reportedCurrency": "USD",
    "cik": "0001130310",
    "fillingDate": "1996-09-30",
    "acceptedDate": "1996-09-29 20:00:00",
    "calendarYear": "1996",
    "period": "Q3",
    "revenue": 1251000000,
    "costOfRevenue": 391300000,
    "grossProfit": 859700000,
    "grossProfitRatio": 0.6872102318,
    "researchAndDevelopmentExpenses": 0,
    "generalAndAdministrativeExpenses": 0,
    "sellingAndMarketingExpenses": 0,
    "sellingGeneralAndAdministrativeExpenses": 0,
    "otherExpenses": 418600000,
    "operatingExpenses": 418600000,
    "costAndExpenses": 809900000,
    "interestIncome": 0,
    "interestExpense": 79700000,
    "depreciationAndAmortization": 0,
    "ebitda": 581300000,
    "ebitdaratio": 0.4646682654,
    "operatingIncome": 441100000,
    "operatingIncomeRatio": 0.3525979217,
    "totalOtherIncomeExpensesNet": -74100000,
    "incomeBeforeTax": 367000000,
    "incomeBeforeTaxRatio": 0.2933653078,
    "incomeTaxExpense": 127000000,
    "netIncome": 240000000,
    "netIncomeRatio": 0.1918465228,
    "eps": 0.98,
    "epsdiluted": 0.98,
    "weightedAverageShsOut": 244897959,
    "weightedAverageShsOutDil": 244897959,
    "link": "",
    "finalLink": ""
  },
  {
    "date": "1996-06-30",
    "symbol": "CNP",
    "reportedCurrency": "USD",
    "cik": "0001130310",
    "fillingDate": "1996-06-30",
    "acceptedDate": "1996-06-29 20:00:00",
    "calendarYear": "1996",
    "period": "Q2",
    "revenue": 1113800000,
    "costOfRevenue": 374800000,
    "grossProfit": 739000000,
    "grossProfitRatio": 0.6634943437,
    "researchAndDevelopmentExpenses": 0,
    "generalAndAdministrativeExpenses": 0,
    "sellingAndMarketingExpenses": 0,
    "sellingGeneralAndAdministrativeExpenses": 0,
    "otherExpenses": 452700000,
    "operatingExpenses": 452700000,
    "costAndExpenses": 827500000,
    "interestIncome": 0,
    "interestExpense": 0,
    "depreciationAndAmortization": 0,
    "ebitda": 423200000,
    "ebitdaratio": 0.3799604956,
    "operatingIncome": 286300000,
    "operatingIncomeRatio": 0.257047944,
    "totalOtherIncomeExpensesNet": -70500000,
    "incomeBeforeTax": 215800000,
    "incomeBeforeTaxRatio": 0.1937511223,
    "incomeTaxExpense": 70500000,
    "netIncome": 145300000,
    "netIncomeRatio": 0.1304543006,
    "eps": 0.58,
    "epsdiluted": 0.58,
    "weightedAverageShsOut": 250517241,
    "weightedAverageShsOutDil": 250517241,
    "link": "",
    "finalLink": ""
  },
  {
    "date": "1996-03-31",
    "symbol": "CNP",
    "reportedCurrency": "USD",
    "cik": "0001130310",
    "fillingDate": "1996-03-31",
    "acceptedDate": "1996-03-30 19:00:00",
    "calendarYear": "1996",
    "period": "Q1",
    "revenue": 823500000,
    "costOfRevenue": 275800000,
    "grossProfit": 547700000,
    "grossProfitRatio": 0.6650880389,
    "researchAndDevelopmentExpenses": 0,
    "generalAndAdministrativeExpenses": 0,
    "sellingAndMarketingExpenses": 0,
    "sellingGeneralAndAdministrativeExpenses": 0,
    "otherExpenses": 505500000,
    "operatingExpenses": 505500000,
    "costAndExpenses": 781300000,
    "interestIncome": 0,
    "interestExpense": 0,
    "depreciationAndAmortization": 0,
    "ebitda": 179100000,
    "ebitdaratio": 0.2174863388,
    "operatingIncome": 42200000,
    "operatingIncomeRatio": 0.0512446873,
    "totalOtherIncomeExpensesNet": -68800000,
    "incomeBeforeTax": -26600000,
    "incomeBeforeTaxRatio": -0.0323011536,
    "incomeTaxExpense": -9900000,
    "netIncome": -16700000,
    "netIncomeRatio": -0.0202792957,
    "eps": -0.07,
    "epsdiluted": -0.07,
    "weightedAverageShsOut": 238571429,
    "weightedAverageShsOutDil": 238571429,
    "link": "",
    "finalLink": ""
  },
  {
    "date": "1995-12-31",
    "symbol": "CNP",
    "reportedCurrency": "USD",
    "cik": "0001130310",
    "fillingDate": "1995-12-31",
    "acceptedDate": "1995-12-30 19:00:00",
    "calendarYear": "1995",
    "period": "Q4",
    "revenue": 834000000,
    "costOfRevenue": 254800000,
    "grossProfit": 579200000,
    "grossProfitRatio": 0.6944844125,
    "researchAndDevelopmentExpenses": 0,
    "generalAndAdministrativeExpenses": 0,
    "sellingAndMarketingExpenses": 0,
    "sellingGeneralAndAdministrativeExpenses": 0,
    "otherExpenses": 526100000,
    "operatingExpenses": 526100000,
    "costAndExpenses": 780900000,
    "interestIncome": 0,
    "interestExpense": 0,
    "depreciationAndAmortization": 0,
    "ebitda": 194100000,
    "ebitdaratio": 0.2327338129,
    "operatingIncome": 53100000,
    "operatingIncomeRatio": 0.0636690647,
    "totalOtherIncomeExpensesNet": -43100000,
    "incomeBeforeTax": 10000000,
    "incomeBeforeTaxRatio": 0.0119904077,
    "incomeTaxExpense": 5600000,
    "netIncome": 3800000,
    "netIncomeRatio": 0.0045563549,
    "eps": 0,
    "epsdiluted": 0,
    "weightedAverageShsOut": 247536232,
    "weightedAverageShsOutDil": 247536232,
    "link": "",
    "finalLink": ""
  },
  {
    "date": "1995-09-30",
    "symbol": "CNP",
    "reportedCurrency": "USD",
    "cik": "0001130310",
    "fillingDate": "1995-09-30",
    "acceptedDate": "1995-09-29 20:00:00",
    "calendarYear": "1995",
    "period": "Q3",
    "revenue": 1184900000,
    "costOfRevenue": 319300000,
    "grossProfit": 865600000,
    "grossProfitRatio": 0.7305257828,
    "researchAndDevelopmentExpenses": 0,
    "generalAndAdministrativeExpenses": 0,
    "sellingAndMarketingExpenses": 0,
    "sellingGeneralAndAdministrativeExpenses": 0,
    "otherExpenses": 443800000,
    "operatingExpenses": 443800000,
    "costAndExpenses": 763100000,
    "interestIncome": 0,
    "interestExpense": 0,
    "depreciationAndAmortization": 0,
    "ebitda": 557000000,
    "ebitdaratio": 0.4700818634,
    "operatingIncome": 421800000,
    "operatingIncomeRatio": 0.3559794075,
    "totalOtherIncomeExpensesNet": -68100000,
    "incomeBeforeTax": 353700000,
    "incomeBeforeTaxRatio": 0.2985062031,
    "incomeTaxExpense": 117800000,
    "netIncome": 854000000,
    "netIncomeRatio": 0.7207359271,
    "eps": 3.45,
    "epsdiluted": 3.45,
    "weightedAverageShsOut": 247536232,
    "weightedAverageShsOutDil": 247536232,
    "link": "",
    "finalLink": ""
  }
]