[
  {
    "date": "2024-12-31",
    "symbol": "CNP",
    "reportedCurrency": "USD",
    "cik": "0001130310",
    "fillingDate": "2025-02-20",
    "acceptedDate": "2025-02-20 06:05:52",
    "calendarYear": "2024",
    "period": "FY",
    "revenue": 8643000000,
    "costOfRevenue": 4667000000,
    "grossProfit": 3976000000,
    "grossProfitRatio": 0.4600254541,
    "researchAndDevelopmentExpenses": 0,
    "generalAndAdministrativeExpenses": 0,
    "sellingAndMarketingExpenses": 0,
    "sellingGeneralAndAdministrativeExpenses": 0,
    "otherExpenses": 1986000000,
    "operatingExpenses": 1986000000,
    "costAndExpenses": 6653000000,
    "interestIncome": 0,
    "interestExpense": 838000000,
    "depreciationAndAmortization": 1439000000,
    "ebitda": 3491000000,
    "ebitdaratio": 0.4039106792,
    "operatingIncome": 1990000000,
    "operatingIncomeRatio": 0.2302441282,
    "totalOtherIncomeExpensesNet": -776000000,
    "incomeBeforeTax": 1214000000,
    "incomeBeforeTaxRatio": 0.1404604883,
    "incomeTaxExpense": 195000000,
    "netIncome": 1019000000,
    "netIncomeRatio": 0.1178988777,
    "eps": 1.58,
    "epsdiluted": 1.58,
    "weightedAverageShsOut": 643163000,
    "weightedAverageShsOutDil": 644137000,
    "link": "https://www.sec.gov/Archives/edgar/data/1130310/000113031025000040/0001130310-25-000040-index.htm",
    "finalLink": "https://www.sec.gov/Archives/edgar/data/48732/000113031025000040/cnp-20241231.htm"
  },
  {
    "date": "2023-12-31",
    "symbol": "CNP",
    "reportedCurrency": "USD",
    "cik": "0001130310",
    "fillingDate": "2024-02-20",
    "acceptedDate": "2024-02-20 06:34:49",
    "calendarYear": "2023",
    "period": "FY",
    "revenue": 8696000000,
    "costOfRevenue": 5010000000,
    "grossProfit": 3686000000,
    "grossProfitRatio": 0.4238730451,
    "researchAndDevelopmentExpenses": 0,
    "generalAndAdministrativeExpenses": 0,
    "sellingAndMarketingExpenses": 0,
    "sellingGeneralAndAdministrativeExpenses": 0,
    "otherExpenses": 1926000000,
    "operatingExpenses": 1926000000,
    "costAndExpenses": 6936000000,
    "interestIncome": 0,
    "interestExpense": 701000000,
    "depreciationAndAmortization": 1401000000,
    "ebitda": 3189000000,
    "ebitdaratio": 0.3667203312,
    "operatingIncome": 1760000000,
    "operatingIncomeRatio": 0.2023919043,
    "totalOtherIncomeExpensesNet": -673000000,
    "incomeBeforeTax": 1087000000,
    "incomeBeforeTaxRatio": 0.125,
    "incomeTaxExpense": 170000000,
    "netIncome": 917000000,
    "netIncomeRatio": 0.105450782,
    "eps": 1.37,
    "epsdiluted": 1.37,
    "weightedAverageShsOut": 631000000,
    "weightedAverageShsOutDil": 633179000,
    "link": "https://www.sec.gov/Archives/edgar/data/1130310/000113031024000010/0001130310-24-000010-index.htm",
    "finalLink": "https://www.sec.gov/Archives/edgar/data/48732/000113031024000010/cnp-20231231.htm"
  },
  {
    "date": "2022-12-31",
    "symbol": "CNP",
    "reportedCurrency": "USD",
    "cik": "0001130310",
    "fillingDate": "2023-02-17",
    "acceptedDate": "2023-02-17 06:17:48",
    "calendarYear": "2022",
    "period": "FY",
    "revenue": 9321000000,
    "costOfRevenue": 5924000000,
    "grossProfit": 3397000000,
    "grossProfitRatio": 0.3644458749,
    "researchAndDevelopmentExpenses": 0,
    "generalAndAdministrativeExpenses": 0,
    "sellingAndMarketingExpenses": 0,
    "sellingGeneralAndAdministrativeExpenses": 0,
    "otherExpenses": 1831000000,
    "operatingExpenses": 1831000000,
    "costAndExpenses": 7755000000,
    "interestIncome": 0,
    "interestExpense": 524000000,
    "depreciationAndAmortization": 1288000000,
    "ebitda": 3229000000,
    "ebitdaratio": 0.3464220577,
    "operatingIncome": 1566000000,
    "operatingIncomeRatio": 0.1680077245,
    "totalOtherIncomeExpensesNet": -149000000,
    "incomeBeforeTax": 1417000000,
    "incomeBeforeTaxRatio": 0.1520223152,
    "incomeTaxExpense": 360000000,
    "netIncome": 1057000000,
    "netIncomeRatio": 0.1133998498,
    "eps": 1.6,
    "epsdiluted": 1.59,
    "weightedAverageShsOut": 629415000,
    "weightedAverageShsOutDil": 632346000,
    "link": "https://www.sec.gov/Archives/edgar/data/1130310/000113031023000013/0001130310-23-000013-index.htm",
    "finalLink": "https://www.sec.gov/Archives/edgar/data/48732/000113031023000013/cnp-20221231.htm"
  },
  {
    "date": "2021-12-31",
    "symbol": "CNP",
    "reportedCurrency": "USD",
    "cik": "0001130310",
    "fillingDate": "2022-02-22",
    "acceptedDate": "2022-02-22 06:21:12",
    "calendarYear": "2021",
    "period": "FY",
    "revenue": 8352000000,
    "costOfRevenue": 5145000000,
    "grossProfit": 3207000000,
    "grossProfitRatio": 0.3839798851,
    "researchAndDevelopmentExpenses": 0,
    "generalAndAdministrativeExpenses": 0,
    "sellingAndMarketingExpenses": 0,
    "sellingGeneralAndAdministrativeExpenses": 0,
    "otherExpenses": 1844000000,
    "operatingExpenses": 1844000000,
    "costAndExpenses": 6989000000,
    "interestIncome": 0,
    "interestExpense": 529000000,
    "depreciationAndAmortization": 1316000000,
    "ebitda": 2623000000,
    "ebitdaratio": 0.3140565134,
    "operatingIncome": 1363000000,
    "operatingIncomeRatio": 0.1631944444,
    "totalOtherIncomeExpensesNet": -585000000,
    "incomeBeforeTax": 778000000,
    "incomeBeforeTaxRatio": 0.093151341,
    "incomeTaxExpense": 110000000,
    "netIncome": 1486000000,
    "netIncomeRatio": 0.1779214559,
    "eps": 2.35,
    "epsdiluted": 2.28,
    "weightedAverageShsOut": 592933000,
    "weightedAverageShsOutDil": 609938000,
    "link": "https://www.sec.gov/Archives/edgar/data/1130310/000113031022000023/0001130310-22-000023-index.htm",
    "finalLink": "https://www.sec.gov/Archives/edgar/data/48732/000113031022000023/cnp-20211231.htm"
  },
  {
    "date": "2020-12-31",
    "symbol": "CNP",
    "reportedCurrency": "USD",
    "cik": "0001130310",
    "fillingDate": "2021-02-25",
    "acceptedDate": "2021-02-25 06:17:51",
    "calendarYear": "2020",
    "period": "FY",
    "revenue": 7418000000,
    "costOfRevenue": 4489000000,
    "grossProfit": 2929000000,
    "grossProfitRatio": 0.394850364,
    "researchAndDevelopmentExpenses": 0,
    "generalAndAdministrativeExpenses": 0,
    "sellingAndMarketingExpenses": 0,
    "sellingGeneralAndAdministrativeExpenses": 0,
    "otherExpenses": 1890000000,
    "operatingExpenses": 1890000000,
    "costAndExpenses": 6379000000,
    "interestIncome": 0,
    "interestExpense": 529000000,
    "depreciationAndAmortization": 1189000000,
    "ebitda": 2281000000,
    "ebitdaratio": 0.3074952817,
    "operatingIncome": 1039000000,
    "operatingIncomeRatio": 0.1400647075,
    "totalOtherIncomeExpensesNet": -476000000,
    "incomeBeforeTax": 563000000,
    "incomeBeforeTaxRatio": 0.0758964681,
    "incomeTaxExpense": 80000000,
    "netIncome": -773000000,
    "netIncomeRatio": -0.1042059854,
    "eps": -1.79,
    "epsdiluted": -1.79,
    "weightedAverageShsOut": 531030999,
    "weightedAverageShsOutDil": 531030999,
    "link": "https://www.sec.gov/Archives/edgar/data/1130310/000113031021000009/0001130310-21-000009-index.htm",
    "finalLink": "https://www.sec.gov/Archives/edgar/data/48732/000113031021000009/cnp-20201231.htm"
  },
  {
    "date": "2019-12-31",
    "symbol": "CNP",
    "reportedCurrency": "USD",
    "cik": "0001130310",
    "fillingDate": "2020-02-27",
    "acceptedDate": "2020-02-27 06:29:09",
    "calendarYear": "2019",
    "period": "FY",
    "revenue": 7564000000,
    "costOfRevenue": 4794000000,
    "grossProfit": 2770000000,
    "grossProfitRatio": 0.3662083554,
    "researchAndDevelopmentExpenses": 0,
    "generalAndAdministrativeExpenses": 0,
    "sellingAndMarketingExpenses": 0,
    "sellingGeneralAndAdministrativeExpenses": 0,
    "otherExpenses": 1699000000,
    "operatingExpenses": 1699000000,
    "costAndExpenses": 6493000000,
    "interestIncome": 0,
    "interestExpense": 567000000,
    "depreciationAndAmortization": 1225000000,
    "ebitda": 2337000000,
    "ebitdaratio": 0.3089635114,
    "operatingIncome": 1071000000,
    "operatingIncomeRatio": 0.1415917504,
    "totalOtherIncomeExpensesNet": -526000000,
    "incomeBeforeTax": 545000000,
    "incomeBeforeTaxRatio": 0.0720518244,
    "incomeTaxExpense": 30000000,
    "netIncome": 791000000,
    "netIncomeRatio": 0.1045742993,
    "eps": 1.34,
    "epsdiluted": 1.33,
    "weightedAverageShsOut": 502050000,
    "weightedAverageShsOutDil": 505157000,
    "link": "https://www.sec.gov/Archives/edgar/data/1130310/000113031020000016/0001130310-20-000016-index.htm",
    "finalLink": "https://www.sec.gov/Archives/edgar/data/48732/000113031020000016/cnp10k12312019.htm"
  },
  {
    "date": "2018-12-31",
    "symbol": "CNP",
    "reportedCurrency": "USD",
    "cik": "0001130310",
    "fillingDate": "2019-02-28",
    "acceptedDate": "2019-02-28 06:29:10",
    "calendarYear": "2018",
    "period": "FY",
    "revenue": 6277000000,
    "costOfRevenue": 3775000000,
    "grossProfit": 2502000000,
    "grossProfitRatio": 0.3985980564,
    "researchAndDevelopmentExpenses": 0,
    "generalAndAdministrativeExpenses": 0,
    "sellingAndMarketingExpenses": 0,
    "sellingGeneralAndAdministrativeExpenses": 0,
    "otherExpenses": 1634000000,
    "operatingExpenses": 1634000000,
    "costAndExpenses": 5409000000,
    "interestIncome": 28000000,
    "interestExpense": 420000000,
    "depreciationAndAmortization": 1243000000,
    "ebitda": 2214000000,
    "ebitdaratio": 0.3527162657,
    "operatingIncome": 868000000,
    "operatingIncomeRatio": 0.1382826191,
    "totalOtherIncomeExpensesNet": -317000000,
    "incomeBeforeTax": 551000000,
    "incomeBeforeTaxRatio": 0.087780787,
    "incomeTaxExpense": 155000000,
    "netIncome": 368000000,
    "netIncomeRatio": 0.0586267325,
    "eps": 0.74,
    "epsdiluted": 0.74,
    "weightedAverageShsOut": 448829000,
    "weightedAverageShsOutDil": 452465000,
    "link": "https://www.sec.gov/Archives/edgar/data/1130310/000113031019000016/0001130310-19-000016-index.htm",
    "finalLink": "https://www.sec.gov/Archives/edgar/data/48732/000113031019000016/cnp_10kx12312018.htm"
  },
  {
    "date": "2017-12-31",
    "symbol": "CNP",
    "reportedCurrency": "USD",
    "cik": "0001130310",
    "fillingDate": "2018-02-22",
    "acceptedDate": "2018-02-22 06:24:04",
    "calendarYear": "2017",
    "period": "FY",
    "revenue": 9614000000,
    "costOfRevenue": 7051000000,
    "grossProfit": 2563000000,
    "grossProfitRatio": 0.266590389,
    "researchAndDevelopmentExpenses": 0,
    "generalAndAdministrativeExpenses": 0,
    "sellingAndMarketingExpenses": 0,
    "sellingGeneralAndAdministrativeExpenses": 0,
    "otherExpenses": 1427000000,
    "operatingExpenses": 1427000000,
    "costAndExpenses": 8478000000,
    "interestIncome": 0,
    "interestExpense": 390000000,
    "depreciationAndAmortization": 1036000000,
    "ebitda": 2489000000,
    "ebitdaratio": 0.2588932806,
    "operatingIncome": 1136000000,
    "operatingIncomeRatio": 0.1181610152,
    "totalOtherIncomeExpensesNet": -73000000,
    "incomeBeforeTax": 1063000000,
    "incomeBeforeTaxRatio": 0.1105679218,
    "incomeTaxExpense": -729000000,
    "netIncome": 1792000000,
    "netIncomeRatio": 0.1863948409,
    "eps": 4.16,
    "epsdiluted": 4.13,
    "weightedAverageShsOut": 430964000,
    "weightedAverageShsOutDil": 434308000,
    "link": "https://www.sec.gov/Archives/edgar/data/1130310/000113031018000003/0001130310-18-000003-index.htm",
    "finalLink": "https://www.sec.gov/Archives/edgar/data/1130310/000113031018000003/cnp_10kx12312017.htm"
  },
  {
    "date": "2016-12-31",
    "symbol": "CNP",
    "reportedCurrency": "USD",
    "cik": "0001130310",
    "fillingDate": "2017-02-28",
    "acceptedDate": "2017-02-28 06:22:13",
    "calendarYear": "2016",
    "period": "FY",
    "revenue": 7528000000,
    "costOfRevenue": 4995000000,
    "grossProfit": 2533000000,
    "grossProfitRatio": 0.336477152,
    "researchAndDevelopmentExpenses": 0,
    "generalAndAdministrativeExpenses": 0,
    "sellingAndMarketingExpenses": 0,
    "sellingGeneralAndAdministrativeExpenses": 0,
    "otherExpenses": 1510000000,
    "operatingExpenses": 1510000000,
    "costAndExpenses": 6505000000,
    "interestIncome": 0,
    "interestExpense": 429000000,
    "depreciationAndAmortization": 1126000000,
    "ebitda": 2241000000,
    "ebitdaratio": 0.2976886291,
    "operatingIncome": 1023000000,
    "operatingIncomeRatio": 0.1358926674,
    "totalOtherIncomeExpensesNet": -337000000,
    "incomeBeforeTax": 686000000,
    "incomeBeforeTaxRatio": 0.0911264612,
    "incomeTaxExpense": 254000000,
    "netIncome": 432000000,
    "netIncomeRatio": 0.0573857598,
    "eps": 1,
    "epsdiluted": 1,
    "weightedAverageShsOut": 430606000,
    "weightedAverageShsOutDil": 433603000,
    "link": "https://www.sec.gov/Archives/edgar/data/1130310/000113031017000006/0001130310-17-000006-index.htm",
    "finalLink": "https://www.sec.gov/Archives/edgar/data/1130310/000113031017000006/cnp_10kx12312016.htm"
  },
  {
    "date": "2015-12-31",
    "symbol": "CNP",
    "reportedCurrency": "USD",
    "cik": "0001130310",
    "fillingDate": "2016-02-26",
    "acceptedDate": "2016-02-26 06:32:43",
    "calendarYear": "2015",
    "period": "FY",
    "revenue": 7386000000,
    "costOfRevenue": 5109000000,
    "grossProfit": 2277000000,
    "grossProfitRatio": 0.3082859464,
    "researchAndDevelopmentExpenses": 0,
    "generalAndAdministrativeExpenses": 0,
    "sellingAndMarketingExpenses": 0,
    "sellingGeneralAndAdministrativeExpenses": 0,
    "otherExpenses": 1344000000,
    "operatingExpenses": 1344000000,
    "costAndExpenses": 6453000000,
    "interestIncome": 0,
    "interestExpense": 457000000,
    "depreciationAndAmortization": 970000000,
    "ebitda": 297000000,
    "ebitdaratio": 0.0402112104,
    "operatingIncome": 933000000,
    "operatingIncomeRatio": 0.126320065,
    "totalOtherIncomeExpensesNet": -2063000000,
    "incomeBeforeTax": -1130000000,
    "incomeBeforeTaxRatio": -0.1529921473,
    "incomeTaxExpense": -438000000,
    "netIncome": -692000000,
    "netIncomeRatio": -0.0936907663,
    "eps": -1.61,
    "epsdiluted": -1.61,
    "weightedAverageShsOut": 429813664,
    "weightedAverageShsOutDil": 430180000,
    "link": "https://www.sec.gov/Archives/edgar/data/1130310/000113031016000031/0001130310-16-000031-index.htm",
    "finalLink": "https://www.sec.gov/Archives/edgar/data/1130310/000113031016000031/cnp_10kx12312015.htm"
  },
  {
    "date": "2014-12-31",
    "symbol": "CNP",
    "reportedCurrency": "USD",
    "cik": "0001130310",
    "fillingDate": "2015-02-26",
    "acceptedDate": "2015-02-26 08:15:35",
    "calendarYear": "2014",
    "period": "FY",
    "revenue": 9226000000,
    "costOfRevenue": 6890000000,
    "grossProfit": 2336000000,
    "grossProfitRatio": 0.2531974854,
    "researchAndDevelopmentExpenses": 0,
    "generalAndAdministrativeExpenses": 0,
    "sellingAndMarketingExpenses": 0,
    "sellingGeneralAndAdministrativeExpenses": 0,
    "otherExpenses": 1401000000,
    "operatingExpenses": 1401000000,
    "costAndExpenses": 8291000000,
    "interestIncome": 0,
    "interestExpense": 471000000,
    "depreciationAndAmortization": 1013000000,
    "ebitda": 2369000000,
    "ebitdaratio": 0.2567743334,
    "operatingIncome": 935000000,
    "operatingIncomeRatio": 0.1013440277,
    "totalOtherIncomeExpensesNet": -50000000,
    "incomeBeforeTax": 885000000,
    "incomeBeforeTaxRatio": 0.095924561,
    "incomeTaxExpense": 274000000,
    "netIncome": 611000000,
    "netIncomeRatio": 0.0662258834,
    "eps": 1.42,
    "epsdiluted": 1.42,
    "weightedAverageShsOut": 429634000,
    "weightedAverageShsOutDil": 431668000,
    "link": "https://www.sec.gov/Archives/edgar/data/1130310/000113031015000008/0001130310-15-000008-index.htm",
    "finalLink": "https://www.sec.gov/Archives/edgar/data/1130310/000113031015000008/cnp_10kx12312014.htm"
  },
  {
    "date": "2013-12-31",
    "symbol": "CNP",
    "reportedCurrency": "USD",
    "cik": "0001130310",
    "fillingDate": "2014-02-26",
    "acceptedDate": "2014-02-26 08:16:34",
    "calendarYear": "2013",
    "period": "FY",
    "revenue": 8106000000,
    "costOfRevenue": 5755000000,
    "grossProfit": 2351000000,
    "grossProfitRatio": 0.290032075,
    "researchAndDevelopmentExpenses": 0,
    "generalAndAdministrativeExpenses": 0,
    "sellingAndMarketingExpenses": 0,
    "sellingGeneralAndAdministrativeExpenses": 0,
    "otherExpenses": 1341000000,
    "operatingExpenses": 1341000000,
    "costAndExpenses": 7096000000,
    "interestIncome": 0,
    "interestExpense": 484000000,
    "depreciationAndAmortization": 954000000,
    "ebitda": 2219000000,
    "ebitdaratio": 0.2737478411,
    "operatingIncome": 1010000000,
    "operatingIncomeRatio": 0.1245990624,
    "totalOtherIncomeExpensesNet": -229000000,
    "incomeBeforeTax": 781000000,
    "incomeBeforeTaxRatio": 0.0963483839,
    "incomeTaxExpense": 470000000,
    "netIncome": 311000000,
    "netIncomeRatio": 0.038366642,
    "eps": 0.73,
    "epsdiluted": 0.72,
    "weightedAverageShsOut": 428000000,
    "weightedAverageShsOutDil": 431000000,
    "link": "https://www.sec.gov/Archives/edgar/data/1130310/000113031014000005/0001130310-14-000005-index.htm",
    "finalLink": "https://www.sec.gov/Archives/edgar/data/1130310/000113031014000005/cnp_10kx12312013.htm"
  },
  {
    "date": "2012-12-31",
    "symbol": "CNP",
    "reportedCurrency": "USD",
    "cik": "0001130310",
    "fillingDate": "2013-02-27",
    "acceptedDate": "2013-02-27 08:17:23",
    "calendarYear": "2012",
    "period": "FY",
    "revenue": 7452000000,
    "costOfRevenue": 4747000000,
    "grossProfit": 2705000000,
    "grossProfitRatio": 0.3629898014,
    "researchAndDevelopmentExpenses": 0,
    "generalAndAdministrativeExpenses": 0,
    "sellingAndMarketingExpenses": 0,
    "sellingGeneralAndAdministrativeExpenses": 0,
    "otherExpenses": 1667000000,
    "operatingExpenses": 1667000000,
    "costAndExpenses": 6414000000,
    "interestIncome": 0,
    "interestExpense": 569000000,
    "depreciationAndAmortization": 1050000000,
    "ebitda": 2376000000,
    "ebitdaratio": 0.3188405797,
    "operatingIncome": 1038000000,
    "operatingIncomeRatio": 0.1392914654,
    "totalOtherIncomeExpensesNet": -281000000,
    "incomeBeforeTax": 757000000,
    "incomeBeforeTaxRatio": 0.1015834675,
    "incomeTaxExpense": 340000000,
    "netIncome": 417000000,
    "netIncomeRatio": 0.055958132,
    "eps": 0.98,
    "epsdiluted": 0.97,
    "weightedAverageShsOut": 427000000,
    "weightedAverageShsOutDil": 430000000,
    "link": "https://www.sec.gov/Archives/edgar/data/1130310/000113031013000006/0001130310-13-000006-index.htm",
    "finalLink": "https://www.sec.gov/Archives/edgar/data/1130310/000113031013000006/cnp_10kx12312012.htm"
  },
  {
    "date": "2011-12-31",
    "symbol": "CNP",
    "reportedCurrency": "USD",
    "cik": "0001130310",
    "fillingDate": "2012-02-29",
    "acceptedDate": "2012-02-29 08:02:43",
    "calendarYear": "2011",
    "period": "FY",
    "revenue": 8450000000,
    "costOfRevenue": 5890000000,
    "grossProfit": 2560000000,
    "grossProfitRatio": 0.3029585799,
    "researchAndDevelopmentExpenses": 0,
    "generalAndAdministrativeExpenses": 0,
    "sellingAndMarketingExpenses": 0,
    "sellingGeneralAndAdministrativeExpenses": 0,
    "otherExpenses": 1262000000,
    "operatingExpenses": 1262000000,
    "costAndExpenses": 7152000000,
    "interestIncome": 0,
    "interestExpense": 583000000,
    "depreciationAndAmortization": 886000000,
    "ebitda": 2643000000,
    "ebitdaratio": 0.3127810651,
    "operatingIncome": 1298000000,
    "operatingIncomeRatio": 0.1536094675,
    "totalOtherIncomeExpensesNet": -124000000,
    "incomeBeforeTax": 1174000000,
    "incomeBeforeTaxRatio": 0.1389349112,
    "incomeTaxExpense": 404000000,
    "netIncome": 1357000000,
    "netIncomeRatio": 0.160591716,
    "eps": 3.19,
    "epsdiluted": 3.17,
    "weightedAverageShsOut": 426000000,
    "weightedAverageShsOutDil": 429000000,
    "link": "https://www.sec.gov/Archives/edgar/data/1130310/000113031012000011/0001130310-12-000011-index.htm",
    "finalLink": "https://www.sec.gov/Archives/edgar/data/1130310/000113031012000011/cnp_10kx12312011.htm"
  },
  {
    "date": "2010-12-31",
    "symbol": "CNP",
    "reportedCurrency": "USD",
    "cik": "0001130310",
    "fillingDate": "2011-03-01",
    "acceptedDate": "2011-03-01 08:00:56",
    "calendarYear": "2010",
    "period": "FY",
    "revenue": 8785000000,
    "costOfRevenue": 6293000000,
    "grossProfit": 2492000000,
    "grossProfitRatio": 0.2836653386,
    "researchAndDevelopmentExpenses": 0,
    "generalAndAdministrativeExpenses": 0,
    "sellingAndMarketingExpenses": 0,
    "sellingGeneralAndAdministrativeExpenses": 0,
    "otherExpenses": 1243000000,
    "operatingExpenses": 1243000000,
    "costAndExpenses": 7536000000,
    "interestIncome": 0,
    "interestExpense": 621000000,
    "depreciationAndAmortization": 864000000,
    "ebitda": 2190000000,
    "ebitdaratio": 0.24928856,
    "operatingIncome": 1249000000,
    "operatingIncomeRatio": 0.1421741605,
    "totalOtherIncomeExpensesNet": -544000000,
    "incomeBeforeTax": 705000000,
    "incomeBeforeTaxRatio": 0.0802504269,
    "incomeTaxExpense": 263000000,
    "netIncome": 442000000,
    "netIncomeRatio": 0.0503130336,
    "eps": 1.08,
    "epsdiluted": 1.07,
    "weightedAverageShsOut": 410000000,
    "weightedAverageShsOutDil": 413000000,
    "link": "https://www.sec.gov/Archives/edgar/data/1130310/000113031011000006/0001130310-11-000006-index.htm",
    "finalLink": "https://www.sec.gov/Archives/edgar/data/1130310/000113031011000006/form10-k.htm"
  },
  {
    "date": "2009-12-31",
    "symbol": "CNP",
    "reportedCurrency": "USD",
    "cik": "0001130310",
    "fillingDate": "2010-02-26",
    "acceptedDate": "2010-02-26 08:01:27",
    "calendarYear": "2009",
    "period": "FY",
    "revenue": 8281000000,
    "costOfRevenue": 4371000000,
    "grossProfit": 3910000000,
    "grossProfitRatio": 0.4721651974,
    "researchAndDevelopmentExpenses": 0,
    "generalAndAdministrativeExpenses": 0,
    "sellingAndMarketingExpenses": 0,
    "sellingGeneralAndAdministrativeExpenses": 0,
    "otherExpenses": 2786000000,
    "operatingExpenses": 2786000000,
    "costAndExpenses": 7157000000,
    "interestIncome": 0,
    "interestExpense": 644000000,
    "depreciationAndAmortization": 743000000,
    "ebitda": 1935000000,
    "ebitdaratio": 0.2336674315,
    "operatingIncome": 1124000000,
    "operatingIncomeRatio": 0.1357323995,
    "totalOtherIncomeExpensesNet": -576000000,
    "incomeBeforeTax": 548000000,
    "incomeBeforeTaxRatio": 0.0661755827,
    "incomeTaxExpense": 176000000,
    "netIncome": 372000000,
    "netIncomeRatio": 0.0449221109,
    "eps": 1.02,
    "epsdiluted": 1.01,
    "weightedAverageShsOut": 365000000,
    "weightedAverageShsOutDil": 368000000,
    "link": "https://www.sec.gov/Archives/edgar/data/1130310/000113031010000006/0001130310-10-000006-index.htm",
    "finalLink": "https://www.sec.gov/Archives/edgar/data/1130310/000113031010000006/form10-k.htm"
  },
  {
    "date": "2008-12-31",
    "symbol": "CNP",
    "reportedCurrency": "USD",
    "cik": "0001130310",
    "fillingDate": "2009-02-25",
    "acceptedDate": "2009-02-25 08:02:15",
    "calendarYear": "2008",
    "period": "FY",
    "revenue": 11322000000,
    "costOfRevenue": 7466000000,
    "grossProfit": 3856000000,
    "grossProfitRatio": 0.34057587,
    "researchAndDevelopmentExpenses": 0,
    "generalAndAdministrativeExpenses": 0,
    "sellingAndMarketingExpenses": 0,
    "sellingGeneralAndAdministrativeExpenses": 0,
    "otherExpenses": 2583000000,
    "operatingExpenses": 2583000000,
    "costAndExpenses": 10049000000,
    "interestIncome": 0,
    "interestExpense": 604000000,
    "depreciationAndAmortization": 708000000,
    "ebitda": 2035000000,
    "ebitdaratio": 0.1797385621,
    "operatingIncome": 1273000000,
    "operatingIncomeRatio": 0.1124359654,
    "totalOtherIncomeExpensesNet": -550000000,
    "incomeBeforeTax": 723000000,
    "incomeBeforeTaxRatio": 0.0638579756,
    "incomeTaxExpense": 277000000,
    "netIncome": 447000000,
    "netIncomeRatio": 0.0394806571,
    "eps": 1.32,
    "epsdiluted": 1.3,
    "weightedAverageShsOut": 336000000,
    "weightedAverageShsOutDil": 344000000,
    "link": "https://www.sec.gov/Archives/edgar/data/1130310/000113031009000004/0001130310-09-000004-index.htm",
    "finalLink": "https://www.sec.gov/Archives/edgar/data/1130310/000113031009000004/form10_k.htm"
  },
  {
    "date": "2007-12-31",
    "symbol": "CNP",
    "reportedCurrency": "USD",
    "cik": "0001130310",
    "fillingDate": "2008-02-28",
    "acceptedDate": "2008-02-28 08:01:13",
    "calendarYear": "2007",
    "period": "FY",
    "revenue": 9623000000,
    "costOfRevenue": 5995000000,
    "grossProfit": 3628000000,
    "grossProfitRatio": 0.3770134054,
    "researchAndDevelopmentExpenses": 0,
    "generalAndAdministrativeExpenses": 0,
    "sellingAndMarketingExpenses": 0,
    "sellingGeneralAndAdministrativeExpenses": 0,
    "otherExpenses": 2411000000,
    "operatingExpenses": 2411000000,
    "costAndExpenses": 8406000000,
    "interestIncome": 0,
    "interestExpense": 0,
    "depreciationAndAmortization": 696000000,
    "ebitda": 10319000000,
    "ebitdaratio": 1.0723267172,
    "operatingIncome": 1217000000,
    "operatingIncomeRatio": 0.1264678375,
    "totalOtherIncomeExpensesNet": -623000000,
    "incomeBeforeTax": 594000000,
    "incomeBeforeTaxRatio": 0.0617271121,
    "incomeTaxExpense": 195000000,
    "netIncome": 399000000,
    "netIncomeRatio": 0.0414631612,
    "eps": 1.25,
    "epsdiluted": 1.17,
    "weightedAverageShsOut": 320480000,
    "weightedAverageShsOutDil": 342507000,
    "link": "https://www.sec.gov/Archives/edgar/data/1130310/000095013408003670/0000950134-08-003670-index.htm",
    "finalLink": "https://www.sec.gov/Archives/edgar/data/1130310/000095013408003670/h54051e10vk.htm"
  },
  {
    "date": "2006-12-31",
    "symbol": "CNP",
    "reportedCurrency": "USD",
    "cik": "0001130310",
    "fillingDate": "2007-02-28",
    "acceptedDate": "2007-02-28 08:03:27",
    "calendarYear": "2006",
    "period": "FY",
    "revenue": 9319000000,
    "costOfRevenue": 5909000000,
    "grossProfit": 3410000000,
    "grossProfitRatio": 0.36591909,
    "researchAndDevelopmentExpenses": 0,
    "generalAndAdministrativeExpenses": 0,
    "sellingAndMarketingExpenses": 0,
    "sellingGeneralAndAdministrativeExpenses": 0,
    "otherExpenses": 2365000000,
    "operatingExpenses": 2365000000,
    "costAndExpenses": 8274000000,
    "interestIncome": 0,
    "interestExpense": 600000000,
    "depreciationAndAmortization": 655000000,
    "ebitda": 1700000000,
    "ebitdaratio": 0.1824230068,
    "operatingIncome": 1045000000,
    "operatingIncomeRatio": 0.1121364953,
    "totalOtherIncomeExpensesNet": -551000000,
    "incomeBeforeTax": 494000000,
    "incomeBeforeTaxRatio": 0.0530099796,
    "incomeTaxExpense": 62000000,
    "netIncome": 432000000,
    "netIncomeRatio": 0.0463569052,
    "eps": 1.39,
    "epsdiluted": 1.33,
    "weightedAverageShsOut": 310791367,
    "weightedAverageShsOutDil": 324812030,
    "link": "https://www.sec.gov/Archives/edgar/data/1130310/000095013407004335/0000950134-07-004335-index.htm",
    "finalLink": "https://www.sec.gov/Archives/edgar/data/1130310/000095013407004335/h43783e10vk.htm"
  },
  {
    "date": "2005-12-31",
    "symbol": "CNP",
    "reportedCurrency": "USD",
    "cik": "0001130310",
    "fillingDate": "2006-03-16",
    "acceptedDate": "2006-03-16 06:31:20",
    "calendarYear": "2005",
    "period": "FY",
    "revenue": 9722000000,
    "costOfRevenue": 6509000000,
    "grossProfit": 3213000000,
    "grossProfitRatio": 0.330487554,
    "researchAndDevelopmentExpenses": 0,
    "generalAndAdministrativeExpenses": 0,
    "sellingAndMarketingExpenses": 0,
    "sellingGeneralAndAdministrativeExpenses": 0,
    "otherExpenses": 2153000000,
    "operatingExpenses": 2153000000,
    "costAndExpenses": 8662000000,
    "interestIncome": 0,
    "interestExpense": 710000000,
    "depreciationAndAmortization": 618000000,
    "ebitda": 1678000000,
    "ebitdaratio": 0.1725982308,
    "operatingIncome": 1060000000,
    "operatingIncomeRatio": 0.1090310636,
    "totalOtherIncomeExpensesNet": -682000000,
    "incomeBeforeTax": 378000000,
    "incomeBeforeTaxRatio": 0.0388808887,
    "incomeTaxExpense": 153000000,
    "netIncome": 252000000,
    "netIncomeRatio": 0.0259205925,
    "eps": 0.81,
    "epsdiluted": 0.75,
    "weightedAverageShsOut": 311111111,
    "weightedAverageShsOutDil": 336000000,
    "link": "https://www.sec.gov/Archives/edgar/data/1130310/000095013406005252/0000950134-06-005252-index.htm",
    "finalLink": "https://www.sec.gov/Archives/edgar/data/1130310/000095013406005252/h33322e10vk.txt"
  },
  {
    "date": "2004-12-31",
    "symbol": "CNP",
    "reportedCurrency": "USD",
    "cik": "0001130310",
    "fillingDate": "2005-08-29",
    "acceptedDate": "2005-08-29 16:10:25",
    "calendarYear": "2004",
    "period": "FY",
    "revenue": 7999000000,
    "costOfRevenue": 5013000000,
    "grossProfit": 2986000000,
    "grossProfitRatio": 0.3732966621,
    "researchAndDevelopmentExpenses": 0,
    "generalAndAdministrativeExpenses": 0,
    "sellingAndMarketingExpenses": 0,
    "sellingGeneralAndAdministrativeExpenses": 0,
    "otherExpenses": 1897000000,
    "operatingExpenses": 1897000000,
    "costAndExpenses": 6910000000,
    "interestIncome": 0,
    "interestExpense": 0,
    "depreciationAndAmortization": 582000000,
    "ebitda": 1671000000,
    "ebitdaratio": 0.2089011126,
    "operatingIncome": 1089000000,
    "operatingIncomeRatio": 0.1361420178,
    "totalOtherIncomeExpensesNet": -745000000,
    "incomeBeforeTax": 344000000,
    "incomeBeforeTaxRatio": 0.0430053757,
    "incomeTaxExpense": 138000000,
    "netIncome": -904704000,
    "netIncomeRatio": -0.1131021378,
    "eps": -2.94,
    "epsdiluted": -2.94,
    "weightedAverageShsOut": 307482993,
    "weightedAverageShsOutDil": 364516129,
    "link": "https://www.sec.gov/Archives/edgar/data/1130310/000095012905008803/0000950129-05-008803-index.htm",
    "finalLink": "https://www.sec.gov/Archives/edgar/data/1130310/000095012905008803/h28398a1e10vkza.txt"
  },
  {
    "date": "2003-12-31",
    "symbol": "CNP",
    "reportedCurrency": "USD",
    "cik": "0001130310",
    "fillingDate": "2004-03-15",
    "acceptedDate": "2004-03-15 06:04:59",
    "calendarYear": "2003",
    "period": "FY",
    "revenue": 7789681000,
    "costOfRevenue": 4297914000,
    "grossProfit": 3491767000,
    "grossProfitRatio": 0.4482554549,
    "researchAndDevelopmentExpenses": 0,
    "generalAndAdministrativeExpenses": 0,
    "sellingAndMarketingExpenses": 0,
    "sellingGeneralAndAdministrativeExpenses": 0,
    "otherExpenses": 2136354000,
    "operatingExpenses": 2136354000,
    "costAndExpenses": 6434268000,
    "interestIncome": 0,
    "interestExpense": 933820000,
    "depreciationAndAmortization": 606209000,
    "ebitda": 1961622000,
    "ebitdaratio": 0.2518231491,
    "operatingIncome": 1355413000,
    "operatingIncomeRatio": 0.174001092,
    "totalOtherIncomeExpensesNet": -741578000,
    "incomeBeforeTax": 613835000,
    "incomeBeforeTaxRatio": 0.0788010446,
    "incomeTaxExpense": 205064000,
    "netIncome": 483667000,
    "netIncomeRatio": 0.0620907326,
    "eps": 1.59,
    "epsdiluted": 1.46,
    "weightedAverageShsOut": 304193082,
    "weightedAverageShsOutDil": 331278767,
    "link": "https://www.sec.gov/Archives/edgar/data/1130310/000095012904001267/0000950129-04-001267-index.htm",
    "finalLink": "https://www.sec.gov/Archives/edgar/data/1130310/000095012904001267/h13311e10vk.txt"
  },
  {
    "date": "2002-12-31",
    "symbol": "CNP",
    "reportedCurrency": "USD",
    "cik": "0001130310",
    "fillingDate": "2003-03-10",
    "acceptedDate": "2003-03-10 17:21:09",
    "calendarYear": "2002",
    "period": "FY",
    "revenue": 6437505000,
    "costOfRevenue": 2953871000,
    "grossProfit": 3483634000,
    "grossProfitRatio": 0.5411466088,
    "researchAndDevelopmentExpenses": 0,
    "generalAndAdministrativeExpenses": 0,
    "sellingAndMarketingExpenses": 0,
    "sellingGeneralAndAdministrativeExpenses": 0,
    "otherExpenses": 2043891000,
    "operatingExpenses": 2043891000,
    "costAndExpenses": 4997762000,
    "interestIncome": 0,
    "interestExpense": 0,
    "depreciationAndAmortization": 756679000,
    "ebitda": 2196422000,
    "ebitdaratio": 0.341191502,
    "operatingIncome": 1439743000,
    "operatingIncomeRatio": 0.2236492244,
    "totalOtherIncomeExpensesNet": -685534000,
    "incomeBeforeTax": 754209000,
    "incomeBeforeTaxRatio": 0.1171585886,
    "incomeTaxExpense": 272246000,
    "netIncome": -3920234000,
    "netIncomeRatio": -0.6089679154,
    "eps": -13.16,
    "epsdiluted": -13.16,
    "weightedAverageShsOut": 297890122,
    "weightedAverageShsOutDil": 299712080,
    "link": "https://www.sec.gov/Archives/edgar/data/1130310/000095012903001299/0000950129-03-001299-index.htm",
    "finalLink": "https://www.sec.gov/Archives/edgar/data/1130310/000095012903001299/h03755e10vk.txt"
  },
  {
    "date": "2001-12-31",
    "symbol": "CNP",
    "reportedCurrency": "USD",
    "cik": "0001130310",
    "fillingDate": "2002-04-01",
    "acceptedDate": "2002-04-01 00:00:00",
    "calendarYear": "2001",
    "period": "FY",
    "revenue": 10656357000,
    "costOfRevenue": 6365477000,
    "grossProfit": 4290880000,
    "grossProfitRatio": 0.4026591827,
    "researchAndDevelopmentExpenses": 0,
    "generalAndAdministrativeExpenses": 0,
    "sellingAndMarketingExpenses": 0,
    "sellingGeneralAndAdministrativeExpenses": 0,
    "otherExpenses": 3051097000,
    "operatingExpenses": 3051097000,
    "costAndExpenses": 9416574000,
    "interestIncome": 0,
    "interestExpense": 0,
    "depreciationAndAmortization": 700759000,
    "ebitda": 1940542000,
    "ebitdaratio": 0.1821018196,
    "operatingIncome": 1239783000,
    "operatingIncomeRatio": 0.1163421045,
    "totalOtherIncomeExpensesNet": -564606000,
    "incomeBeforeTax": 675177000,
    "incomeBeforeTaxRatio": 0.0633590823,
    "incomeTaxExpense": 228252000,
    "netIncome": 980559000,
    "netIncomeRatio": 0.0920163429,
    "eps": 3.38,
    "epsdiluted": 3.35,
    "weightedAverageShsOut": 289852367,
    "weightedAverageShsOutDil": 292448060,
    "link": "https://www.sec.gov/Archives/edgar/data/1130310/000095012902001679/0000950129-02-001679-index.htm",
    "finalLink": "https://www.sec.gov/Archives/edgar/data/1130310/000095012902001679/h95548e10-k405.txt"
  },
  {
    "date": "2000-12-31",
    "symbol": "CNP",
    "reportedCurrency": "USD",
    "cik": "0001130310",
    "fillingDate": "2000-12-31",
    "acceptedDate": "2000-12-30 19:00:00",
    "calendarYear": "2000",
    "period": "FY",
    "revenue": 10374202000,
    "costOfRevenue": 6026861000,
    "grossProfit": 4347341000,
    "grossProfitRatio": 0.419053051,
    "researchAndDevelopmentExpenses": 0,
    "generalAndAdministrativeExpenses": 0,
    "sellingAndMarketingExpenses": 0,
    "sellingGeneralAndAdministrativeExpenses": 0,
    "otherExpenses": 3295808000,
    "operatingExpenses": 3295808000,
    "costAndExpenses": 9322669000,
    "interestIncome": 0,
    "interestExpense": 754441000,
    "depreciationAndAmortization": 906318000,
    "ebitda": 1957851000,
    "ebitdaratio": 0.1887230459,
    "operatingIncome": 1051533000,
    "operatingIncomeRatio": 0.1013603745,
    "totalOtherIncomeExpensesNet": -595295000,
    "incomeBeforeTax": 456238000,
    "incomeBeforeTaxRatio": 0.0439781296,
    "incomeTaxExpense": 234196000,
    "netIncome": 447500000,
    "netIncomeRatio": 0.0431358479,
    "eps": 1.57,
    "epsdiluted": 1.56,
    "weightedAverageShsOut": 284784076,
    "weightedAverageShsOutDil": 286609615,
    "link": "",
    "finalLink": ""
  },
  {
    "date": "1999-12-31",
    "symbol": "CNP",
    "reportedCurrency": "USD",
    "cik": "0001130310",
    "fillingDate": "1999-12-31",
    "acceptedDate": "1999-12-30 19:00:00",
    "calendarYear": "1999",
    "period": "FY",
    "revenue": 15211398000,
    "costOfRevenue": 10842853000,
    "grossProfit": 4368545000,
    "grossProfitRatio": 0.2871889224,
    "researchAndDevelopmentExpenses": 0,
    "generalAndAdministrativeExpenses": 0,
    "sellingAndMarketingExpenses": 0,
    "sellingGeneralAndAdministrativeExpenses": 0,
    "otherExpenses": 3109714000,
    "operatingExpenses": 3109714000,
    "costAndExpenses": 13952567000,
    "interestIncome": 0,
    "interestExpense": 0,
    "depreciationAndAmortization": 905305000,
    "ebitda": 2164136000,
    "ebitdaratio": 0.1422706841,
    "operatingIncome": 1258831000,
    "operatingIncomeRatio": 0.082755773,
    "totalOtherIncomeExpensesNet": 1306017000,
    "incomeBeforeTax": 2564848000,
    "incomeBeforeTaxRatio": 0.168613562,
    "incomeTaxExpense": 899117000,
    "netIncome": 1849000000,
    "netIncomeRatio": 0.1215535876,
    "eps": 5.2,
    "epsdiluted": 5.18,
    "weightedAverageShsOut": 285040000,
    "weightedAverageShsOutDil": 286021000,
    "link": "",
    "finalLink": ""
  },
  {
    "date": "1998-12-31",
    "symbol": "CNP",
    "reportedCurrency": "USD",
    "cik": "0001130310",
    "fillingDate": "1998-12-31",
    "acceptedDate": "1998-12-30 19:00:00",
    "calendarYear": "1998",
    "period": "FY",
    "revenue": 11229519000,
    "costOfRevenue": 7030801000,
    "grossProfit": 4198718000,
    "grossProfitRatio": 0.3739000753,
    "researchAndDevelopmentExpenses": 0,
    "generalAndAdministrativeExpenses": 0,
    "sellingAndMarketingExpenses": 0,
    "sellingGeneralAndAdministrativeExpenses": 0,
    "otherExpenses": 2918823000,
    "operatingExpenses": 2918823000,
    "costAndExpenses": 9949624000,
    "interestIncome": 0,
    "interestExpense": 0,
    "depreciationAndAmortization": 882100000,
    "ebitda": 2161995000,
    "ebitdaratio": 0.1925278367,
    "operatingIncome": 1279895000,
    "operatingIncomeRatio": 0.1139759414,
    "totalOtherIncomeExpensesNet": -1640826000,
    "incomeBeforeTax": -360931000,
    "incomeBeforeTaxRatio": -0.0321412698,
    "incomeTaxExpense": -82563000,
    "netIncome": -141100000,
    "netIncomeRatio": -0.0125650974,
    "eps": -0.5,
    "epsdiluted": -0.5,
    "weightedAverageShsOut": 282964000,
    "weightedAverageShsOutDil": 282964000,
    "link": "",
    "finalLink": ""
  },
  {
    "date": "1997-12-31",
    "symbol": "CNP",
    "reportedCurrency": "USD",
    "cik": "0001130310",
    "fillingDate": "1997-12-31",
    "acceptedDate": "1997-12-30 19:00:00",
    "calendarYear": "1997",
    "period": "FY",
    "revenue": 6878200000,
    "costOfRevenue": 3551200000,
    "grossProfit": 3327000000,
    "grossProfitRatio": 0.4837021314,
    "researchAndDevelopmentExpenses": 0,
    "generalAndAdministrativeExpenses": 0,
    "sellingAndMarketingExpenses": 0,
    "sellingGeneralAndAdministrativeExpenses": 0,
    "otherExpenses": 2383900000,
    "operatingExpenses": 2383900000,
    "costAndExpenses": 5935100000,
    "interestIncome": 0,
    "interestExpense": 0,
    "depreciationAndAmortization": 0,
    "ebitda": 1623200000,
    "ebitdaratio": 0.2359919746,
    "operatingIncome": 943100000,
    "operatingIncomeRatio": 0.1371143613,
    "totalOtherIncomeExpensesNet": -315600000,
    "incomeBeforeTax": 627500000,
    "incomeBeforeTaxRatio": 0.0912302637,
    "incomeTaxExpense": 206400000,
    "netIncome": 421100000,
    "netIncomeRatio": 0.0612224128,
    "eps": 1.66,
    "epsdiluted": 1.66,
    "weightedAverageShsOut": 253554217,
    "weightedAverageShsOutDil": 253554217,
    "link": "",
    "finalLink": ""
  },
  {
    "date": "1996-12-31",
    "symbol": "CNP",
    "reportedCurrency": "USD",
    "cik": "0001130310",
    "fillingDate": "1996-12-31",
    "acceptedDate": "1996-12-30 19:00:00",
    "calendarYear": "1996",
    "period": "FY",
    "revenue": 4095300000,
    "costOfRevenue": 1365900000,
    "grossProfit": 2729400000,
    "grossProfitRatio": 0.6664713208,
    "researchAndDevelopmentExpenses": 0,
    "generalAndAdministrativeExpenses": 0,
    "sellingAndMarketingExpenses": 0,
    "sellingGeneralAndAdministrativeExpenses": 0,
    "otherExpenses": 1833900000,
    "operatingExpenses": 1833900000,
    "costAndExpenses": 3199800000,
    "interestIncome": 0,
    "interestExpense": 0,
    "depreciationAndAmortization": 0,
    "ebitda": 1479400000,
    "ebitdaratio": 0.3612433766,
    "operatingIncome": 895500000,
    "operatingIncomeRatio": 0.2186652992,
    "totalOtherIncomeExpensesNet": -290400000,
    "incomeBeforeTax": 605100000,
    "incomeBeforeTaxRatio": 0.1477547432,
    "incomeTaxExpense": 200200000,
    "netIncome": 404900000,
    "netIncomeRatio": 0.0988694357,
    "eps": 1.66,
    "epsdiluted": 1.66,
    "weightedAverageShsOut": 243915663,
    "weightedAverageShsOutDil": 243915663,
    "link": "",
    "finalLink": ""
  },
  {
    "date": "1995-12-31",
    "symbol": "CNP",
    "reportedCurrency": "USD",
    "cik": "0001130310",
    "fillingDate": "1995-12-31",
    "acceptedDate": "1995-12-30 19:00:00",
    "calendarYear": "1995",
    "period": "FY",
    "revenue": 3729300000,
    "costOfRevenue": 1112600000,
    "grossProfit": 2616700000,
    "grossProfitRatio": 0.7016598289,
    "researchAndDevelopmentExpenses": 0,
    "generalAndAdministrativeExpenses": 0,
    "sellingAndMarketingExpenses": 0,
    "sellingGeneralAndAdministrativeExpenses": 0,
    "otherExpenses": 1711200000,
    "operatingExpenses": 1711200000,
    "costAndExpenses": 2823800000,
    "interestIncome": 0,
    "interestExpense": 0,
    "depreciationAndAmortization": 0,
    "ebitda": 1409200000,
    "ebitdaratio": 0.377872523,
    "operatingIncome": 905500000,
    "operatingIncomeRatio": 0.2428069611,
    "totalOtherIncomeExpensesNet": -308500000,
    "incomeBeforeTax": 597000000,
    "incomeBeforeTaxRatio": 0.1600836618,
    "incomeTaxExpense": 199600000,
    "netIncome": 1105500000,
    "netIncomeRatio": 0.2964363285,
    "eps": 4.46,
    "epsdiluted": 4.46,
    "weightedAverageShsOut": 247869955,
    "weightedAverageShsOutDil": 247869955,
    "link": "",
    "finalLink": ""
  },
  {
    "date": "1994-12-31",
    "symbol": "CNP",
    "reportedCurrency": "USD",
    "cik": "0001130310",
    "fillingDate": "1994-12-31",
    "acceptedDate": "1994-12-30 19:00:00",
    "calendarYear": "1994",
    "period": "FY",
    "revenue": 3752600000,
    "costOfRevenue": 1269900000,
    "grossProfit": 2482700000,
    "grossProfitRatio": 0.6615946277,
    "researchAndDevelopmentExpenses": 0,
    "generalAndAdministrativeExpenses": 0,
    "sellingAndMarketingExpenses": 0,
    "sellingGeneralAndAdministrativeExpenses": 0,
    "otherExpenses": 1515600000,
    "operatingExpenses": 1515600000,
    "costAndExpenses": 2785500000,
    "interestIncome": 0,
    "interestExpense": 0,
    "depreciationAndAmortization": 0,
    "ebitda": 1386800000,
    "ebitdaratio": 0.3695571071,
    "operatingIncome": 967100000,
    "operatingIncomeRatio": 0.2577146512,
    "totalOtherIncomeExpensesNet": -312700000,
    "incomeBeforeTax": 654400000,
    "incomeBeforeTaxRatio": 0.1743857592,
    "incomeTaxExpense": 230400000,
    "netIncome": 399300000,
    "netIncomeRatio": 0.106406225,
    "eps": 1.62,
    "epsdiluted": 1.62,
    "weightedAverageShsOut": 246481481,
    "weightedAverageShsOutDil": 246481481,
    "link": "",
    "finalLink": ""
  },
  {
    "date": "1993-12-31",
    "symbol": "CNP",
    "reportedCurrency": "USD",
    "cik": "0001130310",
    "fillingDate": "1993-12-31",
    "acceptedDate": "1993-12-30 19:00:00",
    "calendarYear": "1993",
    "period": "FY",
    "revenue": 4323900000,
    "costOfRevenue": 0,
    "grossProfit": 4323900000,
    "grossProfitRatio": 1,
    "researchAndDevelopmentExpenses": 0,
    "generalAndAdministrativeExpenses": 0,
    "sellingAndMarketingExpenses": 0,
    "sellingGeneralAndAdministrativeExpenses": 0,
    "otherExpenses": 0,
    "operatingExpenses": 0,
    "costAndExpenses": 0,
    "interestIncome": 0,
    "interestExpense": 0,
    "depreciationAndAmortization": 0,
    "ebitda": 4323900000,
    "ebitdaratio": 1,
    "operatingIncome": 4323900000,
    "operatingIncomeRatio": 1,
    "totalOtherIncomeExpensesNet": -4323900000,
    "incomeBeforeTax": 0,
    "incomeBeforeTaxRatio": 0,
    "incomeTaxExpense": 0,
    "netIncome": 416000000,
    "netIncomeRatio": 0.0962094406,
    "eps": 1.6,
    "epsdiluted": 1.6,
    "weightedAverageShsOut": 260000000,
    "weightedAverageShsOutDil": 260000000,
    "link": "",
    "finalLink": ""
  },
  {
    "date": "1992-12-31",
    "symbol": "CNP",
    "reportedCurrency": "USD",
    "cik": "0001130310",
    "fillingDate": "1992-12-31",
    "acceptedDate": "1992-12-30 19:00:00",
    "calendarYear": "1992",
    "period": "FY",
    "revenue": 4596400000,
    "costOfRevenue": 0,
    "grossProfit": 4596400000,
    "grossProfitRatio": 1,
    "researchAndDevelopmentExpenses": 0,
    "generalAndAdministrativeExpenses": 0,
    "sellingAndMarketingExpenses": 0,
    "sellingGeneralAndAdministrativeExpenses": 0,
    "otherExpenses": 0,
    "operatingExpenses": 0,
    "costAndExpenses": 0,
    "interestIncome": 0,
    "interestExpense": 0,
    "depreciationAndAmortization": 0,
    "ebitda": 4596400000,
    "ebitdaratio": 1,
    "operatingIncome": 4596400000,
    "operatingIncomeRatio": 1,
    "totalOtherIncomeExpensesNet": -4596400000,
    "incomeBeforeTax": 0,
    "incomeBeforeTaxRatio": 0,
    "incomeTaxExpense": 0,
    "netIncome": 434700000,
    "netIncomeRatio": 0.0945740144,
    "eps": 1.69,
    "epsdiluted": 1.69,
    "weightedAverageShsOut": 257218935,
    "weightedAverageShsOutDil": 257218935,
    "link": "",
    "finalLink": ""
  },
  {
    "date": "1991-12-31",
    "symbol": "CNP",
    "reportedCurrency": "USD",
    "cik": "0001130310",
    "fillingDate": "1991-12-31",
    "acceptedDate": "1991-12-30 19:00:00",
    "calendarYear": "1991",
    "period": "FY",
    "revenue": 4443700000,
    "costOfRevenue": 0,
    "grossProfit": 4443700000,
    "grossProfitRatio": 1,
    "researchAndDevelopmentExpenses": 0,
    "generalAndAdministrativeExpenses": 0,
    "sellingAndMarketingExpenses": 0,
    "sellingGeneralAndAdministrativeExpenses": 0,
    "otherExpenses": 0,
    "operatingExpenses": 0,
    "costAndExpenses": 0,
    "interestIncome": 0,
    "interestExpense": 0,
    "depreciationAndAmortization": 0,
    "ebitda": 4443700000,
    "ebitdaratio": 1,
    "operatingIncome": 4443700000,
    "operatingIncomeRatio": 1,
    "totalOtherIncomeExpensesNet": -4443700000,
    "incomeBeforeTax": 0,
    "incomeBeforeTaxRatio": 0,
    "incomeTaxExpense": 0,
    "netIncome": 417400000,
    "netIncomeRatio": 0.0939307334,
    "eps": 1.64,
    "epsdiluted": 1.64,
    "weightedAverageShsOut": 254512195,
    "weightedAverageShsOutDil": 254512195,
    "link": "",
    "finalLink": ""
  },
  {
    "date": "1990-12-31",
    "symbol": "CNP",
    "reportedCurrency": "USD",
    "cik": "0001130310",
    "fillingDate": "1990-12-31",
    "acceptedDate": "1990-12-30 19:00:00",
    "calendarYear": "1990",
    "period": "FY",
    "revenue": 4178600000,
    "costOfRevenue": 0,
    "grossProfit": 4178600000,
    "grossProfitRatio": 1,
    "researchAndDevelopmentExpenses": 0,
    "generalAndAdministrativeExpenses": 0,
    "sellingAndMarketingExpenses": 0,
    "sellingGeneralAndAdministrativeExpenses": 0,
    "otherExpenses": 0,
    "operatingExpenses": 0,
    "costAndExpenses": 0,
    "interestIncome": 0,
    "interestExpense": 0,
    "depreciationAndAmortization": 0,
    "ebitda": 4178600000,
    "ebitdaratio": 1,
    "operatingIncome": 4178600000,
    "operatingIncomeRatio": 1,
    "totalOtherIncomeExpensesNet": -4178600000,
    "incomeBeforeTax": 0,
    "incomeBeforeTaxRatio": 0,
    "incomeTaxExpense": 0,
    "netIncome": 339500000,
    "netIncomeRatio": 0.0812473077,
    "eps": 1.34,
    "epsdiluted": 1.34,
    "weightedAverageShsOut": 253358209,
    "weightedAverageShsOutDil": 253358209,
    "link": "",
    "finalLink": ""
  },
  {
    "date": "1989-12-31",
    "symbol": "CNP",
    "reportedCurrency": "USD",
    "cik": "0001130310",
    "fillingDate": "1989-12-31",
    "acceptedDate": "1989-12-30 19:00:00",
    "calendarYear": "1989",
    "period": "FY",
    "revenue": 3789800000,
    "costOfRevenue": 0,
    "grossProfit": 3789800000,
    "grossProfitRatio": 1,
    "researchAndDevelopmentExpenses": 0,
    "generalAndAdministrativeExpenses": 0,
    "sellingAndMarketingExpenses": 0,
    "sellingGeneralAndAdministrativeExpenses": 0,
    "otherExpenses": 0,
    "operatingExpenses": 0,
    "costAndExpenses": 0,
    "interestIncome": 0,
    "interestExpense": 0,
    "depreciationAndAmortization": 0,
    "ebitda": 3789800000,
    "ebitdaratio": 1,
    "operatingIncome": 3789800000,
    "operatingIncomeRatio": 1,
    "totalOtherIncomeExpensesNet": -3789800000,
    "incomeBeforeTax": 0,
    "incomeBeforeTaxRatio": 0,
    "incomeTaxExpense": 0,
    "netIncome": 413500000,
    "netIncomeRatio": 0.1091086601,
    "eps": 1.66,
    "epsdiluted": 1.66,
    "weightedAverageShsOut": 249096386,
    "weightedAverageShsOutDil": 249096386,
    "link": "",
    "finalLink": ""
  },
  {
    "date": "1988-12-31",
    "symbol": "CNP",
    "reportedCurrency": "USD",
    "cik": "0001130310",
    "fillingDate": "1988-12-31",
    "acceptedDate": "1988-12-30 19:00:00",
    "calendarYear": "1988",
    "period": "FY",
    "revenue": 3649500000,
    "costOfRevenue": 0,
    "grossProfit": 3649500000,
    "grossProfitRatio": 1,
    "researchAndDevelopmentExpenses": 0,
    "generalAndAdministrativeExpenses": 0,
    "sellingAndMarketingExpenses": 0,
    "sellingGeneralAndAdministrativeExpenses": 0,
    "otherExpenses": 0,
    "operatingExpenses": 0,
    "costAndExpenses": 0,
    "interestIncome": 0,
    "interestExpense": 0,
    "depreciationAndAmortization": 0,
    "ebitda": 3649500000,
    "ebitdaratio": 1,
    "operatingIncome": 3649500000,
    "operatingIncomeRatio": 1,
    "totalOtherIncomeExpensesNet": -3649500000,
    "incomeBeforeTax": 0,
    "incomeBeforeTaxRatio": 0,
    "incomeTaxExpense": 0,
    "netIncome": 395300000,
    "netIncomeRatio": 0.1083162077,
    "eps": 1.67,
    "epsdiluted": 1.67,
    "weightedAverageShsOut": 215149701,
    "weightedAverageShsOutDil": 215149701,
    "link": "",
    "finalLink": ""
  },
  {
    "date": "1987-12-31",
    "symbol": "CNP",
    "reportedCurrency": "USD",
    "cik": "0001130310",
    "fillingDate": "1987-12-31",
    "acceptedDate": "1987-12-30 19:00:00",
    "calendarYear": "1987",
    "period": "FY",
    "revenue": 3628200000,
    "costOfRevenue": 0,
    "grossProfit": 3628200000,
    "grossProfitRatio": 1,
    "researchAndDevelopmentExpenses": 0,
    "generalAndAdministrativeExpenses": 0,
    "sellingAndMarketingExpenses": 0,
    "sellingGeneralAndAdministrativeExpenses": 0,
    "otherExpenses": 0,
    "operatingExpenses": 0,
    "costAndExpenses": 0,
    "interestIncome": 0,
    "interestExpense": 0,
    "depreciationAndAmortization": 0,
    "ebitda": 3628200000,
    "ebitdaratio": 1,
    "operatingIncome": 3628200000,
    "operatingIncomeRatio": 1,
    "totalOtherIncomeExpensesNet": -3628200000,
    "incomeBeforeTax": 0,
    "incomeBeforeTaxRatio": 0,
    "incomeTaxExpense": 0,
    "netIncome": 435000000,
    "netIncomeRatio": 0.1198941624,
    "eps": 1.87,
    "epsdiluted": 1.87,
    "weightedAverageShsOut": 215828877,
    "weightedAverageShsOutDil": 215828877,
    "link": "",
    "finalLink": ""
  },
  {
    "date": "1986-12-31",
    "symbol": "CNP",
    "reportedCurrency": "USD",
    "cik": "0001130310",
    "fillingDate": "1986-12-31",
    "acceptedDate": "1986-12-30 19:00:00",
    "calendarYear": "1986",
    "period": "FY",
    "revenue": 3536000000,
    "costOfRevenue": 0,
    "grossProfit": 3536000000,
    "grossProfitRatio": 1,
    "researchAndDevelopmentExpenses": 0,
    "generalAndAdministrativeExpenses": 0,
    "sellingAndMarketingExpenses": 0,
    "sellingGeneralAndAdministrativeExpenses": 0,
    "otherExpenses": 0,
    "operatingExpenses": 0,
    "costAndExpenses": 0,
    "interestIncome": 0,
    "interestExpense": 0,
    "depreciationAndAmortization": 0,
    "ebitda": 3536000000,
    "ebitdaratio": 1,
    "operatingIncome": 3536000000,
    "operatingIncomeRatio": 1,
    "totalOtherIncomeExpensesNet": -3536000000,
    "incomeBeforeTax": 0,
    "incomeBeforeTaxRatio": 0,
    "incomeTaxExpense": 0,
    "netIncome": 424900000,
    "netIncomeRatio": 0.1201640271,
    "eps": 1.91,
    "epsdiluted": 1.91,
    "weightedAverageShsOut": 208429319,
    "weightedAverageShsOutDil": 208429319,
    "link": "",
    "finalLink": ""
  },
  {
    "date": "1985-12-31",
    "symbol": "CNP",
    "reportedCurrency": "USD",
    "cik": "0001130310",
    "fillingDate": "1985-12-31",
    "acceptedDate": "1985-12-30 19:00:00",
    "calendarYear": "1985",
    "period": "FY",
    "revenue": 4067800000,
    "costOfRevenue": 0,
    "grossProfit": 4067800000,
    "grossProfitRatio": 1,
    "researchAndDevelopmentExpenses": 0,
    "generalAndAdministrativeExpenses": 0,
    "sellingAndMarketingExpenses": 0,
    "sellingGeneralAndAdministrativeExpenses": 0,
    "otherExpenses": 0,
    "operatingExpenses": 0,
    "costAndExpenses": 0,
    "interestIncome": 0,
    "interestExpense": 0,
    "depreciationAndAmortization": 0,
    "ebitda": 4067800000,
    "ebitdaratio": 1,
    "operatingIncome": 4067800000,
    "operatingIncomeRatio": 1,
    "totalOtherIncomeExpensesNet": -4067800000,
    "incomeBeforeTax": 0,
    "incomeBeforeTaxRatio": 0,
    "incomeTaxExpense": 0,
    "netIncome": 464400000,
    "netIncomeRatio": 0.1141649049,
    "eps": 2.21,
    "epsdiluted": 2.21,
    "weightedAverageShsOut": 198099548,
    "weightedAverageShsOutDil": 198099548,
    "link": "",
    "finalLink": ""
  }
]