[
  {
    "date": "2025-06-30",
    "symbol": "COF",
    "reportedCurrency": "USD",
    "cik": "0000927628",
    "fillingDate": "2025-07-31",
    "acceptedDate": "2025-07-30 17:57:05",
    "calendarYear": "2025",
    "period": "Q2",
    "revenue": 16410000000,
    "costOfRevenue": 15263000000,
    "grossProfit": 1147000000,
    "grossProfitRatio": 0.0698964046,
    "researchAndDevelopmentExpenses": 0,
    "generalAndAdministrativeExpenses": 2999000000,
    "sellingAndMarketingExpenses": 1345000000,
    "sellingGeneralAndAdministrativeExpenses": 4344000000,
    "otherExpenses": 2732000000,
    "operatingExpenses": 7076000000,
    "costAndExpenses": 22339000000,
    "interestIncome": 13828000000,
    "interestExpense": 3833000000,
    "depreciationAndAmortization": 1011000000,
    "ebitda": -4918000000,
    "ebitdaratio": -0.2996953077,
    "operatingIncome": -5929000000,
    "operatingIncomeRatio": -0.3613040829,
    "totalOtherIncomeExpensesNet": 0,
    "incomeBeforeTax": -5929000000,
    "incomeBeforeTaxRatio": -0.3613040829,
    "incomeTaxExpense": -1666000000,
    "netIncome": -4277000000,
    "netIncomeRatio": -0.2606337599,
    "eps": -8.58,
    "epsdiluted": -8.58,
    "weightedAverageShsOut": 444700000,
    "weightedAverageShsOutDil": 444700000,
    "link": "https://www.sec.gov/Archives/edgar/data/927628/000092762825000247/0000927628-25-000247-index.htm",
    "finalLink": "https://www.sec.gov/Archives/edgar/data/927628/000092762825000247/cof-20250630.htm"
  },
  {
    "date": "2025-03-31",
    "symbol": "COF",
    "reportedCurrency": "USD",
    "cik": "0000927628",
    "fillingDate": "2025-05-07",
    "acceptedDate": "2025-05-07 16:06:52",
    "calendarYear": "2025",
    "period": "Q1",
    "revenue": 13405000000,
    "costOfRevenue": 5774000000,
    "grossProfit": 7631000000,
    "grossProfitRatio": 0.5692651996,
    "researchAndDevelopmentExpenses": 0,
    "generalAndAdministrativeExpenses": 2546000000,
    "sellingAndMarketingExpenses": 1202000000,
    "sellingGeneralAndAdministrativeExpenses": 3748000000,
    "otherExpenses": 2154000000,
    "operatingExpenses": 5902000000,
    "costAndExpenses": 11676000000,
    "interestIncome": 11418000000,
    "interestExpense": 3405000000,
    "depreciationAndAmortization": 812000000,
    "ebitda": 2541000000,
    "ebitdaratio": 0.1895561358,
    "operatingIncome": 1729000000,
    "operatingIncomeRatio": 0.1289817232,
    "totalOtherIncomeExpensesNet": 0,
    "incomeBeforeTax": 1729000000,
    "incomeBeforeTaxRatio": 0.1289817232,
    "incomeTaxExpense": 325000000,
    "netIncome": 1404000000,
    "netIncomeRatio": 0.1047370384,
    "eps": 3.46,
    "epsdiluted": 3.45,
    "weightedAverageShsOut": 383100000,
    "weightedAverageShsOutDil": 384000000,
    "link": "https://www.sec.gov/Archives/edgar/data/927628/000092762825000141/0000927628-25-000141-index.htm",
    "finalLink": "https://www.sec.gov/Archives/edgar/data/927628/000092762825000141/cof-20250331.htm"
  },
  {
    "date": "2024-12-31",
    "symbol": "COF",
    "reportedCurrency": "USD",
    "cik": "0000927628",
    "fillingDate": "2025-02-20",
    "acceptedDate": "2025-02-20 16:35:22",
    "calendarYear": "2024",
    "period": "Q4",
    "revenue": 13809000000,
    "costOfRevenue": 6261000000,
    "grossProfit": 7548000000,
    "grossProfitRatio": 0.5466000434,
    "researchAndDevelopmentExpenses": 0,
    "generalAndAdministrativeExpenses": 2329000000,
    "sellingAndMarketingExpenses": 1375000000,
    "sellingGeneralAndAdministrativeExpenses": 3704000000,
    "otherExpenses": 2385000000,
    "operatingExpenses": 6089000000,
    "costAndExpenses": 12350000000,
    "interestIncome": 11717000000,
    "interestExpense": 3619000000,
    "depreciationAndAmortization": 814000000,
    "ebitda": 2273000000,
    "ebitdaratio": 0.1646027953,
    "operatingIncome": 1459000000,
    "operatingIncomeRatio": 0.1056557318,
    "totalOtherIncomeExpensesNet": 0,
    "incomeBeforeTax": 1459000000,
    "incomeBeforeTaxRatio": 0.1056557318,
    "incomeTaxExpense": 366000000,
    "netIncome": 1096000000,
    "netIncomeRatio": 0.0793685278,
    "eps": 2.67,
    "epsdiluted": 2.67,
    "weightedAverageShsOut": 382400000,
    "weightedAverageShsOutDil": 383400000,
    "link": "https://www.sec.gov/Archives/edgar/data/927628/000092762825000092/0000927628-25-000092-index.htm",
    "finalLink": "https://www.sec.gov/Archives/edgar/data/927628/000092762825000092/cof-20241231.htm"
  },
  {
    "date": "2024-09-30",
    "symbol": "COF",
    "reportedCurrency": "USD",
    "cik": "0000927628",
    "fillingDate": "2024-10-31",
    "acceptedDate": "2024-10-31 16:53:06",
    "calendarYear": "2024",
    "period": "Q3",
    "revenue": 13798000000,
    "costOfRevenue": 6266000000,
    "grossProfit": 7532000000,
    "grossProfitRatio": 0.5458762139,
    "researchAndDevelopmentExpenses": 0,
    "generalAndAdministrativeExpenses": 2391000000,
    "sellingAndMarketingExpenses": 1113000000,
    "sellingGeneralAndAdministrativeExpenses": 3504000000,
    "otherExpenses": 1810000000,
    "operatingExpenses": 5314000000,
    "costAndExpenses": 11580000000,
    "interestIncome": 11860000000,
    "interestExpense": 3784000000,
    "depreciationAndAmortization": 806000000,
    "ebitda": 3024000000,
    "ebitdaratio": 0.2191621974,
    "operatingIncome": 2218000000,
    "operatingIncomeRatio": 0.1607479345,
    "totalOtherIncomeExpensesNet": 0,
    "incomeBeforeTax": 2218000000,
    "incomeBeforeTaxRatio": 0.1607479345,
    "incomeTaxExpense": 441000000,
    "netIncome": 1777000000,
    "netIncomeRatio": 0.1287867807,
    "eps": 4.42,
    "epsdiluted": 4.41,
    "weightedAverageShsOut": 383000000,
    "weightedAverageShsOutDil": 383700000,
    "link": "https://www.sec.gov/Archives/edgar/data/927628/000092762824000306/0000927628-24-000306-index.htm",
    "finalLink": "https://www.sec.gov/Archives/edgar/data/927628/000092762824000306/cof-20240930.htm"
  },
  {
    "date": "2024-06-30",
    "symbol": "COF",
    "reportedCurrency": "USD",
    "cik": "0000927628",
    "fillingDate": "2024-08-01",
    "acceptedDate": "2024-08-01 16:24:27",
    "calendarYear": "2024",
    "period": "Q2",
    "revenue": 13240000000,
    "costOfRevenue": 7643000000,
    "grossProfit": 5597000000,
    "grossProfitRatio": 0.422734139,
    "researchAndDevelopmentExpenses": 0,
    "generalAndAdministrativeExpenses": 2200000000,
    "sellingAndMarketingExpenses": 1064000000,
    "sellingGeneralAndAdministrativeExpenses": 3264000000,
    "otherExpenses": 1682000000,
    "operatingExpenses": 4946000000,
    "costAndExpenses": 12589000000,
    "interestIncome": 11280000000,
    "interestExpense": 3734000000,
    "depreciationAndAmortization": 811000000,
    "ebitda": 1462000000,
    "ebitdaratio": 0.1104229607,
    "operatingIncome": 651000000,
    "operatingIncomeRatio": 0.0491691843,
    "totalOtherIncomeExpensesNet": 0,
    "incomeBeforeTax": 651000000,
    "incomeBeforeTaxRatio": 0.0491691843,
    "incomeTaxExpense": 54000000,
    "netIncome": 597000000,
    "netIncomeRatio": 0.0450906344,
    "eps": 1.39,
    "epsdiluted": 1.38,
    "weightedAverageShsOut": 383100000,
    "weightedAverageShsOutDil": 383900000,
    "link": "https://www.sec.gov/Archives/edgar/data/927628/000092762824000264/0000927628-24-000264-index.htm",
    "finalLink": "https://www.sec.gov/Archives/edgar/data/927628/000092762824000264/cof-20240630.htm"
  },
  {
    "date": "2024-03-31",
    "symbol": "COF",
    "reportedCurrency": "USD",
    "cik": "0000927628",
    "fillingDate": "2024-05-02",
    "acceptedDate": "2024-05-02 16:57:02",
    "calendarYear": "2024",
    "period": "Q1",
    "revenue": 13091000000,
    "costOfRevenue": 6372000000,
    "grossProfit": 6719000000,
    "grossProfitRatio": 0.5132533802,
    "researchAndDevelopmentExpenses": 0,
    "generalAndAdministrativeExpenses": 2478000000,
    "sellingAndMarketingExpenses": 1010000000,
    "sellingGeneralAndAdministrativeExpenses": 3488000000,
    "otherExpenses": 1649000000,
    "operatingExpenses": 5137000000,
    "costAndExpenses": 11509000000,
    "interestIncome": 11177000000,
    "interestExpense": 3689000000,
    "depreciationAndAmortization": 806000000,
    "ebitda": 2388000000,
    "ebitdaratio": 0.1824153999,
    "operatingIncome": 1582000000,
    "operatingIncomeRatio": 0.120846383,
    "totalOtherIncomeExpensesNet": 0,
    "incomeBeforeTax": 1582000000,
    "incomeBeforeTaxRatio": 0.120846383,
    "incomeTaxExpense": 302000000,
    "netIncome": 1280000000,
    "netIncomeRatio": 0.0977770988,
    "eps": 3.14,
    "epsdiluted": 3.13,
    "weightedAverageShsOut": 382200000,
    "weightedAverageShsOutDil": 383400000,
    "link": "https://www.sec.gov/Archives/edgar/data/927628/000092762824000174/0000927628-24-000174-index.htm",
    "finalLink": "https://www.sec.gov/Archives/edgar/data/927628/000092762824000174/cof-20240331.htm"
  },
  {
    "date": "2023-12-31",
    "symbol": "COF",
    "reportedCurrency": "USD",
    "cik": "0000927628",
    "fillingDate": "2024-02-23",
    "acceptedDate": "2024-02-22 18:12:08",
    "calendarYear": "2023",
    "period": "Q4",
    "revenue": 13132000000,
    "costOfRevenue": 6483000000,
    "grossProfit": 6649000000,
    "grossProfitRatio": 0.5063204386,
    "researchAndDevelopmentExpenses": 0,
    "generalAndAdministrativeExpenses": 2284000000,
    "sellingAndMarketingExpenses": 1254000000,
    "sellingGeneralAndAdministrativeExpenses": 3538000000,
    "otherExpenses": 2179000000,
    "operatingExpenses": 5717000000,
    "costAndExpenses": 12200000000,
    "interestIncome": 11145000000,
    "interestExpense": 3626000000,
    "depreciationAndAmortization": 798000000,
    "ebitda": 1730000000,
    "ebitdaratio": 0.1317392629,
    "operatingIncome": 932000000,
    "operatingIncomeRatio": 0.0709716723,
    "totalOtherIncomeExpensesNet": 0,
    "incomeBeforeTax": 932000000,
    "incomeBeforeTaxRatio": 0.0709716723,
    "incomeTaxExpense": 226000000,
    "netIncome": 706000000,
    "netIncomeRatio": 0.0537618032,
    "eps": 1.67,
    "epsdiluted": 1.67,
    "weightedAverageShsOut": 381900000,
    "weightedAverageShsOutDil": 382800000,
    "link": "https://www.sec.gov/Archives/edgar/data/927628/000092762824000094/0000927628-24-000094-index.htm",
    "finalLink": "https://www.sec.gov/Archives/edgar/data/927628/000092762824000094/cof-20231231.htm"
  },
  {
    "date": "2023-09-30",
    "symbol": "COF",
    "reportedCurrency": "USD",
    "cik": "0000927628",
    "fillingDate": "2023-11-02",
    "acceptedDate": "2023-11-02 16:06:55",
    "calendarYear": "2023",
    "period": "Q3",
    "revenue": 12816000000,
    "costOfRevenue": 5734000000,
    "grossProfit": 7082000000,
    "grossProfitRatio": 0.5525905119,
    "researchAndDevelopmentExpenses": 0,
    "generalAndAdministrativeExpenses": 2274000000,
    "sellingAndMarketingExpenses": 972000000,
    "sellingGeneralAndAdministrativeExpenses": 3246000000,
    "otherExpenses": 1614000000,
    "operatingExpenses": 4860000000,
    "costAndExpenses": 10594000000,
    "interestIncome": 10873000000,
    "interestExpense": 3450000000,
    "depreciationAndAmortization": 852000000,
    "ebitda": 3074000000,
    "ebitdaratio": 0.2398564295,
    "operatingIncome": 2222000000,
    "operatingIncomeRatio": 0.1733770287,
    "totalOtherIncomeExpensesNet": 0,
    "incomeBeforeTax": 2222000000,
    "incomeBeforeTaxRatio": 0.1733770287,
    "incomeTaxExpense": 432000000,
    "netIncome": 1790000000,
    "netIncomeRatio": 0.1396691635,
    "eps": 4.46,
    "epsdiluted": 4.45,
    "weightedAverageShsOut": 382500000,
    "weightedAverageShsOutDil": 383300000,
    "link": "https://www.sec.gov/Archives/edgar/data/927628/000092762823000296/0000927628-23-000296-index.htm",
    "finalLink": "https://www.sec.gov/Archives/edgar/data/927628/000092762823000296/cof-20230930.htm"
  },
  {
    "date": "2023-06-30",
    "symbol": "COF",
    "reportedCurrency": "USD",
    "cik": "0000927628",
    "fillingDate": "2023-07-27",
    "acceptedDate": "2023-07-27 16:19:07",
    "calendarYear": "2023",
    "period": "Q2",
    "revenue": 12065000000,
    "costOfRevenue": 5543000000,
    "grossProfit": 6522000000,
    "grossProfitRatio": 0.5405719022,
    "researchAndDevelopmentExpenses": 0,
    "generalAndAdministrativeExpenses": 2317000000,
    "sellingAndMarketingExpenses": 886000000,
    "sellingGeneralAndAdministrativeExpenses": 3203000000,
    "otherExpenses": 1591000000,
    "operatingExpenses": 4794000000,
    "costAndExpenses": 10337000000,
    "interestIncome": 10166000000,
    "interestExpense": 3053000000,
    "depreciationAndAmortization": 325000000,
    "ebitda": 2053000000,
    "ebitdaratio": 0.1701616245,
    "operatingIncome": 1728000000,
    "operatingIncomeRatio": 0.1432242022,
    "totalOtherIncomeExpensesNet": 0,
    "incomeBeforeTax": 1728000000,
    "incomeBeforeTaxRatio": 0.1432242022,
    "incomeTaxExpense": 297000000,
    "netIncome": 1431000000,
    "netIncomeRatio": 0.1186075425,
    "eps": 3.53,
    "epsdiluted": 3.52,
    "weightedAverageShsOut": 382800000,
    "weightedAverageShsOutDil": 383700000,
    "link": "https://www.sec.gov/Archives/edgar/data/927628/000092762823000250/0000927628-23-000250-index.htm",
    "finalLink": "https://www.sec.gov/Archives/edgar/data/927628/000092762823000250/cof-20230630.htm"
  },
  {
    "date": "2023-03-31",
    "symbol": "COF",
    "reportedCurrency": "USD",
    "cik": "0000927628",
    "fillingDate": "2023-05-05",
    "acceptedDate": "2023-05-05 12:38:59",
    "calendarYear": "2023",
    "period": "Q1",
    "revenue": 11471000000,
    "costOfRevenue": 5363000000,
    "grossProfit": 6108000000,
    "grossProfitRatio": 0.5324731933,
    "researchAndDevelopmentExpenses": 0,
    "generalAndAdministrativeExpenses": 2427000000,
    "sellingAndMarketingExpenses": 897000000,
    "sellingGeneralAndAdministrativeExpenses": 3324000000,
    "otherExpenses": 1621000000,
    "operatingExpenses": 4945000000,
    "costAndExpenses": 10308000000,
    "interestIncome": 9754000000,
    "interestExpense": 2568000000,
    "depreciationAndAmortization": 1251000000,
    "ebitda": 2414000000,
    "ebitdaratio": 0.2104437277,
    "operatingIncome": 1163000000,
    "operatingIncomeRatio": 0.1013861041,
    "totalOtherIncomeExpensesNet": 0,
    "incomeBeforeTax": 1163000000,
    "incomeBeforeTaxRatio": 0.1013861041,
    "incomeTaxExpense": 203000000,
    "netIncome": 960000000,
    "netIncomeRatio": 0.0836893035,
    "eps": 2.32,
    "epsdiluted": 2.31,
    "weightedAverageShsOut": 382600000,
    "weightedAverageShsOutDil": 383800000,
    "link": "https://www.sec.gov/Archives/edgar/data/927628/000092762823000168/0000927628-23-000168-index.htm",
    "finalLink": "https://www.sec.gov/Archives/edgar/data/927628/000092762823000168/cof-20230331.htm"
  },
  {
    "date": "2022-12-31",
    "symbol": "COF",
    "reportedCurrency": "USD",
    "cik": "0000927628",
    "fillingDate": "2023-02-24",
    "acceptedDate": "2023-02-24 15:11:38",
    "calendarYear": "2022",
    "period": "Q4",
    "revenue": 11001000000,
    "costOfRevenue": 4377000000,
    "grossProfit": 6624000000,
    "grossProfitRatio": 0.6021270794,
    "researchAndDevelopmentExpenses": 0,
    "generalAndAdministrativeExpenses": 2266000000,
    "sellingAndMarketingExpenses": 1118000000,
    "sellingGeneralAndAdministrativeExpenses": 3384000000,
    "otherExpenses": 1696000000,
    "operatingExpenses": 5080000000,
    "costAndExpenses": 9457000000,
    "interestIncome": 9158000000,
    "interestExpense": 1961000000,
    "depreciationAndAmortization": 843000000,
    "ebitda": 2387000000,
    "ebitdaratio": 0.2169802745,
    "operatingIncome": 1544000000,
    "operatingIncomeRatio": 0.1403508772,
    "totalOtherIncomeExpensesNet": 0,
    "incomeBeforeTax": 1544000000,
    "incomeBeforeTaxRatio": 0.1403508772,
    "incomeTaxExpense": 312000000,
    "netIncome": 1232000000,
    "netIncomeRatio": 0.1119898191,
    "eps": 3.03,
    "epsdiluted": 3.03,
    "weightedAverageShsOut": 382600000,
    "weightedAverageShsOutDil": 383700000,
    "link": "https://www.sec.gov/Archives/edgar/data/927628/000092762823000117/0000927628-23-000117-index.htm",
    "finalLink": "https://www.sec.gov/Archives/edgar/data/927628/000092762823000117/cof-20221231.htm"
  },
  {
    "date": "2022-09-30",
    "symbol": "COF",
    "reportedCurrency": "USD",
    "cik": "0000927628",
    "fillingDate": "2022-11-04",
    "acceptedDate": "2022-11-04 14:09:48",
    "calendarYear": "2022",
    "period": "Q3",
    "revenue": 10002000000,
    "costOfRevenue": 2866000000,
    "grossProfit": 7136000000,
    "grossProfitRatio": 0.7134573085,
    "researchAndDevelopmentExpenses": 0,
    "generalAndAdministrativeExpenses": 2187000000,
    "sellingAndMarketingExpenses": 978000000,
    "sellingGeneralAndAdministrativeExpenses": 3165000000,
    "otherExpenses": 1784000000,
    "operatingExpenses": 4949000000,
    "costAndExpenses": 7815000000,
    "interestIncome": 8200000000,
    "interestExpense": 1197000000,
    "depreciationAndAmortization": 744000000,
    "ebitda": 2931000000,
    "ebitdaratio": 0.2930413917,
    "operatingIncome": 2187000000,
    "operatingIncomeRatio": 0.2186562687,
    "totalOtherIncomeExpensesNet": 0,
    "incomeBeforeTax": 2187000000,
    "incomeBeforeTaxRatio": 0.2186562687,
    "incomeTaxExpense": 493000000,
    "netIncome": 1694000000,
    "netIncomeRatio": 0.1693661268,
    "eps": 4.42,
    "epsdiluted": 4.4,
    "weightedAverageShsOut": 383400000,
    "weightedAverageShsOutDil": 384600000,
    "link": "https://www.sec.gov/Archives/edgar/data/927628/000092762822000306/0000927628-22-000306-index.htm",
    "finalLink": "https://www.sec.gov/Archives/edgar/data/927628/000092762822000306/cof-20220930.htm"
  },
  {
    "date": "2022-06-30",
    "symbol": "COF",
    "reportedCurrency": "USD",
    "cik": "0000927628",
    "fillingDate": "2022-07-29",
    "acceptedDate": "2022-07-29 13:29:07",
    "calendarYear": "2022",
    "period": "Q2",
    "revenue": 8810000000,
    "costOfRevenue": 1663000000,
    "grossProfit": 7147000000,
    "grossProfitRatio": 0.8112372304,
    "researchAndDevelopmentExpenses": 0,
    "generalAndAdministrativeExpenses": 1946000000,
    "sellingAndMarketingExpenses": 1003000000,
    "sellingGeneralAndAdministrativeExpenses": 2949000000,
    "otherExpenses": 1634000000,
    "operatingExpenses": 4583000000,
    "costAndExpenses": 6246000000,
    "interestIncome": 7095000000,
    "interestExpense": 578000000,
    "depreciationAndAmortization": 784000000,
    "ebitda": 3348000000,
    "ebitdaratio": 0.3800227015,
    "operatingIncome": 2564000000,
    "operatingIncomeRatio": 0.2910329171,
    "totalOtherIncomeExpensesNet": 0,
    "incomeBeforeTax": 2564000000,
    "incomeBeforeTaxRatio": 0.2910329171,
    "incomeTaxExpense": 533000000,
    "netIncome": 2031000000,
    "netIncomeRatio": 0.2305334847,
    "eps": 5.19,
    "epsdiluted": 5.17,
    "weightedAverageShsOut": 391200000,
    "weightedAverageShsOutDil": 392600000,
    "link": "https://www.sec.gov/Archives/edgar/data/927628/000092762822000246/0000927628-22-000246-index.htm",
    "finalLink": "https://www.sec.gov/Archives/edgar/data/927628/000092762822000246/cof-20220630.htm"
  },
  {
    "date": "2022-03-31",
    "symbol": "COF",
    "reportedCurrency": "USD",
    "cik": "0000927628",
    "fillingDate": "2022-05-10",
    "acceptedDate": "2022-05-09 18:09:04",
    "calendarYear": "2022",
    "period": "Q1",
    "revenue": 8560000000,
    "costOfRevenue": 1064000000,
    "grossProfit": 7496000000,
    "grossProfitRatio": 0.8757009346,
    "researchAndDevelopmentExpenses": 0,
    "generalAndAdministrativeExpenses": 2026000000,
    "sellingAndMarketingExpenses": 918000000,
    "sellingGeneralAndAdministrativeExpenses": 2944000000,
    "otherExpenses": 1607000000,
    "operatingExpenses": 4551000000,
    "costAndExpenses": 5615000000,
    "interestIncome": 6784000000,
    "interestExpense": 387000000,
    "depreciationAndAmortization": 839000000,
    "ebitda": 3784000000,
    "ebitdaratio": 0.4420560748,
    "operatingIncome": 2945000000,
    "operatingIncomeRatio": 0.3440420561,
    "totalOtherIncomeExpensesNet": 0,
    "incomeBeforeTax": 2945000000,
    "incomeBeforeTaxRatio": 0.3440420561,
    "incomeTaxExpense": 542000000,
    "netIncome": 2403000000,
    "netIncomeRatio": 0.2807242991,
    "eps": 5.86,
    "epsdiluted": 5.83,
    "weightedAverageShsOut": 410400000,
    "weightedAverageShsOutDil": 412200000,
    "link": "https://www.sec.gov/Archives/edgar/data/927628/000092762822000195/0000927628-22-000195-index.htm",
    "finalLink": "https://www.sec.gov/Archives/edgar/data/927628/000092762822000195/cof-20220331.htm"
  },
  {
    "date": "2021-12-31",
    "symbol": "COF",
    "reportedCurrency": "USD",
    "cik": "0000927628",
    "fillingDate": "2022-02-25",
    "acceptedDate": "2022-02-25 16:21:21",
    "calendarYear": "2021",
    "period": "Q4",
    "revenue": 8499000000,
    "costOfRevenue": 762000000,
    "grossProfit": 7737000000,
    "grossProfitRatio": 0.9103423932,
    "researchAndDevelopmentExpenses": 0,
    "generalAndAdministrativeExpenses": 1941000000,
    "sellingAndMarketingExpenses": 999000000,
    "sellingGeneralAndAdministrativeExpenses": 2940000000,
    "otherExpenses": 1738000000,
    "operatingExpenses": 4678000000,
    "costAndExpenses": 5440000000,
    "interestIncome": 6831000000,
    "interestExpense": 381000000,
    "depreciationAndAmortization": 853000000,
    "ebitda": 3912000000,
    "ebitdaratio": 0.4602894458,
    "operatingIncome": 3059000000,
    "operatingIncomeRatio": 0.359924697,
    "totalOtherIncomeExpensesNet": 0,
    "incomeBeforeTax": 3059000000,
    "incomeBeforeTaxRatio": 0.359924697,
    "incomeTaxExpense": 633000000,
    "netIncome": 2425000000,
    "netIncomeRatio": 0.2853276856,
    "eps": 5.43,
    "epsdiluted": 5.41,
    "weightedAverageShsOut": 422500000,
    "weightedAverageShsOutDil": 424300000,
    "link": "https://www.sec.gov/Archives/edgar/data/927628/000092762822000106/0000927628-22-000106-index.htm",
    "finalLink": "https://www.sec.gov/Archives/edgar/data/927628/000092762822000106/cof-20211231.htm"
  },
  {
    "date": "2021-09-30",
    "symbol": "COF",
    "reportedCurrency": "USD",
    "cik": "0000927628",
    "fillingDate": "2021-11-05",
    "acceptedDate": "2021-11-05 15:38:45",
    "calendarYear": "2021",
    "period": "Q3",
    "revenue": 8212000000,
    "costOfRevenue": 40000000,
    "grossProfit": 8172000000,
    "grossProfitRatio": 0.9951290794,
    "researchAndDevelopmentExpenses": 0,
    "generalAndAdministrativeExpenses": 1852000000,
    "sellingAndMarketingExpenses": 751000000,
    "sellingGeneralAndAdministrativeExpenses": 2603000000,
    "otherExpenses": 1583000000,
    "operatingExpenses": 4186000000,
    "costAndExpenses": 4226000000,
    "interestIncome": 6538000000,
    "interestExpense": 382000000,
    "depreciationAndAmortization": 914000000,
    "ebitda": 4900000000,
    "ebitdaratio": 0.596687774,
    "operatingIncome": 3986000000,
    "operatingIncomeRatio": 0.4853872382,
    "totalOtherIncomeExpensesNet": 0,
    "incomeBeforeTax": 3986000000,
    "incomeBeforeTaxRatio": 0.4853872382,
    "incomeTaxExpense": 882000000,
    "netIncome": 3104000000,
    "netIncomeRatio": 0.3779834389,
    "eps": 6.81,
    "epsdiluted": 6.78,
    "weightedAverageShsOut": 457817000,
    "weightedAverageShsOutDil": 440500000,
    "link": "https://www.sec.gov/Archives/edgar/data/927628/000092762821000309/0000927628-21-000309-index.htm",
    "finalLink": "https://www.sec.gov/Archives/edgar/data/927628/000092762821000309/cof-20210930.htm"
  },
  {
    "date": "2021-06-30",
    "symbol": "COF",
    "reportedCurrency": "USD",
    "cik": "0000927628",
    "fillingDate": "2021-07-30",
    "acceptedDate": "2021-07-30 15:04:27",
    "calendarYear": "2021",
    "period": "Q2",
    "revenue": 7770000000,
    "costOfRevenue": -764000000,
    "grossProfit": 8534000000,
    "grossProfitRatio": 1.0983268983,
    "researchAndDevelopmentExpenses": 0,
    "generalAndAdministrativeExpenses": 1781000000,
    "sellingAndMarketingExpenses": 620000000,
    "sellingGeneralAndAdministrativeExpenses": 2401000000,
    "otherExpenses": 1565000000,
    "operatingExpenses": 3966000000,
    "costAndExpenses": 3202000000,
    "interestIncome": 6139000000,
    "interestExpense": 396000000,
    "depreciationAndAmortization": 859000000,
    "ebitda": 5427000000,
    "ebitdaratio": 0.6984555985,
    "operatingIncome": 4568000000,
    "operatingIncomeRatio": 0.5879021879,
    "totalOtherIncomeExpensesNet": 0,
    "incomeBeforeTax": 4568000000,
    "incomeBeforeTaxRatio": 0.5879021879,
    "incomeTaxExpense": 1031000000,
    "netIncome": 3536000000,
    "netIncomeRatio": 0.4550836551,
    "eps": 7.65,
    "epsdiluted": 7.62,
    "weightedAverageShsOut": 450600000,
    "weightedAverageShsOutDil": 452300000,
    "link": "https://www.sec.gov/Archives/edgar/data/927628/000092762821000256/0000927628-21-000256-index.htm",
    "finalLink": "https://www.sec.gov/Archives/edgar/data/927628/000092762821000256/cof-20210630.htm"
  },
  {
    "date": "2021-03-31",
    "symbol": "COF",
    "reportedCurrency": "USD",
    "cik": "0000927628",
    "fillingDate": "2021-05-07",
    "acceptedDate": "2021-05-07 14:28:51",
    "calendarYear": "2021",
    "period": "Q1",
    "revenue": 7552000000,
    "costOfRevenue": -384000000,
    "grossProfit": 7936000000,
    "grossProfitRatio": 1.0508474576,
    "researchAndDevelopmentExpenses": 0,
    "generalAndAdministrativeExpenses": 1847000000,
    "sellingAndMarketingExpenses": 501000000,
    "sellingGeneralAndAdministrativeExpenses": 2348000000,
    "otherExpenses": 1392000000,
    "operatingExpenses": 3740000000,
    "costAndExpenses": 3356000000,
    "interestIncome": 6261000000,
    "interestExpense": 439000000,
    "depreciationAndAmortization": 855000000,
    "ebitda": 5051000000,
    "ebitdaratio": 0.6688294492,
    "operatingIncome": 4196000000,
    "operatingIncomeRatio": 0.5556144068,
    "totalOtherIncomeExpensesNet": 0,
    "incomeBeforeTax": 4196000000,
    "incomeBeforeTaxRatio": 0.5556144068,
    "incomeTaxExpense": 869000000,
    "netIncome": 3325000000,
    "netIncomeRatio": 0.4402807203,
    "eps": 7.06,
    "epsdiluted": 7.03,
    "weightedAverageShsOut": 458600000,
    "weightedAverageShsOutDil": 460100000,
    "link": "https://www.sec.gov/Archives/edgar/data/927628/000092762821000175/0000927628-21-000175-index.htm",
    "finalLink": "https://www.sec.gov/Archives/edgar/data/927628/000092762821000175/cof-20210331.htm"
  },
  {
    "date": "2020-12-31",
    "symbol": "COF",
    "reportedCurrency": "USD",
    "cik": "0000927628",
    "fillingDate": "2021-02-25",
    "acceptedDate": "2021-02-25 16:40:40",
    "calendarYear": "2020",
    "period": "Q4",
    "revenue": 7855000000,
    "costOfRevenue": 782000000,
    "grossProfit": 7073000000,
    "grossProfitRatio": 0.9004455761,
    "researchAndDevelopmentExpenses": 0,
    "generalAndAdministrativeExpenses": 1755000000,
    "sellingAndMarketingExpenses": 563000000,
    "sellingGeneralAndAdministrativeExpenses": 2318000000,
    "otherExpenses": 1691000000,
    "operatingExpenses": 4009000000,
    "costAndExpenses": 4791000000,
    "interestIncome": 6391000000,
    "interestExpense": 518000000,
    "depreciationAndAmortization": 800000000,
    "ebitda": 3864000000,
    "ebitdaratio": 0.4919159771,
    "operatingIncome": 3064000000,
    "operatingIncomeRatio": 0.3900700191,
    "totalOtherIncomeExpensesNet": 0,
    "incomeBeforeTax": 3064000000,
    "incomeBeforeTaxRatio": 0.3900700191,
    "incomeTaxExpense": 496000000,
    "netIncome": 2566000000,
    "netIncomeRatio": 0.3266709102,
    "eps": 5.36,
    "epsdiluted": 5.35,
    "weightedAverageShsOut": 459100000,
    "weightedAverageShsOutDil": 460200000,
    "link": "https://www.sec.gov/Archives/edgar/data/927628/000092762821000094/0000927628-21-000094-index.htm",
    "finalLink": "https://www.sec.gov/Archives/edgar/data/927628/000092762821000094/cof-20201231.htm"
  },
  {
    "date": "2020-09-30",
    "symbol": "COF",
    "reportedCurrency": "USD",
    "cik": "0000927628",
    "fillingDate": "2020-11-02",
    "acceptedDate": "2020-11-02 17:16:34",
    "calendarYear": "2020",
    "period": "Q3",
    "revenue": 8041000000,
    "costOfRevenue": 991000000,
    "grossProfit": 7050000000,
    "grossProfitRatio": 0.8767566223,
    "researchAndDevelopmentExpenses": 0,
    "generalAndAdministrativeExpenses": 1719000000,
    "sellingAndMarketingExpenses": 283000000,
    "sellingGeneralAndAdministrativeExpenses": 2002000000,
    "otherExpenses": 1546000000,
    "operatingExpenses": 3548000000,
    "costAndExpenses": 4539000000,
    "interestIncome": 6215000000,
    "interestExpense": 660000000,
    "depreciationAndAmortization": 897000000,
    "ebitda": 4399000000,
    "ebitdaratio": 0.5470712598,
    "operatingIncome": 3502000000,
    "operatingIncomeRatio": 0.4355179704,
    "totalOtherIncomeExpensesNet": 0,
    "incomeBeforeTax": 3502000000,
    "incomeBeforeTaxRatio": 0.4355179704,
    "incomeTaxExpense": 1096000000,
    "netIncome": 2406000000,
    "netIncomeRatio": 0.2992165154,
    "eps": 5.07,
    "epsdiluted": 5.06,
    "weightedAverageShsOut": 457800000,
    "weightedAverageShsOutDil": 458500000,
    "link": "https://www.sec.gov/Archives/edgar/data/927628/000092762820000286/0000927628-20-000286-index.htm",
    "finalLink": "https://www.sec.gov/Archives/edgar/data/927628/000092762820000286/cof-20200930.htm"
  },
  {
    "date": "2020-06-30",
    "symbol": "COF",
    "reportedCurrency": "USD",
    "cik": "0000927628",
    "fillingDate": "2020-08-06",
    "acceptedDate": "2020-08-06 13:37:54",
    "calendarYear": "2020",
    "period": "Q2",
    "revenue": 7414000000,
    "costOfRevenue": 5104000000,
    "grossProfit": 2310000000,
    "grossProfitRatio": 0.3115727003,
    "researchAndDevelopmentExpenses": 0,
    "generalAndAdministrativeExpenses": 1704000000,
    "sellingAndMarketingExpenses": 273000000,
    "sellingGeneralAndAdministrativeExpenses": 1977000000,
    "otherExpenses": 1793000000,
    "operatingExpenses": 3770000000,
    "costAndExpenses": 8874000000,
    "interestIncome": 6318000000,
    "interestExpense": 858000000,
    "depreciationAndAmortization": 911000000,
    "ebitda": -549000000,
    "ebitdaratio": -0.0740490963,
    "operatingIncome": -1460000000,
    "operatingIncomeRatio": -0.196924737,
    "totalOtherIncomeExpensesNet": 0,
    "incomeBeforeTax": -1460000000,
    "incomeBeforeTaxRatio": -0.196924737,
    "incomeTaxExpense": -543000000,
    "netIncome": -918000000,
    "netIncomeRatio": -0.1238198004,
    "eps": -2.21,
    "epsdiluted": -2.21,
    "weightedAverageShsOut": 455481000,
    "weightedAverageShsOutDil": 456700000,
    "link": "https://www.sec.gov/Archives/edgar/data/927628/000092762820000242/0000927628-20-000242-index.htm",
    "finalLink": "https://www.sec.gov/Archives/edgar/data/927628/000092762820000242/cof-06302020x10q.htm"
  },
  {
    "date": "2020-03-31",
    "symbol": "COF",
    "reportedCurrency": "USD",
    "cik": "0000927628",
    "fillingDate": "2020-05-01",
    "acceptedDate": "2020-05-01 14:51:53",
    "calendarYear": "2020",
    "period": "Q1",
    "revenue": 8333000000,
    "costOfRevenue": 6507000000,
    "grossProfit": 1826000000,
    "grossProfitRatio": 0.2191287652,
    "researchAndDevelopmentExpenses": 0,
    "generalAndAdministrativeExpenses": 1627000000,
    "sellingAndMarketingExpenses": 491000000,
    "sellingGeneralAndAdministrativeExpenses": 2118000000,
    "otherExpenses": 1611000000,
    "operatingExpenses": 3729000000,
    "costAndExpenses": 10236000000,
    "interestIncome": 7109000000,
    "interestExpense": 1084000000,
    "depreciationAndAmortization": 893000000,
    "ebitda": -1010000000,
    "ebitdaratio": -0.1212048482,
    "operatingIncome": -1903000000,
    "operatingIncomeRatio": -0.2283691348,
    "totalOtherIncomeExpensesNet": 0,
    "incomeBeforeTax": -1903000000,
    "incomeBeforeTaxRatio": -0.2283691348,
    "incomeTaxExpense": -563000000,
    "netIncome": -1340000000,
    "netIncomeRatio": -0.1608064323,
    "eps": -2.93,
    "epsdiluted": -2.93,
    "weightedAverageShsOut": 457600000,
    "weightedAverageShsOutDil": 457600000,
    "link": "https://www.sec.gov/Archives/edgar/data/927628/000092762820000173/0000927628-20-000173-index.htm",
    "finalLink": "https://www.sec.gov/Archives/edgar/data/927628/000092762820000173/cof-03312020x10q.htm"
  },
  {
    "date": "2019-12-31",
    "symbol": "COF",
    "reportedCurrency": "USD",
    "cik": "0000927628",
    "fillingDate": "2020-02-20",
    "acceptedDate": "2020-02-20 16:17:55",
    "calendarYear": "2019",
    "period": "Q4",
    "revenue": 8631000000,
    "costOfRevenue": 3022000000,
    "grossProfit": 5609000000,
    "grossProfitRatio": 0.6498667594,
    "researchAndDevelopmentExpenses": 0,
    "generalAndAdministrativeExpenses": 1652000000,
    "sellingAndMarketingExpenses": 710000000,
    "sellingGeneralAndAdministrativeExpenses": 2362000000,
    "otherExpenses": 1799000000,
    "operatingExpenses": 4161000000,
    "costAndExpenses": 7183000000,
    "interestIncome": 7270000000,
    "interestExpense": 1204000000,
    "depreciationAndAmortization": 905000000,
    "ebitda": 2353000000,
    "ebitdaratio": 0.2726219442,
    "operatingIncome": 1448000000,
    "operatingIncomeRatio": 0.1677673502,
    "totalOtherIncomeExpensesNet": 0,
    "incomeBeforeTax": 1448000000,
    "incomeBeforeTaxRatio": 0.1677673502,
    "incomeTaxExpense": 270000000,
    "netIncome": 1176000000,
    "netIncomeRatio": 0.1362530414,
    "eps": 2.26,
    "epsdiluted": 2.25,
    "weightedAverageShsOut": 460900000,
    "weightedAverageShsOutDil": 463400000,
    "link": "https://www.sec.gov/Archives/edgar/data/927628/000092762820000102/0000927628-20-000102-index.htm",
    "finalLink": "https://www.sec.gov/Archives/edgar/data/927628/000092762820000102/cof-12312019x10k.htm"
  },
  {
    "date": "2019-09-30",
    "symbol": "COF",
    "reportedCurrency": "USD",
    "cik": "0000927628",
    "fillingDate": "2019-10-31",
    "acceptedDate": "2019-10-31 15:18:02",
    "calendarYear": "2019",
    "period": "Q3",
    "revenue": 8297000000,
    "costOfRevenue": 2721000000,
    "grossProfit": 5576000000,
    "grossProfitRatio": 0.6720501386,
    "researchAndDevelopmentExpenses": 0,
    "generalAndAdministrativeExpenses": 1605000000,
    "sellingAndMarketingExpenses": 501000000,
    "sellingGeneralAndAdministrativeExpenses": 2106000000,
    "otherExpenses": 1766000000,
    "operatingExpenses": 3872000000,
    "costAndExpenses": 6593000000,
    "interestIncome": 7075000000,
    "interestExpense": 1338000000,
    "depreciationAndAmortization": 849000000,
    "ebitda": 2553000000,
    "ebitdaratio": 0.3077015789,
    "operatingIncome": 1704000000,
    "operatingIncomeRatio": 0.2053754369,
    "totalOtherIncomeExpensesNet": 0,
    "incomeBeforeTax": 1704000000,
    "incomeBeforeTaxRatio": 0.2053754369,
    "incomeTaxExpense": 375000000,
    "netIncome": 1333000000,
    "netIncomeRatio": 0.1606604797,
    "eps": 2.71,
    "epsdiluted": 2.69,
    "weightedAverageShsOut": 469500000,
    "weightedAverageShsOutDil": 471800000,
    "link": "https://www.sec.gov/Archives/edgar/data/927628/000092762819000312/0000927628-19-000312-index.htm",
    "finalLink": "https://www.sec.gov/Archives/edgar/data/927628/000092762819000312/cof-09302019x10q.htm"
  },
  {
    "date": "2019-06-30",
    "symbol": "COF",
    "reportedCurrency": "USD",
    "cik": "0000927628",
    "fillingDate": "2019-07-31",
    "acceptedDate": "2019-07-30 20:58:59",
    "calendarYear": "2019",
    "period": "Q2",
    "revenue": 8454000000,
    "costOfRevenue": 2672000000,
    "grossProfit": 5782000000,
    "grossProfitRatio": 0.6839365981,
    "researchAndDevelopmentExpenses": 0,
    "generalAndAdministrativeExpenses": 1558000000,
    "sellingAndMarketingExpenses": 546000000,
    "sellingGeneralAndAdministrativeExpenses": 2104000000,
    "otherExpenses": 1675000000,
    "operatingExpenses": 3779000000,
    "costAndExpenses": 6451000000,
    "interestIncome": 7076000000,
    "interestExpense": 1330000000,
    "depreciationAndAmortization": 881000000,
    "ebitda": 2884000000,
    "ebitdaratio": 0.3411402886,
    "operatingIncome": 2003000000,
    "operatingIncomeRatio": 0.2369292643,
    "totalOtherIncomeExpensesNet": 0,
    "incomeBeforeTax": 2003000000,
    "incomeBeforeTaxRatio": 0.2369292643,
    "incomeTaxExpense": 387000000,
    "netIncome": 1625000000,
    "netIncomeRatio": 0.1922167022,
    "eps": 3.26,
    "epsdiluted": 3.24,
    "weightedAverageShsOut": 470800000,
    "weightedAverageShsOutDil": 473000000,
    "link": "https://www.sec.gov/Archives/edgar/data/927628/000092762819000274/0000927628-19-000274-index.htm",
    "finalLink": "https://www.sec.gov/Archives/edgar/data/927628/000092762819000274/cof-06302019x10q.htm"
  },
  {
    "date": "2019-03-31",
    "symbol": "COF",
    "reportedCurrency": "USD",
    "cik": "0000927628",
    "fillingDate": "2019-05-01",
    "acceptedDate": "2019-05-01 16:02:08",
    "calendarYear": "2019",
    "period": "Q1",
    "revenue": 8384000000,
    "costOfRevenue": 2994000000,
    "grossProfit": 5390000000,
    "grossProfitRatio": 0.6428912214,
    "researchAndDevelopmentExpenses": 0,
    "generalAndAdministrativeExpenses": 1573000000,
    "sellingAndMarketingExpenses": 517000000,
    "sellingGeneralAndAdministrativeExpenses": 2090000000,
    "otherExpenses": 1581000000,
    "operatingExpenses": 3671000000,
    "costAndExpenses": 6665000000,
    "interestIncome": 7092000000,
    "interestExpense": 1301000000,
    "depreciationAndAmortization": 704000000,
    "ebitda": 2423000000,
    "ebitdaratio": 0.2890028626,
    "operatingIncome": 1719000000,
    "operatingIncomeRatio": 0.2050333969,
    "totalOtherIncomeExpensesNet": 0,
    "incomeBeforeTax": 1719000000,
    "incomeBeforeTaxRatio": 0.2050333969,
    "incomeTaxExpense": 309000000,
    "netIncome": 1412000000,
    "netIncomeRatio": 0.1684160305,
    "eps": 2.87,
    "epsdiluted": 2.86,
    "weightedAverageShsOut": 469400000,
    "weightedAverageShsOutDil": 471600000,
    "link": "https://www.sec.gov/Archives/edgar/data/927628/000092762819000177/0000927628-19-000177-index.htm",
    "finalLink": "https://www.sec.gov/Archives/edgar/data/927628/000092762819000177/cof-03312019x10q.htm"
  },
  {
    "date": "2018-12-31",
    "symbol": "COF",
    "reportedCurrency": "USD",
    "cik": "0000927628",
    "fillingDate": "2019-02-20",
    "acceptedDate": "2019-02-20 15:52:42",
    "calendarYear": "2018",
    "period": "Q4",
    "revenue": 7742000000,
    "costOfRevenue": 2866000000,
    "grossProfit": 4876000000,
    "grossProfitRatio": 0.6298114182,
    "researchAndDevelopmentExpenses": 0,
    "generalAndAdministrativeExpenses": 1345000000,
    "sellingAndMarketingExpenses": 831000000,
    "sellingGeneralAndAdministrativeExpenses": 2176000000,
    "otherExpenses": 1457000000,
    "operatingExpenses": 3633000000,
    "costAndExpenses": 6499000000,
    "interestIncome": 7048000000,
    "interestExpense": 1228000000,
    "depreciationAndAmortization": 675000000,
    "ebitda": 1918000000,
    "ebitdaratio": 0.2477396022,
    "operatingIncome": 1243000000,
    "operatingIncomeRatio": 0.1605528287,
    "totalOtherIncomeExpensesNet": 0,
    "incomeBeforeTax": 1243000000,
    "incomeBeforeTaxRatio": 0.1605528287,
    "incomeTaxExpense": -21000000,
    "netIncome": 1261000000,
    "netIncomeRatio": 0.1628778094,
    "eps": 2.49,
    "epsdiluted": 2.48,
    "weightedAverageShsOut": 470000000,
    "weightedAverageShsOutDil": 472700000,
    "link": "https://www.sec.gov/Archives/edgar/data/927628/000092762819000093/0000927628-19-000093-index.htm",
    "finalLink": "https://www.sec.gov/Archives/edgar/data/927628/000092762819000093/cof-12312018x10k.htm"
  },
  {
    "date": "2018-09-30",
    "symbol": "COF",
    "reportedCurrency": "USD",
    "cik": "0000927628",
    "fillingDate": "2018-11-01",
    "acceptedDate": "2018-10-31 17:56:39",
    "calendarYear": "2018",
    "period": "Q3",
    "revenue": 8071000000,
    "costOfRevenue": 2377000000,
    "grossProfit": 5694000000,
    "grossProfitRatio": 0.705488787,
    "researchAndDevelopmentExpenses": 0,
    "generalAndAdministrativeExpenses": 1432000000,
    "sellingAndMarketingExpenses": 504000000,
    "sellingGeneralAndAdministrativeExpenses": 1936000000,
    "otherExpenses": 1837000000,
    "operatingExpenses": 3773000000,
    "costAndExpenses": 6150000000,
    "interestIncome": 6895000000,
    "interestExpense": 1109000000,
    "depreciationAndAmortization": 589000000,
    "ebitda": 2510000000,
    "ebitdaratio": 0.3109899641,
    "operatingIncome": 1921000000,
    "operatingIncomeRatio": 0.2380126378,
    "totalOtherIncomeExpensesNet": 0,
    "incomeBeforeTax": 1921000000,
    "incomeBeforeTaxRatio": 0.2380126378,
    "incomeTaxExpense": 420000000,
    "netIncome": 1502000000,
    "netIncomeRatio": 0.1860983769,
    "eps": 3.01,
    "epsdiluted": 2.99,
    "weightedAverageShsOut": 477800000,
    "weightedAverageShsOutDil": 480900000,
    "link": "https://www.sec.gov/Archives/edgar/data/927628/000092762818000317/0000927628-18-000317-index.htm",
    "finalLink": "https://www.sec.gov/Archives/edgar/data/927628/000092762818000317/cof-09302018x10q.htm"
  },
  {
    "date": "2018-06-30",
    "symbol": "COF",
    "reportedCurrency": "USD",
    "cik": "0000927628",
    "fillingDate": "2018-07-27",
    "acceptedDate": "2018-07-27 16:40:02",
    "calendarYear": "2018",
    "period": "Q2",
    "revenue": 8237000000,
    "costOfRevenue": 2321000000,
    "grossProfit": 5916000000,
    "grossProfitRatio": 0.7182226539,
    "researchAndDevelopmentExpenses": 0,
    "generalAndAdministrativeExpenses": 1430000000,
    "sellingAndMarketingExpenses": 425000000,
    "sellingGeneralAndAdministrativeExpenses": 1855000000,
    "otherExpenses": 1569000000,
    "operatingExpenses": 3424000000,
    "costAndExpenses": 5745000000,
    "interestIncome": 6596000000,
    "interestExpense": 1045000000,
    "depreciationAndAmortization": 582000000,
    "ebitda": 3074000000,
    "ebitdaratio": 0.3731941241,
    "operatingIncome": 2492000000,
    "operatingIncomeRatio": 0.3025373316,
    "totalOtherIncomeExpensesNet": 0,
    "incomeBeforeTax": 2492000000,
    "incomeBeforeTaxRatio": 0.3025373316,
    "incomeTaxExpense": 575000000,
    "netIncome": 1906000000,
    "netIncomeRatio": 0.2313949253,
    "eps": 3.74,
    "epsdiluted": 3.71,
    "weightedAverageShsOut": 485100000,
    "weightedAverageShsOutDil": 488300000,
    "link": "https://www.sec.gov/Archives/edgar/data/927628/000092762818000281/0000927628-18-000281-index.htm",
    "finalLink": "https://www.sec.gov/Archives/edgar/data/927628/000092762818000281/cof-06302018x10q.htm"
  },
  {
    "date": "2018-03-31",
    "symbol": "COF",
    "reportedCurrency": "USD",
    "cik": "0000927628",
    "fillingDate": "2018-05-02",
    "acceptedDate": "2018-05-02 16:37:58",
    "calendarYear": "2018",
    "period": "Q1",
    "revenue": 7828000000,
    "costOfRevenue": 2593000000,
    "grossProfit": 5235000000,
    "grossProfitRatio": 0.6687531937,
    "researchAndDevelopmentExpenses": 0,
    "generalAndAdministrativeExpenses": 1520000000,
    "sellingAndMarketingExpenses": 414000000,
    "sellingGeneralAndAdministrativeExpenses": 1934000000,
    "otherExpenses": 1639000000,
    "operatingExpenses": 3573000000,
    "costAndExpenses": 6166000000,
    "interestIncome": 6637000000,
    "interestExpense": 919000000,
    "depreciationAndAmortization": 550000000,
    "ebitda": 2212000000,
    "ebitdaratio": 0.2825753705,
    "operatingIncome": 1662000000,
    "operatingIncomeRatio": 0.2123147675,
    "totalOtherIncomeExpensesNet": 0,
    "incomeBeforeTax": 1662000000,
    "incomeBeforeTaxRatio": 0.2123147675,
    "incomeTaxExpense": 319000000,
    "netIncome": 1346000000,
    "netIncomeRatio": 0.1719468574,
    "eps": 2.64,
    "epsdiluted": 2.62,
    "weightedAverageShsOut": 486900000,
    "weightedAverageShsOutDil": 490800000,
    "link": "https://www.sec.gov/Archives/edgar/data/927628/000092762818000179/0000927628-18-000179-index.htm",
    "finalLink": "https://www.sec.gov/Archives/edgar/data/927628/000092762818000179/cof-03312018x10q.htm"
  },
  {
    "date": "2017-12-31",
    "symbol": "COF",
    "reportedCurrency": "USD",
    "cik": "0000927628",
    "fillingDate": "2018-02-21",
    "acceptedDate": "2018-02-21 17:01:17",
    "calendarYear": "2017",
    "period": "Q4",
    "revenue": 7804000000,
    "costOfRevenue": 2717000000,
    "grossProfit": 5087000000,
    "grossProfitRatio": 0.6518452076,
    "researchAndDevelopmentExpenses": 0,
    "generalAndAdministrativeExpenses": 1521000000,
    "sellingAndMarketingExpenses": 460000000,
    "sellingGeneralAndAdministrativeExpenses": 1981000000,
    "otherExpenses": 1798000000,
    "operatingExpenses": 3779000000,
    "costAndExpenses": 6496000000,
    "interestIncome": 6604000000,
    "interestExpense": 791000000,
    "depreciationAndAmortization": 721000000,
    "ebitda": 2029000000,
    "ebitdaratio": 0.2599948744,
    "operatingIncome": 1308000000,
    "operatingIncomeRatio": 0.1676063557,
    "totalOtherIncomeExpensesNet": 0,
    "incomeBeforeTax": 1308000000,
    "incomeBeforeTaxRatio": 0.1676063557,
    "incomeTaxExpense": 2170000000,
    "netIncome": -971000000,
    "netIncomeRatio": -0.1244233726,
    "eps": -2,
    "epsdiluted": -2,
    "weightedAverageShsOut": 504254000,
    "weightedAverageShsOutDil": 485700000,
    "link": "https://www.sec.gov/Archives/edgar/data/927628/000092762818000107/0000927628-18-000107-index.htm",
    "finalLink": "https://www.sec.gov/Archives/edgar/data/927628/000092762818000107/cof-12312017x10k.htm"
  },
  {
    "date": "2017-09-30",
    "symbol": "COF",
    "reportedCurrency": "USD",
    "cik": "0000927628",
    "fillingDate": "2017-11-01",
    "acceptedDate": "2017-11-01 16:55:15",
    "calendarYear": "2017",
    "period": "Q3",
    "revenue": 7705000000,
    "costOfRevenue": 2553000000,
    "grossProfit": 5152000000,
    "grossProfitRatio": 0.6686567164,
    "researchAndDevelopmentExpenses": 0,
    "generalAndAdministrativeExpenses": 1524000000,
    "sellingAndMarketingExpenses": 379000000,
    "sellingGeneralAndAdministrativeExpenses": 1903000000,
    "otherExpenses": 1664000000,
    "operatingExpenses": 3567000000,
    "costAndExpenses": 6120000000,
    "interestIncome": 6420000000,
    "interestExpense": 720000000,
    "depreciationAndAmortization": 588000000,
    "ebitda": 2173000000,
    "ebitdaratio": 0.2820246593,
    "operatingIncome": 1585000000,
    "operatingIncomeRatio": 0.2057105775,
    "totalOtherIncomeExpensesNet": 0,
    "incomeBeforeTax": 1585000000,
    "incomeBeforeTaxRatio": 0.2057105775,
    "incomeTaxExpense": 448000000,
    "netIncome": 1107000000,
    "netIncomeRatio": 0.1436729396,
    "eps": 2.16,
    "epsdiluted": 2.14,
    "weightedAverageShsOut": 484900000,
    "weightedAverageShsOutDil": 489000000,
    "link": "https://www.sec.gov/Archives/edgar/data/927628/000092762817000279/0000927628-17-000279-index.htm",
    "finalLink": "https://www.sec.gov/Archives/edgar/data/927628/000092762817000279/cof-09302017x10q.htm"
  },
  {
    "date": "2017-06-30",
    "symbol": "COF",
    "reportedCurrency": "USD",
    "cik": "0000927628",
    "fillingDate": "2017-07-28",
    "acceptedDate": "2017-07-28 16:06:12",
    "calendarYear": "2017",
    "period": "Q2",
    "revenue": 7359000000,
    "costOfRevenue": 2455000000,
    "grossProfit": 4904000000,
    "grossProfitRatio": 0.6663948906,
    "researchAndDevelopmentExpenses": 0,
    "generalAndAdministrativeExpenses": 1383000000,
    "sellingAndMarketingExpenses": 435000000,
    "sellingGeneralAndAdministrativeExpenses": 1818000000,
    "otherExpenses": 1596000000,
    "operatingExpenses": 3414000000,
    "costAndExpenses": 5869000000,
    "interestIncome": 6128000000,
    "interestExpense": 655000000,
    "depreciationAndAmortization": 565000000,
    "ebitda": 2055000000,
    "ebitdaratio": 0.2792498981,
    "operatingIncome": 1490000000,
    "operatingIncomeRatio": 0.2024731621,
    "totalOtherIncomeExpensesNet": 0,
    "incomeBeforeTax": 1490000000,
    "incomeBeforeTaxRatio": 0.2024731621,
    "incomeTaxExpense": 443000000,
    "netIncome": 1036000000,
    "netIncomeRatio": 0.1407799973,
    "eps": 1.96,
    "epsdiluted": 1.94,
    "weightedAverageShsOut": 484000000,
    "weightedAverageShsOutDil": 488100000,
    "link": "https://www.sec.gov/Archives/edgar/data/927628/000092762817000246/0000927628-17-000246-index.htm",
    "finalLink": "https://www.sec.gov/Archives/edgar/data/927628/000092762817000246/cof-06302017x10q.htm"
  },
  {
    "date": "2017-03-31",
    "symbol": "COF",
    "reportedCurrency": "USD",
    "cik": "0000927628",
    "fillingDate": "2017-05-03",
    "acceptedDate": "2017-05-03 16:50:22",
    "calendarYear": "2017",
    "period": "Q1",
    "revenue": 7131000000,
    "costOfRevenue": 2588000000,
    "grossProfit": 4543000000,
    "grossProfitRatio": 0.6370775487,
    "researchAndDevelopmentExpenses": 0,
    "generalAndAdministrativeExpenses": 1471000000,
    "sellingAndMarketingExpenses": 396000000,
    "sellingGeneralAndAdministrativeExpenses": 1867000000,
    "otherExpenses": 1567000000,
    "operatingExpenses": 3434000000,
    "costAndExpenses": 6022000000,
    "interestIncome": 6070000000,
    "interestExpense": 596000000,
    "depreciationAndAmortization": 566000000,
    "ebitda": 1675000000,
    "ebitdaratio": 0.2348899173,
    "operatingIncome": 1109000000,
    "operatingIncomeRatio": 0.1555181601,
    "totalOtherIncomeExpensesNet": 0,
    "incomeBeforeTax": 1109000000,
    "incomeBeforeTaxRatio": 0.1555181601,
    "incomeTaxExpense": 314000000,
    "netIncome": 810000000,
    "netIncomeRatio": 0.113588557,
    "eps": 1.56,
    "epsdiluted": 1.54,
    "weightedAverageShsOut": 482300000,
    "weightedAverageShsOutDil": 487900000,
    "link": "https://www.sec.gov/Archives/edgar/data/927628/000092762817000179/0000927628-17-000179-index.htm",
    "finalLink": "https://www.sec.gov/Archives/edgar/data/927628/000092762817000179/cof-03312017x10q.htm"
  },
  {
    "date": "2016-12-31",
    "symbol": "COF",
    "reportedCurrency": "USD",
    "cik": "0000927628",
    "fillingDate": "2017-02-23",
    "acceptedDate": "2017-02-23 16:30:02",
    "calendarYear": "2016",
    "period": "Q4",
    "revenue": 7128000000,
    "costOfRevenue": 2314000000,
    "grossProfit": 4814000000,
    "grossProfitRatio": 0.6753647587,
    "researchAndDevelopmentExpenses": 0,
    "generalAndAdministrativeExpenses": 1336000000,
    "sellingAndMarketingExpenses": 575000000,
    "sellingGeneralAndAdministrativeExpenses": 1911000000,
    "otherExpenses": 1768000000,
    "operatingExpenses": 3679000000,
    "costAndExpenses": 5993000000,
    "interestIncome": 6009000000,
    "interestExpense": 562000000,
    "depreciationAndAmortization": 609000000,
    "ebitda": 1744000000,
    "ebitdaratio": 0.2446689113,
    "operatingIncome": 1135000000,
    "operatingIncomeRatio": 0.1592312009,
    "totalOtherIncomeExpensesNet": 0,
    "incomeBeforeTax": 1135000000,
    "incomeBeforeTaxRatio": 0.1592312009,
    "incomeTaxExpense": 342000000,
    "netIncome": 791000000,
    "netIncomeRatio": 0.1109708193,
    "eps": 1.47,
    "epsdiluted": 1.45,
    "weightedAverageShsOut": 483500000,
    "weightedAverageShsOutDil": 489200000,
    "link": "https://www.sec.gov/Archives/edgar/data/927628/000092762817000115/0000927628-17-000115-index.htm",
    "finalLink": "https://www.sec.gov/Archives/edgar/data/927628/000092762817000115/cof-12312016x10k.htm"
  },
  {
    "date": "2016-09-30",
    "symbol": "COF",
    "reportedCurrency": "USD",
    "cik": "0000927628",
    "fillingDate": "2016-11-03",
    "acceptedDate": "2016-11-02 17:36:57",
    "calendarYear": "2016",
    "period": "Q3",
    "revenue": 6978000000,
    "costOfRevenue": 2105000000,
    "grossProfit": 4873000000,
    "grossProfitRatio": 0.6983376326,
    "researchAndDevelopmentExpenses": 0,
    "generalAndAdministrativeExpenses": 1317000000,
    "sellingAndMarketingExpenses": 393000000,
    "sellingGeneralAndAdministrativeExpenses": 1710000000,
    "otherExpenses": 1651000000,
    "operatingExpenses": 3361000000,
    "costAndExpenses": 5466000000,
    "interestIncome": 5794000000,
    "interestExpense": 517000000,
    "depreciationAndAmortization": 612000000,
    "ebitda": 2124000000,
    "ebitdaratio": 0.3043852107,
    "operatingIncome": 1512000000,
    "operatingIncomeRatio": 0.2166809974,
    "totalOtherIncomeExpensesNet": 0,
    "incomeBeforeTax": 1512000000,
    "incomeBeforeTaxRatio": 0.2166809974,
    "incomeTaxExpense": 496000000,
    "netIncome": 1005000000,
    "netIncomeRatio": 0.1440240757,
    "eps": 1.92,
    "epsdiluted": 1.9,
    "weightedAverageShsOut": 501100000,
    "weightedAverageShsOutDil": 505900000,
    "link": "https://www.sec.gov/Archives/edgar/data/927628/000092762816000228/0000927628-16-000228-index.htm",
    "finalLink": "https://www.sec.gov/Archives/edgar/data/927628/000092762816000228/cof-09302016x10q.htm"
  },
  {
    "date": "2016-06-30",
    "symbol": "COF",
    "reportedCurrency": "USD",
    "cik": "0000927628",
    "fillingDate": "2016-08-01",
    "acceptedDate": "2016-07-29 17:38:18",
    "calendarYear": "2016",
    "period": "Q2",
    "revenue": 6732000000,
    "costOfRevenue": 2070000000,
    "grossProfit": 4662000000,
    "grossProfitRatio": 0.692513369,
    "researchAndDevelopmentExpenses": 0,
    "generalAndAdministrativeExpenses": 1279000000,
    "sellingAndMarketingExpenses": 415000000,
    "sellingGeneralAndAdministrativeExpenses": 1694000000,
    "otherExpenses": 1601000000,
    "operatingExpenses": 3295000000,
    "costAndExpenses": 5365000000,
    "interestIncome": 5571000000,
    "interestExpense": 478000000,
    "depreciationAndAmortization": 616000000,
    "ebitda": 1983000000,
    "ebitdaratio": 0.2945632799,
    "operatingIncome": 1367000000,
    "operatingIncomeRatio": 0.2030600119,
    "totalOtherIncomeExpensesNet": 0,
    "incomeBeforeTax": 1367000000,
    "incomeBeforeTaxRatio": 0.2030600119,
    "incomeTaxExpense": 424000000,
    "netIncome": 942000000,
    "netIncomeRatio": 0.1399286988,
    "eps": 1.7,
    "epsdiluted": 1.69,
    "weightedAverageShsOut": 511700000,
    "weightedAverageShsOutDil": 516500000,
    "link": "https://www.sec.gov/Archives/edgar/data/927628/000092762816000200/0000927628-16-000200-index.htm",
    "finalLink": "https://www.sec.gov/Archives/edgar/data/927628/000092762816000200/cof-06302016x10q.htm"
  },
  {
    "date": "2016-03-31",
    "symbol": "COF",
    "reportedCurrency": "USD",
    "cik": "0000927628",
    "fillingDate": "2016-05-04",
    "acceptedDate": "2016-05-04 15:59:16",
    "calendarYear": "2016",
    "period": "Q1",
    "revenue": 6681000000,
    "costOfRevenue": 1988000000,
    "grossProfit": 4693000000,
    "grossProfitRatio": 0.7024397545,
    "researchAndDevelopmentExpenses": 0,
    "generalAndAdministrativeExpenses": 1270000000,
    "sellingAndMarketingExpenses": 428000000,
    "sellingGeneralAndAdministrativeExpenses": 1698000000,
    "otherExpenses": 1525000000,
    "operatingExpenses": 3223000000,
    "costAndExpenses": 5211000000,
    "interestIncome": 5517000000,
    "interestExpense": 461000000,
    "depreciationAndAmortization": 591000000,
    "ebitda": 2061000000,
    "ebitdaratio": 0.3084867535,
    "operatingIncome": 1470000000,
    "operatingIncomeRatio": 0.2200269421,
    "totalOtherIncomeExpensesNet": 0,
    "incomeBeforeTax": 1470000000,
    "incomeBeforeTaxRatio": 0.2200269421,
    "incomeTaxExpense": 452000000,
    "netIncome": 1013000000,
    "netIncomeRatio": 0.1516240084,
    "eps": 1.85,
    "epsdiluted": 1.84,
    "weightedAverageShsOut": 523500000,
    "weightedAverageShsOutDil": 528000000,
    "link": "https://www.sec.gov/Archives/edgar/data/927628/000092762816000160/0000927628-16-000160-index.htm",
    "finalLink": "https://www.sec.gov/Archives/edgar/data/927628/000092762816000160/cof-03312016x10q.htm"
  },
  {
    "date": "2015-12-31",
    "symbol": "COF",
    "reportedCurrency": "USD",
    "cik": "0000927628",
    "fillingDate": "2016-02-25",
    "acceptedDate": "2016-02-25 16:59:23",
    "calendarYear": "2015",
    "period": "Q4",
    "revenue": 6617000000,
    "costOfRevenue": 1803000000,
    "grossProfit": 4814000000,
    "grossProfitRatio": 0.7275200242,
    "researchAndDevelopmentExpenses": 0,
    "generalAndAdministrativeExpenses": 1215000000,
    "sellingAndMarketingExpenses": 564000000,
    "sellingGeneralAndAdministrativeExpenses": 1779000000,
    "otherExpenses": 1701000000,
    "operatingExpenses": 3480000000,
    "costAndExpenses": 5283000000,
    "interestIncome": 5384000000,
    "interestExpense": 423000000,
    "depreciationAndAmortization": 542000000,
    "ebitda": 1876000000,
    "ebitdaratio": 0.2835121656,
    "operatingIncome": 1334000000,
    "operatingIncomeRatio": 0.2016019344,
    "totalOtherIncomeExpensesNet": 0,
    "incomeBeforeTax": 1334000000,
    "incomeBeforeTaxRatio": 0.2016019344,
    "incomeTaxExpense": 426000000,
    "netIncome": 920000000,
    "netIncomeRatio": 0.1390358168,
    "eps": 1.6,
    "epsdiluted": 1.58,
    "weightedAverageShsOut": 530800000,
    "weightedAverageShsOutDil": 536300000,
    "link": "https://www.sec.gov/Archives/edgar/data/927628/000092762816000140/0000927628-16-000140-index.htm",
    "finalLink": "https://www.sec.gov/Archives/edgar/data/927628/000092762816000140/cof-12312015x10k.htm"
  },
  {
    "date": "2015-09-30",
    "symbol": "COF",
    "reportedCurrency": "USD",
    "cik": "0000927628",
    "fillingDate": "2015-11-02",
    "acceptedDate": "2015-11-02 17:09:03",
    "calendarYear": "2015",
    "period": "Q3",
    "revenue": 6304000000,
    "costOfRevenue": 1496000000,
    "grossProfit": 4808000000,
    "grossProfitRatio": 0.7626903553,
    "researchAndDevelopmentExpenses": 0,
    "generalAndAdministrativeExpenses": 1189000000,
    "sellingAndMarketingExpenses": 418000000,
    "sellingGeneralAndAdministrativeExpenses": 1607000000,
    "otherExpenses": 1553000000,
    "operatingExpenses": 3160000000,
    "costAndExpenses": 4656000000,
    "interestIncome": 5164000000,
    "interestExpense": 404000000,
    "depreciationAndAmortization": 546000000,
    "ebitda": 2194000000,
    "ebitdaratio": 0.3480329949,
    "operatingIncome": 1648000000,
    "operatingIncomeRatio": 0.2614213198,
    "totalOtherIncomeExpensesNet": 0,
    "incomeBeforeTax": 1648000000,
    "incomeBeforeTaxRatio": 0.2614213198,
    "incomeTaxExpense": 530000000,
    "netIncome": 1114000000,
    "netIncomeRatio": 0.176713198,
    "eps": 2,
    "epsdiluted": 1.98,
    "weightedAverageShsOut": 540600000,
    "weightedAverageShsOutDil": 546300000,
    "link": "https://www.sec.gov/Archives/edgar/data/927628/000092762815000106/0000927628-15-000106-index.htm",
    "finalLink": "https://www.sec.gov/Archives/edgar/data/927628/000092762815000106/cof-09302015x10q.htm"
  },
  {
    "date": "2015-06-30",
    "symbol": "COF",
    "reportedCurrency": "USD",
    "cik": "0000927628",
    "fillingDate": "2015-08-03",
    "acceptedDate": "2015-08-03 16:32:14",
    "calendarYear": "2015",
    "period": "Q2",
    "revenue": 6072000000,
    "costOfRevenue": 1529000000,
    "grossProfit": 4543000000,
    "grossProfitRatio": 0.7481884058,
    "researchAndDevelopmentExpenses": 0,
    "generalAndAdministrativeExpenses": 1360000000,
    "sellingAndMarketingExpenses": 387000000,
    "sellingGeneralAndAdministrativeExpenses": 1747000000,
    "otherExpenses": 1560000000,
    "operatingExpenses": 3307000000,
    "costAndExpenses": 4836000000,
    "interestIncome": 4937000000,
    "interestExpense": 400000000,
    "depreciationAndAmortization": 529000000,
    "ebitda": 1765000000,
    "ebitdaratio": 0.2906785244,
    "operatingIncome": 1236000000,
    "operatingIncomeRatio": 0.2035573123,
    "totalOtherIncomeExpensesNet": 0,
    "incomeBeforeTax": 1236000000,
    "incomeBeforeTaxRatio": 0.2035573123,
    "incomeTaxExpense": 384000000,
    "netIncome": 863000000,
    "netIncomeRatio": 0.1421277997,
    "eps": 1.52,
    "epsdiluted": 1.5,
    "weightedAverageShsOut": 545600000,
    "weightedAverageShsOutDil": 552000000,
    "link": "https://www.sec.gov/Archives/edgar/data/927628/000092762815000083/0000927628-15-000083-index.htm",
    "finalLink": "https://www.sec.gov/Archives/edgar/data/927628/000092762815000083/cof-06302015x10q.htm"
  },
  {
    "date": "2015-03-31",
    "symbol": "COF",
    "reportedCurrency": "USD",
    "cik": "0000927628",
    "fillingDate": "2015-05-05",
    "acceptedDate": "2015-05-05 15:40:39",
    "calendarYear": "2015",
    "period": "Q1",
    "revenue": 6045000000,
    "costOfRevenue": 1333000000,
    "grossProfit": 4712000000,
    "grossProfitRatio": 0.7794871795,
    "researchAndDevelopmentExpenses": 0,
    "generalAndAdministrativeExpenses": 1211000000,
    "sellingAndMarketingExpenses": 375000000,
    "sellingGeneralAndAdministrativeExpenses": 1586000000,
    "otherExpenses": 1463000000,
    "operatingExpenses": 3049000000,
    "costAndExpenses": 4382000000,
    "interestIncome": 4974000000,
    "interestExpense": 398000000,
    "depreciationAndAmortization": 483000000,
    "ebitda": 2146000000,
    "ebitdaratio": 0.3550041356,
    "operatingIncome": 1663000000,
    "operatingIncomeRatio": 0.2751033912,
    "totalOtherIncomeExpensesNet": 0,
    "incomeBeforeTax": 1663000000,
    "incomeBeforeTaxRatio": 0.2751033912,
    "incomeTaxExpense": 529000000,
    "netIncome": 1153000000,
    "netIncomeRatio": 0.1907361456,
    "eps": 2.03,
    "epsdiluted": 2,
    "weightedAverageShsOut": 550200000,
    "weightedAverageShsOutDil": 557200000,
    "link": "https://www.sec.gov/Archives/edgar/data/927628/000092762815000052/0000927628-15-000052-index.htm",
    "finalLink": "https://www.sec.gov/Archives/edgar/data/927628/000092762815000052/cof-03312015x10q.htm"
  },
  {
    "date": "2014-12-31",
    "symbol": "COF",
    "reportedCurrency": "USD",
    "cik": "0000927628",
    "fillingDate": "2015-02-24",
    "acceptedDate": "2015-02-24 17:18:28",
    "calendarYear": "2014",
    "period": "Q4",
    "revenue": 6202000000,
    "costOfRevenue": 1498000000,
    "grossProfit": 4704000000,
    "grossProfitRatio": 0.7584650113,
    "researchAndDevelopmentExpenses": 0,
    "generalAndAdministrativeExpenses": 1179000000,
    "sellingAndMarketingExpenses": 509000000,
    "sellingGeneralAndAdministrativeExpenses": 1688000000,
    "otherExpenses": 1596000000,
    "operatingExpenses": 3284000000,
    "costAndExpenses": 4782000000,
    "interestIncome": 5045000000,
    "interestExpense": 389000000,
    "depreciationAndAmortization": 470000000,
    "ebitda": 1890000000,
    "ebitdaratio": 0.3047404063,
    "operatingIncome": 1420000000,
    "operatingIncomeRatio": 0.2289584005,
    "totalOtherIncomeExpensesNet": 0,
    "incomeBeforeTax": 1420000000,
    "incomeBeforeTaxRatio": 0.2289584005,
    "incomeTaxExpense": 450000000,
    "netIncome": 999000000,
    "netIncomeRatio": 0.1610770719,
    "eps": 1.76,
    "epsdiluted": 1.73,
    "weightedAverageShsOut": 554300000,
    "weightedAverageShsOutDil": 561800000,
    "link": "https://www.sec.gov/Archives/edgar/data/927628/000092762815000026/0000927628-15-000026-index.htm",
    "finalLink": "https://www.sec.gov/Archives/edgar/data/927628/000092762815000026/cof-12312014x10k.htm"
  },
  {
    "date": "2014-09-30",
    "symbol": "COF",
    "reportedCurrency": "USD",
    "cik": "0000927628",
    "fillingDate": "2014-11-03",
    "acceptedDate": "2014-11-03 17:21:48",
    "calendarYear": "2014",
    "period": "Q3",
    "revenue": 6029000000,
    "costOfRevenue": 1383000000,
    "grossProfit": 4646000000,
    "grossProfitRatio": 0.7706087245,
    "researchAndDevelopmentExpenses": 0,
    "generalAndAdministrativeExpenses": 1128000000,
    "sellingAndMarketingExpenses": 392000000,
    "sellingGeneralAndAdministrativeExpenses": 1520000000,
    "otherExpenses": 1465000000,
    "operatingExpenses": 2985000000,
    "costAndExpenses": 4368000000,
    "interestIncome": 4887000000,
    "interestExpense": 390000000,
    "depreciationAndAmortization": 515000000,
    "ebitda": 2176000000,
    "ebitdaratio": 0.3609222093,
    "operatingIncome": 1661000000,
    "operatingIncomeRatio": 0.2755017416,
    "totalOtherIncomeExpensesNet": 0,
    "incomeBeforeTax": 1661000000,
    "incomeBeforeTaxRatio": 0.2755017416,
    "incomeTaxExpense": 536000000,
    "netIncome": 1081000000,
    "netIncomeRatio": 0.1793000498,
    "eps": 1.89,
    "epsdiluted": 1.86,
    "weightedAverageShsOut": 559900000,
    "weightedAverageShsOutDil": 567900000,
    "link": "https://www.sec.gov/Archives/edgar/data/927628/000092762814000020/0000927628-14-000020-index.htm",
    "finalLink": "https://www.sec.gov/Archives/edgar/data/927628/000092762814000020/cof-09302014x10q.htm"
  },
  {
    "date": "2014-06-30",
    "symbol": "COF",
    "reportedCurrency": "USD",
    "cik": "0000927628",
    "fillingDate": "2014-08-05",
    "acceptedDate": "2014-08-05 16:40:52",
    "calendarYear": "2014",
    "period": "Q2",
    "revenue": 5865000000,
    "costOfRevenue": 1101000000,
    "grossProfit": 4764000000,
    "grossProfitRatio": 0.8122762148,
    "researchAndDevelopmentExpenses": 0,
    "generalAndAdministrativeExpenses": 1125000000,
    "sellingAndMarketingExpenses": 335000000,
    "sellingGeneralAndAdministrativeExpenses": 1460000000,
    "otherExpenses": 1519000000,
    "operatingExpenses": 2979000000,
    "costAndExpenses": 4080000000,
    "interestIncome": 4712000000,
    "interestExpense": 397000000,
    "depreciationAndAmortization": 503000000,
    "ebitda": 2288000000,
    "ebitdaratio": 0.3901108269,
    "operatingIncome": 1785000000,
    "operatingIncomeRatio": 0.3043478261,
    "totalOtherIncomeExpensesNet": 0,
    "incomeBeforeTax": 1785000000,
    "incomeBeforeTaxRatio": 0.3043478261,
    "incomeTaxExpense": 581000000,
    "netIncome": 1194000000,
    "netIncomeRatio": 0.2035805627,
    "eps": 2.07,
    "epsdiluted": 2.04,
    "weightedAverageShsOut": 567500000,
    "weightedAverageShsOutDil": 577600000,
    "link": "https://www.sec.gov/Archives/edgar/data/927628/000119312514295896/0001193125-14-295896-index.htm",
    "finalLink": "https://www.sec.gov/Archives/edgar/data/927628/000119312514295896/d743364d10q.htm"
  },
  {
    "date": "2014-03-31",
    "symbol": "COF",
    "reportedCurrency": "USD",
    "cik": "0000927628",
    "fillingDate": "2014-05-06",
    "acceptedDate": "2014-05-06 17:17:47",
    "calendarYear": "2014",
    "period": "Q1",
    "revenue": 5773000000,
    "costOfRevenue": 1138000000,
    "grossProfit": 4635000000,
    "grossProfitRatio": 0.8028754547,
    "researchAndDevelopmentExpenses": 0,
    "generalAndAdministrativeExpenses": 1161000000,
    "sellingAndMarketingExpenses": 325000000,
    "sellingGeneralAndAdministrativeExpenses": 1486000000,
    "otherExpenses": 1446000000,
    "operatingExpenses": 2932000000,
    "costAndExpenses": 4070000000,
    "interestIncome": 4753000000,
    "interestExpense": 403000000,
    "depreciationAndAmortization": 514000000,
    "ebitda": 2217000000,
    "ebitdaratio": 0.384029101,
    "operatingIncome": 1703000000,
    "operatingIncomeRatio": 0.2949939373,
    "totalOtherIncomeExpensesNet": 0,
    "incomeBeforeTax": 1703000000,
    "incomeBeforeTaxRatio": 0.2949939373,
    "incomeTaxExpense": 579000000,
    "netIncome": 1154000000,
    "netIncomeRatio": 0.1998960679,
    "eps": 1.99,
    "epsdiluted": 1.96,
    "weightedAverageShsOut": 571000000,
    "weightedAverageShsOutDil": 580300000,
    "link": "https://www.sec.gov/Archives/edgar/data/927628/000119312514185156/0001193125-14-185156-index.htm",
    "finalLink": "https://www.sec.gov/Archives/edgar/data/927628/000119312514185156/d690500d10q.htm"
  },
  {
    "date": "2013-12-31",
    "symbol": "COF",
    "reportedCurrency": "USD",
    "cik": "0000927628",
    "fillingDate": "2014-02-27",
    "acceptedDate": "2014-02-27 17:30:41",
    "calendarYear": "2013",
    "period": "Q4",
    "revenue": 5960000000,
    "costOfRevenue": 1373000000,
    "grossProfit": 4587000000,
    "grossProfitRatio": 0.7696308725,
    "researchAndDevelopmentExpenses": 0,
    "generalAndAdministrativeExpenses": 1103000000,
    "sellingAndMarketingExpenses": 427000000,
    "sellingGeneralAndAdministrativeExpenses": 1530000000,
    "otherExpenses": 1750000000,
    "operatingExpenses": 3280000000,
    "costAndExpenses": 4653000000,
    "interestIncome": 4839000000,
    "interestExpense": 416000000,
    "depreciationAndAmortization": 418000000,
    "ebitda": 1725000000,
    "ebitdaratio": 0.2894295302,
    "operatingIncome": 1307000000,
    "operatingIncomeRatio": 0.219295302,
    "totalOtherIncomeExpensesNet": 0,
    "incomeBeforeTax": 1307000000,
    "incomeBeforeTaxRatio": 0.219295302,
    "incomeTaxExpense": 425000000,
    "netIncome": 859000000,
    "netIncomeRatio": 0.1441275168,
    "eps": 1.47,
    "epsdiluted": 1.45,
    "weightedAverageShsOut": 582600000,
    "weightedAverageShsOutDil": 582600000,
    "link": "https://www.sec.gov/Archives/edgar/data/927628/000119312514073467/0001193125-14-073467-index.htm",
    "finalLink": "https://www.sec.gov/Archives/edgar/data/927628/000119312514073467/d637300d10k.htm"
  },
  {
    "date": "2013-09-30",
    "symbol": "COF",
    "reportedCurrency": "USD",
    "cik": "0000927628",
    "fillingDate": "2013-11-06",
    "acceptedDate": "2013-11-06 17:30:02",
    "calendarYear": "2013",
    "period": "Q3",
    "revenue": 6089000000,
    "costOfRevenue": 1287000000,
    "grossProfit": 4802000000,
    "grossProfitRatio": 0.7886352439,
    "researchAndDevelopmentExpenses": 0,
    "generalAndAdministrativeExpenses": 1152000000,
    "sellingAndMarketingExpenses": 299000000,
    "sellingGeneralAndAdministrativeExpenses": 1451000000,
    "otherExpenses": 1658000000,
    "operatingExpenses": 3109000000,
    "costAndExpenses": 4396000000,
    "interestIncome": 4998000000,
    "interestExpense": 438000000,
    "depreciationAndAmortization": 495000000,
    "ebitda": 2188000000,
    "ebitdaratio": 0.3593365085,
    "operatingIncome": 1693000000,
    "operatingIncomeRatio": 0.2780423715,
    "totalOtherIncomeExpensesNet": 0,
    "incomeBeforeTax": 1693000000,
    "incomeBeforeTaxRatio": 0.2780423715,
    "incomeTaxExpense": 575000000,
    "netIncome": 1105000000,
    "netIncomeRatio": 0.1814747906,
    "eps": 1.89,
    "epsdiluted": 1.86,
    "weightedAverageShsOut": 582300000,
    "weightedAverageShsOutDil": 591100000,
    "link": "https://www.sec.gov/Archives/edgar/data/927628/000119312513430469/0001193125-13-430469-index.htm",
    "finalLink": "https://www.sec.gov/Archives/edgar/data/927628/000119312513430469/d589490d10q.htm"
  },
  {
    "date": "2013-06-30",
    "symbol": "COF",
    "reportedCurrency": "USD",
    "cik": "0000927628",
    "fillingDate": "2013-08-08",
    "acceptedDate": "2013-08-08 15:19:55",
    "calendarYear": "2013",
    "period": "Q2",
    "revenue": 6095000000,
    "costOfRevenue": 1219000000,
    "grossProfit": 4876000000,
    "grossProfitRatio": 0.8,
    "researchAndDevelopmentExpenses": 0,
    "generalAndAdministrativeExpenses": 1118000000,
    "sellingAndMarketingExpenses": 330000000,
    "sellingGeneralAndAdministrativeExpenses": 1448000000,
    "otherExpenses": 1570000000,
    "operatingExpenses": 3018000000,
    "costAndExpenses": 4237000000,
    "interestIncome": 5010000000,
    "interestExpense": 457000000,
    "depreciationAndAmortization": 811000000,
    "ebitda": 2669000000,
    "ebitdaratio": 0.437899918,
    "operatingIncome": 1858000000,
    "operatingIncomeRatio": 0.3048400328,
    "totalOtherIncomeExpensesNet": 0,
    "incomeBeforeTax": 1858000000,
    "incomeBeforeTaxRatio": 0.3048400328,
    "incomeTaxExpense": 631000000,
    "netIncome": 1117000000,
    "netIncomeRatio": 0.1832649713,
    "eps": 1.89,
    "epsdiluted": 1.87,
    "weightedAverageShsOut": 581500000,
    "weightedAverageShsOutDil": 588800000,
    "link": "https://www.sec.gov/Archives/edgar/data/927628/000119312513326620/0001193125-13-326620-index.htm",
    "finalLink": "https://www.sec.gov/Archives/edgar/data/927628/000119312513326620/d543200d10q.htm"
  },
  {
    "date": "2013-03-31",
    "symbol": "COF",
    "reportedCurrency": "USD",
    "cik": "0000927628",
    "fillingDate": "2013-05-09",
    "acceptedDate": "2013-05-09 14:59:12",
    "calendarYear": "2013",
    "period": "Q1",
    "revenue": 6032000000,
    "costOfRevenue": 1366000000,
    "grossProfit": 4666000000,
    "grossProfitRatio": 0.7735411141,
    "researchAndDevelopmentExpenses": 0,
    "generalAndAdministrativeExpenses": 1095000000,
    "sellingAndMarketingExpenses": 317000000,
    "sellingGeneralAndAdministrativeExpenses": 1412000000,
    "otherExpenses": 1579000000,
    "operatingExpenses": 2991000000,
    "costAndExpenses": 4357000000,
    "interestIncome": 5051000000,
    "interestExpense": 481000000,
    "depreciationAndAmortization": 341000000,
    "ebitda": 2016000000,
    "ebitdaratio": 0.3342175066,
    "operatingIncome": 1675000000,
    "operatingIncomeRatio": 0.2776856764,
    "totalOtherIncomeExpensesNet": 0,
    "incomeBeforeTax": 1675000000,
    "incomeBeforeTaxRatio": 0.2776856764,
    "incomeTaxExpense": 541000000,
    "netIncome": 1066000000,
    "netIncomeRatio": 0.1767241379,
    "eps": 1.81,
    "epsdiluted": 1.79,
    "weightedAverageShsOut": 580500000,
    "weightedAverageShsOutDil": 586300000,
    "link": "https://www.sec.gov/Archives/edgar/data/927628/000119312513210712/0001193125-13-210712-index.htm",
    "finalLink": "https://www.sec.gov/Archives/edgar/data/927628/000119312513210712/d501766d10q.htm"
  },
  {
    "date": "2012-12-31",
    "symbol": "COF",
    "reportedCurrency": "USD",
    "cik": "0000927628",
    "fillingDate": "2013-02-28",
    "acceptedDate": "2013-02-28 16:19:23",
    "calendarYear": "2012",
    "period": "Q4",
    "revenue": 5577000000,
    "costOfRevenue": 1738000000,
    "grossProfit": 3839000000,
    "grossProfitRatio": 0.6883629191,
    "researchAndDevelopmentExpenses": 0,
    "generalAndAdministrativeExpenses": 466000000,
    "sellingAndMarketingExpenses": 393000000,
    "sellingGeneralAndAdministrativeExpenses": 859000000,
    "otherExpenses": 1762000000,
    "operatingExpenses": 2621000000,
    "costAndExpenses": 4359000000,
    "interestIncome": 5115000000,
    "interestExpense": 587000000,
    "depreciationAndAmortization": 605000000,
    "ebitda": 1823000000,
    "ebitdaratio": 0.32687825,
    "operatingIncome": 1218000000,
    "operatingIncomeRatio": 0.2183969876,
    "totalOtherIncomeExpensesNet": 0,
    "incomeBeforeTax": 1218000000,
    "incomeBeforeTaxRatio": 0.2183969876,
    "incomeTaxExpense": 370000000,
    "netIncome": 843000000,
    "netIncomeRatio": 0.1511565358,
    "eps": 1.42,
    "epsdiluted": 1.41,
    "weightedAverageShsOut": 579200000,
    "weightedAverageShsOutDil": 585600000,
    "link": "https://www.sec.gov/Archives/edgar/data/927628/000119312513084249/0001193125-13-084249-index.htm",
    "finalLink": "https://www.sec.gov/Archives/edgar/data/927628/000119312513084249/d447949d10k.htm"
  },
  {
    "date": "2012-09-30",
    "symbol": "COF",
    "reportedCurrency": "USD",
    "cik": "0000927628",
    "fillingDate": "2012-11-08",
    "acceptedDate": "2012-11-08 12:23:25",
    "calendarYear": "2012",
    "period": "Q3",
    "revenue": 6390000000,
    "costOfRevenue": 1622000000,
    "grossProfit": 4768000000,
    "grossProfitRatio": 0.7461658842,
    "researchAndDevelopmentExpenses": 0,
    "generalAndAdministrativeExpenses": 1002000000,
    "sellingAndMarketingExpenses": 316000000,
    "sellingGeneralAndAdministrativeExpenses": 1318000000,
    "otherExpenses": 1727000000,
    "operatingExpenses": 3045000000,
    "costAndExpenses": 4667000000,
    "interestIncome": 5254000000,
    "interestExpense": 608000000,
    "depreciationAndAmortization": 586000000,
    "ebitda": 2309000000,
    "ebitdaratio": 0.3613458529,
    "operatingIncome": 1723000000,
    "operatingIncomeRatio": 0.2696400626,
    "totalOtherIncomeExpensesNet": 0,
    "incomeBeforeTax": 1723000000,
    "incomeBeforeTaxRatio": 0.2696400626,
    "incomeTaxExpense": 535000000,
    "netIncome": 1178000000,
    "netIncomeRatio": 0.1843505477,
    "eps": 2.03,
    "epsdiluted": 2.01,
    "weightedAverageShsOut": 578300000,
    "weightedAverageShsOutDil": 584100000,
    "link": "https://www.sec.gov/Archives/edgar/data/927628/000119312512459690/0001193125-12-459690-index.htm",
    "finalLink": "https://www.sec.gov/Archives/edgar/data/927628/000119312512459690/d406131d10q.htm"
  },
  {
    "date": "2012-06-30",
    "symbol": "COF",
    "reportedCurrency": "USD",
    "cik": "0000927628",
    "fillingDate": "2012-08-09",
    "acceptedDate": "2012-08-09 13:24:21",
    "calendarYear": "2012",
    "period": "Q2",
    "revenue": 5670000000,
    "costOfRevenue": 2292000000,
    "grossProfit": 3378000000,
    "grossProfitRatio": 0.5957671958,
    "researchAndDevelopmentExpenses": 0,
    "generalAndAdministrativeExpenses": 971000000,
    "sellingAndMarketingExpenses": 334000000,
    "sellingGeneralAndAdministrativeExpenses": 1305000000,
    "otherExpenses": 1837000000,
    "operatingExpenses": 3142000000,
    "costAndExpenses": 5434000000,
    "interestIncome": 4616000000,
    "interestExpense": 615000000,
    "depreciationAndAmortization": 451000000,
    "ebitda": 687000000,
    "ebitdaratio": 0.1211640212,
    "operatingIncome": 236000000,
    "operatingIncomeRatio": 0.041622575,
    "totalOtherIncomeExpensesNet": 0,
    "incomeBeforeTax": 236000000,
    "incomeBeforeTaxRatio": 0.041622575,
    "incomeTaxExpense": 43000000,
    "netIncome": 93000000,
    "netIncomeRatio": 0.0164021164,
    "eps": 0.16,
    "epsdiluted": 0.16,
    "weightedAverageShsOut": 577700000,
    "weightedAverageShsOutDil": 582800000,
    "link": "https://www.sec.gov/Archives/edgar/data/927628/000119312512346704/0001193125-12-346704-index.htm",
    "finalLink": "https://www.sec.gov/Archives/edgar/data/927628/000119312512346704/d358997d10q.htm"
  },
  {
    "date": "2012-03-31",
    "symbol": "COF",
    "reportedCurrency": "USD",
    "cik": "0000927628",
    "fillingDate": "2012-05-08",
    "acceptedDate": "2012-05-08 08:30:43",
    "calendarYear": "2012",
    "period": "Q1",
    "revenue": 4906000000,
    "costOfRevenue": 1138000000,
    "grossProfit": 3768000000,
    "grossProfitRatio": 0.7680391358,
    "researchAndDevelopmentExpenses": 0,
    "generalAndAdministrativeExpenses": 864000000,
    "sellingAndMarketingExpenses": 321000000,
    "sellingGeneralAndAdministrativeExpenses": 1185000000,
    "otherExpenses": 725000000,
    "operatingExpenses": 1910000000,
    "costAndExpenses": 3048000000,
    "interestIncome": 3979000000,
    "interestExpense": 565000000,
    "depreciationAndAmortization": 220000000,
    "ebitda": 2078000000,
    "ebitdaratio": 0.4235629841,
    "operatingIncome": 1858000000,
    "operatingIncomeRatio": 0.3787199348,
    "totalOtherIncomeExpensesNet": 0,
    "incomeBeforeTax": 1858000000,
    "incomeBeforeTaxRatio": 0.3787199348,
    "incomeTaxExpense": 353000000,
    "netIncome": 1403000000,
    "netIncomeRatio": 0.2859763555,
    "eps": 2.74,
    "epsdiluted": 2.72,
    "weightedAverageShsOut": 508700000,
    "weightedAverageShsOutDil": 513100000,
    "link": "https://www.sec.gov/Archives/edgar/data/927628/000119312512216807/0001193125-12-216807-index.htm",
    "finalLink": "https://www.sec.gov/Archives/edgar/data/927628/000119312512216807/d311186d10q.htm"
  },
  {
    "date": "2011-12-31",
    "symbol": "COF",
    "reportedCurrency": "USD",
    "cik": "0000927628",
    "fillingDate": "2012-02-29",
    "acceptedDate": "2012-02-28 18:55:20",
    "calendarYear": "2011",
    "period": "Q4",
    "revenue": 4554000000,
    "costOfRevenue": 1380000000,
    "grossProfit": 3174000000,
    "grossProfitRatio": 0.696969697,
    "researchAndDevelopmentExpenses": 0,
    "generalAndAdministrativeExpenses": 852000000,
    "sellingAndMarketingExpenses": 420000000,
    "sellingGeneralAndAdministrativeExpenses": 1272000000,
    "otherExpenses": 1331000000,
    "operatingExpenses": 2603000000,
    "costAndExpenses": 3983000000,
    "interestIncome": 3701000000,
    "interestExpense": 519000000,
    "depreciationAndAmortization": 176000000,
    "ebitda": 747000000,
    "ebitdaratio": 0.1640316206,
    "operatingIncome": 571000000,
    "operatingIncomeRatio": 0.1253842776,
    "totalOtherIncomeExpensesNet": 0,
    "incomeBeforeTax": 571000000,
    "incomeBeforeTaxRatio": 0.1253842776,
    "incomeTaxExpense": 160000000,
    "netIncome": 407000000,
    "netIncomeRatio": 0.0893719807,
    "eps": 0.8,
    "epsdiluted": 0.8,
    "weightedAverageShsOut": 508700000,
    "weightedAverageShsOutDil": 508700000,
    "link": "https://www.sec.gov/Archives/edgar/data/927628/000119312512086138/0001193125-12-086138-index.htm",
    "finalLink": "https://www.sec.gov/Archives/edgar/data/927628/000119312512086138/d258810d10k.htm"
  },
  {
    "date": "2011-09-30",
    "symbol": "COF",
    "reportedCurrency": "USD",
    "cik": "0000927628",
    "fillingDate": "2011-11-07",
    "acceptedDate": "2011-11-07 17:24:51",
    "calendarYear": "2011",
    "period": "Q3",
    "revenue": 4712000000,
    "costOfRevenue": 1174000000,
    "grossProfit": 3538000000,
    "grossProfitRatio": 0.7508488964,
    "researchAndDevelopmentExpenses": 0,
    "generalAndAdministrativeExpenses": 928000000,
    "sellingAndMarketingExpenses": 312000000,
    "sellingGeneralAndAdministrativeExpenses": 1240000000,
    "otherExpenses": 1063000000,
    "operatingExpenses": 2303000000,
    "costAndExpenses": 3477000000,
    "interestIncome": 3835000000,
    "interestExpense": 552000000,
    "depreciationAndAmortization": 110000000,
    "ebitda": 1345000000,
    "ebitdaratio": 0.2854414261,
    "operatingIncome": 1235000000,
    "operatingIncomeRatio": 0.2620967742,
    "totalOtherIncomeExpensesNet": 0,
    "incomeBeforeTax": 1235000000,
    "incomeBeforeTaxRatio": 0.2620967742,
    "incomeTaxExpense": 370000000,
    "netIncome": 813000000,
    "netIncomeRatio": 0.1725382003,
    "eps": 1.78,
    "epsdiluted": 1.77,
    "weightedAverageShsOut": 456000000,
    "weightedAverageShsOutDil": 460400000,
    "link": "https://www.sec.gov/Archives/edgar/data/927628/000119312511300062/0001193125-11-300062-index.htm",
    "finalLink": "https://www.sec.gov/Archives/edgar/data/927628/000119312511300062/d226389d10q.htm"
  },
  {
    "date": "2011-06-30",
    "symbol": "COF",
    "reportedCurrency": "USD",
    "cik": "0000927628",
    "fillingDate": "2011-08-05",
    "acceptedDate": "2011-08-05 17:11:39",
    "calendarYear": "2011",
    "period": "Q2",
    "revenue": 4556000000,
    "costOfRevenue": 906000000,
    "grossProfit": 3650000000,
    "grossProfitRatio": 0.8011413521,
    "researchAndDevelopmentExpenses": 0,
    "generalAndAdministrativeExpenses": 877000000,
    "sellingAndMarketingExpenses": 329000000,
    "sellingGeneralAndAdministrativeExpenses": 1206000000,
    "otherExpenses": 1049000000,
    "operatingExpenses": 2255000000,
    "costAndExpenses": 3161000000,
    "interestIncome": 3699000000,
    "interestExpense": 563000000,
    "depreciationAndAmortization": 132000000,
    "ebitda": 1527000000,
    "ebitdaratio": 0.3351624232,
    "operatingIncome": 1395000000,
    "operatingIncomeRatio": 0.30618964,
    "totalOtherIncomeExpensesNet": 0,
    "incomeBeforeTax": 1395000000,
    "incomeBeforeTaxRatio": 0.30618964,
    "incomeTaxExpense": 450000000,
    "netIncome": 911000000,
    "netIncomeRatio": 0.1999561018,
    "eps": 2,
    "epsdiluted": 1.97,
    "weightedAverageShsOut": 455600000,
    "weightedAverageShsOutDil": 462200000,
    "link": "https://www.sec.gov/Archives/edgar/data/927628/000119312511212562/0001193125-11-212562-index.htm",
    "finalLink": "https://www.sec.gov/Archives/edgar/data/927628/000119312511212562/d10q.htm"
  },
  {
    "date": "2011-03-31",
    "symbol": "COF",
    "reportedCurrency": "USD",
    "cik": "0000927628",
    "fillingDate": "2011-05-10",
    "acceptedDate": "2011-05-10 10:43:36",
    "calendarYear": "2011",
    "period": "Q1",
    "revenue": 4694000000,
    "costOfRevenue": 1146000000,
    "grossProfit": 3548000000,
    "grossProfitRatio": 0.7558585428,
    "researchAndDevelopmentExpenses": 0,
    "generalAndAdministrativeExpenses": 905000000,
    "sellingAndMarketingExpenses": 276000000,
    "sellingGeneralAndAdministrativeExpenses": 1181000000,
    "otherExpenses": 981000000,
    "operatingExpenses": 2162000000,
    "costAndExpenses": 3308000000,
    "interestIncome": 3752000000,
    "interestExpense": 612000000,
    "depreciationAndAmortization": 167000000,
    "ebitda": 1553000000,
    "ebitdaratio": 0.3308478909,
    "operatingIncome": 1386000000,
    "operatingIncomeRatio": 0.2952705582,
    "totalOtherIncomeExpensesNet": 0,
    "incomeBeforeTax": 1386000000,
    "incomeBeforeTaxRatio": 0.2952705582,
    "incomeTaxExpense": 354000000,
    "netIncome": 1016000000,
    "netIncomeRatio": 0.2164465275,
    "eps": 2.24,
    "epsdiluted": 2.21,
    "weightedAverageShsOut": 454100000,
    "weightedAverageShsOutDil": 460300000,
    "link": "https://www.sec.gov/Archives/edgar/data/927628/000114036111026158/0001140361-11-026158-index.htm",
    "finalLink": "https://www.sec.gov/Archives/edgar/data/927628/000114036111026158/form10q.htm"
  },
  {
    "date": "2010-12-31",
    "symbol": "COF",
    "reportedCurrency": "USD",
    "cik": "0000927628",
    "fillingDate": "2011-03-01",
    "acceptedDate": "2011-03-01 13:38:03",
    "calendarYear": "2010",
    "period": "Q4",
    "revenue": 4551000000,
    "costOfRevenue": 1489000000,
    "grossProfit": 3062000000,
    "grossProfitRatio": 0.6728191606,
    "researchAndDevelopmentExpenses": 0,
    "generalAndAdministrativeExpenses": 665000000,
    "sellingAndMarketingExpenses": 308000000,
    "sellingGeneralAndAdministrativeExpenses": 973000000,
    "otherExpenses": 1056000000,
    "operatingExpenses": 2029000000,
    "costAndExpenses": 3518000000,
    "interestIncome": 3674000000,
    "interestExpense": 651000000,
    "depreciationAndAmortization": 160000000,
    "ebitda": 1193000000,
    "ebitdaratio": 0.262140189,
    "operatingIncome": 1033000000,
    "operatingIncomeRatio": 0.2269830806,
    "totalOtherIncomeExpensesNet": 0,
    "incomeBeforeTax": 1033000000,
    "incomeBeforeTaxRatio": 0.2269830806,
    "incomeTaxExpense": 332000000,
    "netIncome": 697000000,
    "netIncomeRatio": 0.1531531532,
    "eps": 1.53,
    "epsdiluted": 1.53,
    "weightedAverageShsOut": 452000000,
    "weightedAverageShsOutDil": 454100000,
    "link": "https://www.sec.gov/Archives/edgar/data/927628/000114036111012916/0001140361-11-012916-index.htm",
    "finalLink": "https://www.sec.gov/Archives/edgar/data/927628/000114036111012916/form10k.htm"
  },
  {
    "date": "2010-09-30",
    "symbol": "COF",
    "reportedCurrency": "USD",
    "cik": "0000927628",
    "fillingDate": "2010-11-08",
    "acceptedDate": "2010-11-08 15:10:31",
    "calendarYear": "2010",
    "period": "Q3",
    "revenue": 4727000000,
    "costOfRevenue": 1573000000,
    "grossProfit": 3154000000,
    "grossProfitRatio": 0.6672308018,
    "researchAndDevelopmentExpenses": 0,
    "generalAndAdministrativeExpenses": 819000000,
    "sellingAndMarketingExpenses": 250000000,
    "sellingGeneralAndAdministrativeExpenses": 1069000000,
    "otherExpenses": 932000000,
    "operatingExpenses": 2001000000,
    "costAndExpenses": 3574000000,
    "interestIncome": 3815000000,
    "interestExpense": 706000000,
    "depreciationAndAmortization": 106000000,
    "ebitda": 1259000000,
    "ebitdaratio": 0.266342289,
    "operatingIncome": 1153000000,
    "operatingIncomeRatio": 0.2439179183,
    "totalOtherIncomeExpensesNet": 0,
    "incomeBeforeTax": 1153000000,
    "incomeBeforeTaxRatio": 0.2439179183,
    "incomeTaxExpense": 335000000,
    "netIncome": 803000000,
    "netIncomeRatio": 0.1698751851,
    "eps": 1.78,
    "epsdiluted": 1.76,
    "weightedAverageShsOut": 451124000,
    "weightedAverageShsOutDil": 456250000,
    "link": "https://www.sec.gov/Archives/edgar/data/927628/000114036110044157/0001140361-10-044157-index.htm",
    "finalLink": "https://www.sec.gov/Archives/edgar/data/927628/000114036110044157/form10q.htm"
  },
  {
    "date": "2010-06-30",
    "symbol": "COF",
    "reportedCurrency": "USD",
    "cik": "0000927628",
    "fillingDate": "2010-08-09",
    "acceptedDate": "2010-08-09 13:14:36",
    "calendarYear": "2010",
    "period": "Q2",
    "revenue": 4668000000,
    "costOfRevenue": 1461000000,
    "grossProfit": 3207000000,
    "grossProfitRatio": 0.6870179949,
    "researchAndDevelopmentExpenses": 0,
    "generalAndAdministrativeExpenses": 814000000,
    "sellingAndMarketingExpenses": 219000000,
    "sellingGeneralAndAdministrativeExpenses": 1033000000,
    "otherExpenses": 993000000,
    "operatingExpenses": 2026000000,
    "costAndExpenses": 3487000000,
    "interestIncome": 3835000000,
    "interestExpense": 738000000,
    "depreciationAndAmortization": 169000000,
    "ebitda": 1350000000,
    "ebitdaratio": 0.2892030848,
    "operatingIncome": 1181000000,
    "operatingIncomeRatio": 0.2529991431,
    "totalOtherIncomeExpensesNet": 0,
    "incomeBeforeTax": 1181000000,
    "incomeBeforeTaxRatio": 0.2529991431,
    "incomeTaxExpense": 369000000,
    "netIncome": 608000000,
    "netIncomeRatio": 0.1302485004,
    "eps": 1.34,
    "epsdiluted": 1.33,
    "weightedAverageShsOut": 453731000,
    "weightedAverageShsOutDil": 457143000,
    "link": "https://www.sec.gov/Archives/edgar/data/927628/000114036110032235/0001140361-10-032235-index.htm",
    "finalLink": "https://www.sec.gov/Archives/edgar/data/927628/000114036110032235/form10q.htm"
  },
  {
    "date": "2010-03-31",
    "symbol": "COF",
    "reportedCurrency": "USD",
    "cik": "0000927628",
    "fillingDate": "2010-05-07",
    "acceptedDate": "2010-05-07 15:26:57",
    "calendarYear": "2010",
    "period": "Q1",
    "revenue": 5122000000,
    "costOfRevenue": 2280000000,
    "grossProfit": 2842000000,
    "grossProfitRatio": 0.5548613823,
    "researchAndDevelopmentExpenses": 0,
    "generalAndAdministrativeExpenses": 815000000,
    "sellingAndMarketingExpenses": 180000000,
    "sellingGeneralAndAdministrativeExpenses": 995000000,
    "otherExpenses": 883000000,
    "operatingExpenses": 1878000000,
    "costAndExpenses": 4158000000,
    "interestIncome": 4030000000,
    "interestExpense": 802000000,
    "depreciationAndAmortization": 147000000,
    "ebitda": 1111000000,
    "ebitdaratio": 0.216907458,
    "operatingIncome": 964000000,
    "operatingIncomeRatio": 0.1882077314,
    "totalOtherIncomeExpensesNet": 0,
    "incomeBeforeTax": 964000000,
    "incomeBeforeTaxRatio": 0.1882077314,
    "incomeTaxExpense": 244000000,
    "netIncome": 636263000,
    "netIncomeRatio": 0.1242215931,
    "eps": 1.41,
    "epsdiluted": 1.4,
    "weightedAverageShsOut": 451250000,
    "weightedAverageShsOutDil": 454474000,
    "link": "https://www.sec.gov/Archives/edgar/data/927628/000119312510112765/0001193125-10-112765-index.htm",
    "finalLink": "https://www.sec.gov/Archives/edgar/data/927628/000119312510112765/d10q.htm"
  },
  {
    "date": "2009-12-31",
    "symbol": "COF",
    "reportedCurrency": "USD",
    "cik": "0000927628",
    "fillingDate": "2010-02-26",
    "acceptedDate": "2010-02-26 17:19:27",
    "calendarYear": "2009",
    "period": "Q4",
    "revenue": 3944156000,
    "costOfRevenue": 1484645000,
    "grossProfit": 2459511000,
    "grossProfitRatio": 0.6235836006,
    "researchAndDevelopmentExpenses": 0,
    "generalAndAdministrativeExpenses": 571550000,
    "sellingAndMarketingExpenses": 187958000,
    "sellingGeneralAndAdministrativeExpenses": 759508000,
    "otherExpenses": 1166653000,
    "operatingExpenses": 1926161000,
    "costAndExpenses": 3410806000,
    "interestIncome": 2553972000,
    "interestExpense": 640874000,
    "depreciationAndAmortization": 96729000,
    "ebitda": 630079000,
    "ebitdaratio": 0.15975002,
    "operatingIncome": 533350000,
    "operatingIncomeRatio": 0.1352253816,
    "totalOtherIncomeExpensesNet": 0,
    "incomeBeforeTax": 533350000,
    "incomeBeforeTaxRatio": 0.1352253816,
    "incomeTaxExpense": 159239000,
    "netIncome": 345818000,
    "netIncomeRatio": 0.0876785807,
    "eps": 0.77,
    "epsdiluted": 0.77,
    "weightedAverageShsOut": 449000000,
    "weightedAverageShsOutDil": 451250000,
    "link": "https://www.sec.gov/Archives/edgar/data/927628/000119312510043152/0001193125-10-043152-index.htm",
    "finalLink": "https://www.sec.gov/Archives/edgar/data/927628/000119312510043152/d10k.htm"
  },
  {
    "date": "2009-09-30",
    "symbol": "COF",
    "reportedCurrency": "USD",
    "cik": "0000927628",
    "fillingDate": "2009-11-09",
    "acceptedDate": "2009-11-06 19:03:35",
    "calendarYear": "2009",
    "period": "Q3",
    "revenue": 4266000000,
    "costOfRevenue": 1870000000,
    "grossProfit": 2396000000,
    "grossProfitRatio": 0.5616502579,
    "researchAndDevelopmentExpenses": 0,
    "generalAndAdministrativeExpenses": 824000000,
    "sellingAndMarketingExpenses": 104000000,
    "sellingGeneralAndAdministrativeExpenses": 928000000,
    "otherExpenses": 885000000,
    "operatingExpenses": 1813000000,
    "costAndExpenses": 3683000000,
    "interestIncome": 2702000000,
    "interestExpense": 697000000,
    "depreciationAndAmortization": 204000000,
    "ebitda": 787000000,
    "ebitdaratio": 0.1844819503,
    "operatingIncome": 583000000,
    "operatingIncomeRatio": 0.1366619784,
    "totalOtherIncomeExpensesNet": 0,
    "incomeBeforeTax": 583000000,
    "incomeBeforeTaxRatio": 0.1366619784,
    "incomeTaxExpense": 146000000,
    "netIncome": 394000000,
    "netIncomeRatio": 0.092358181,
    "eps": 0.95,
    "epsdiluted": 0.94,
    "weightedAverageShsOut": 449400000,
    "weightedAverageShsOutDil": 453700000,
    "link": "https://www.sec.gov/Archives/edgar/data/927628/000119312509227889/0001193125-09-227889-index.htm",
    "finalLink": "https://www.sec.gov/Archives/edgar/data/927628/000119312509227889/d10q.htm"
  },
  {
    "date": "2009-06-30",
    "symbol": "COF",
    "reportedCurrency": "USD",
    "cik": "0000927628",
    "fillingDate": "2009-08-10",
    "acceptedDate": "2009-08-10 16:51:31",
    "calendarYear": "2009",
    "period": "Q2",
    "revenue": 3959000000,
    "costOfRevenue": 1706000000,
    "grossProfit": 2253000000,
    "grossProfitRatio": 0.5690831018,
    "researchAndDevelopmentExpenses": 0,
    "generalAndAdministrativeExpenses": 829000000,
    "sellingAndMarketingExpenses": 134000000,
    "sellingGeneralAndAdministrativeExpenses": 963000000,
    "otherExpenses": 969000000,
    "operatingExpenses": 1932000000,
    "costAndExpenses": 3638000000,
    "interestIncome": 2717000000,
    "interestExpense": 772000000,
    "depreciationAndAmortization": 229722000,
    "ebitda": 550722000,
    "ebitdaratio": 0.13910634,
    "operatingIncome": 321000000,
    "operatingIncomeRatio": 0.0810810811,
    "totalOtherIncomeExpensesNet": 0,
    "incomeBeforeTax": 321000000,
    "incomeBeforeTaxRatio": 0.0810810811,
    "incomeTaxExpense": 92000000,
    "netIncome": 224203000,
    "netIncomeRatio": 0.05663122,
    "eps": -0.65,
    "epsdiluted": -0.65,
    "weightedAverageShsOut": 423869000,
    "weightedAverageShsOutDil": 423869000,
    "link": "https://www.sec.gov/Archives/edgar/data/927628/000119312509170756/0001193125-09-170756-index.htm",
    "finalLink": "https://www.sec.gov/Archives/edgar/data/927628/000119312509170756/d10q.htm"
  },
  {
    "date": "2009-03-31",
    "symbol": "COF",
    "reportedCurrency": "USD",
    "cik": "0000927628",
    "fillingDate": "2009-05-08",
    "acceptedDate": "2009-05-08 16:01:12",
    "calendarYear": "2009",
    "period": "Q1",
    "revenue": 3740216000,
    "costOfRevenue": 2136158000,
    "grossProfit": 1604058000,
    "grossProfitRatio": 0.4288677445,
    "researchAndDevelopmentExpenses": 0,
    "generalAndAdministrativeExpenses": 753535000,
    "sellingAndMarketingExpenses": 162712000,
    "sellingGeneralAndAdministrativeExpenses": 916247000,
    "otherExpenses": 829405000,
    "operatingExpenses": 1745652000,
    "costAndExpenses": 3881810000,
    "interestIncome": 2650009000,
    "interestExpense": 857021000,
    "depreciationAndAmortization": 151278000,
    "ebitda": 9684000,
    "ebitdaratio": 0.0025891553,
    "operatingIncome": -141594000,
    "operatingIncomeRatio": -0.0378571719,
    "totalOtherIncomeExpensesNet": 0,
    "incomeBeforeTax": -141594000,
    "incomeBeforeTaxRatio": -0.0378571719,
    "incomeTaxExpense": -58490000,
    "netIncome": -108062000,
    "netIncomeRatio": -0.0288919143,
    "eps": -0.44,
    "epsdiluted": -0.44,
    "weightedAverageShsOut": 390456000,
    "weightedAverageShsOutDil": 390456000,
    "link": "https://www.sec.gov/Archives/edgar/data/927628/000119312509105327/0001193125-09-105327-index.htm",
    "finalLink": "https://www.sec.gov/Archives/edgar/data/927628/000119312509105327/d10q.htm"
  },
  {
    "date": "2008-12-31",
    "symbol": "COF",
    "reportedCurrency": "USD",
    "cik": "0000927628",
    "fillingDate": "2009-02-26",
    "acceptedDate": "2009-02-26 17:27:32",
    "calendarYear": "2008",
    "period": "Q4",
    "revenue": 4083247000,
    "costOfRevenue": 3065345000,
    "grossProfit": 1017902000,
    "grossProfitRatio": 0.2492873931,
    "researchAndDevelopmentExpenses": 0,
    "generalAndAdministrativeExpenses": 1093886000,
    "sellingAndMarketingExpenses": 264943000,
    "sellingGeneralAndAdministrativeExpenses": 1358829000,
    "otherExpenses": 1345254000,
    "operatingExpenses": 2704083000,
    "costAndExpenses": 5769428000,
    "interestIncome": 2768821000,
    "interestExpense": 966424000,
    "depreciationAndAmortization": 154994000,
    "ebitda": -1531187000,
    "ebitdaratio": -0.3749924998,
    "operatingIncome": -1686181000,
    "operatingIncomeRatio": -0.4129510167,
    "totalOtherIncomeExpensesNet": 0,
    "incomeBeforeTax": -1686181000,
    "incomeBeforeTaxRatio": -0.4129510167,
    "incomeTaxExpense": -289856000,
    "netIncome": -1421546000,
    "netIncomeRatio": -0.348141075,
    "eps": -3.7,
    "epsdiluted": -3.64,
    "weightedAverageShsOut": 383770000,
    "weightedAverageShsOutDil": 390456000,
    "link": "https://www.sec.gov/Archives/edgar/data/927628/000119312509039271/0001193125-09-039271-index.htm",
    "finalLink": "https://www.sec.gov/Archives/edgar/data/927628/000119312509039271/d10k.htm"
  },
  {
    "date": "2008-09-30",
    "symbol": "COF",
    "reportedCurrency": "USD",
    "cik": "0000927628",
    "fillingDate": "2008-11-10",
    "acceptedDate": "2008-11-07 19:13:41",
    "calendarYear": "2008",
    "period": "Q3",
    "revenue": 4468687000,
    "costOfRevenue": 2059068000,
    "grossProfit": 2409619000,
    "grossProfitRatio": 0.5392230425,
    "researchAndDevelopmentExpenses": 0,
    "generalAndAdministrativeExpenses": 748406000,
    "sellingAndMarketingExpenses": 267372000,
    "sellingGeneralAndAdministrativeExpenses": 1015778000,
    "otherExpenses": 794428000,
    "operatingExpenses": 1810206000,
    "costAndExpenses": 3869274000,
    "interestIncome": 2771796000,
    "interestExpense": 965151000,
    "depreciationAndAmortization": 175303000,
    "ebitda": 774716000,
    "ebitdaratio": 0.1733654651,
    "operatingIncome": 599413000,
    "operatingIncomeRatio": 0.1341362687,
    "totalOtherIncomeExpensesNet": 0,
    "incomeBeforeTax": 599413000,
    "incomeBeforeTaxRatio": 0.1341362687,
    "incomeTaxExpense": 213624000,
    "netIncome": 374139000,
    "netIncomeRatio": 0.0837245929,
    "eps": 1,
    "epsdiluted": 1,
    "weightedAverageShsOut": 374293000,
    "weightedAverageShsOutDil": 374293000,
    "link": "https://www.sec.gov/Archives/edgar/data/927628/000119312508230314/0001193125-08-230314-index.htm",
    "finalLink": "https://www.sec.gov/Archives/edgar/data/927628/000119312508230314/d10q.htm"
  },
  {
    "date": "2008-06-30",
    "symbol": "COF",
    "reportedCurrency": "USD",
    "cik": "0000927628",
    "fillingDate": "2008-08-08",
    "acceptedDate": "2008-08-08 16:16:45",
    "calendarYear": "2008",
    "period": "Q2",
    "revenue": 4314173000,
    "costOfRevenue": 1793231000,
    "grossProfit": 2520942000,
    "grossProfitRatio": 0.584339571,
    "researchAndDevelopmentExpenses": 0,
    "generalAndAdministrativeExpenses": 773674000,
    "sellingAndMarketingExpenses": 288100000,
    "sellingGeneralAndAdministrativeExpenses": 1061774000,
    "otherExpenses": 757827000,
    "operatingExpenses": 1819601000,
    "costAndExpenses": 3612832000,
    "interestIncome": 2691857000,
    "interestExpense": 964101000,
    "depreciationAndAmortization": 175626000,
    "ebitda": 876967000,
    "ebitdaratio": 0.2032758074,
    "operatingIncome": 701341000,
    "operatingIncomeRatio": 0.1625667306,
    "totalOtherIncomeExpensesNet": 0,
    "incomeBeforeTax": 701341000,
    "incomeBeforeTaxRatio": 0.1625667306,
    "incomeTaxExpense": 238843000,
    "netIncome": 452905000,
    "netIncomeRatio": 0.1049807228,
    "eps": 1.21,
    "epsdiluted": 1.21,
    "weightedAverageShsOut": 372348000,
    "weightedAverageShsOutDil": 373653000,
    "link": "https://www.sec.gov/Archives/edgar/data/927628/000119312508171940/0001193125-08-171940-index.htm",
    "finalLink": "https://www.sec.gov/Archives/edgar/data/927628/000119312508171940/d10q.htm"
  },
  {
    "date": "2008-03-31",
    "symbol": "COF",
    "reportedCurrency": "USD",
    "cik": "0000927628",
    "fillingDate": "2008-05-09",
    "acceptedDate": "2008-05-08 18:15:17",
    "calendarYear": "2008",
    "period": "Q1",
    "revenue": 4936003000,
    "costOfRevenue": 2146680000,
    "grossProfit": 2789323000,
    "grossProfitRatio": 0.5650975091,
    "researchAndDevelopmentExpenses": 0,
    "generalAndAdministrativeExpenses": 611280000,
    "sellingAndMarketingExpenses": 297793000,
    "sellingGeneralAndAdministrativeExpenses": 909073000,
    "otherExpenses": 913204000,
    "operatingExpenses": 1822277000,
    "costAndExpenses": 3968957000,
    "interestIncome": 2879525000,
    "interestExpense": 1067608000,
    "depreciationAndAmortization": 185507000,
    "ebitda": 1152553000,
    "ebitdaratio": 0.2334992503,
    "operatingIncome": 967046000,
    "operatingIncomeRatio": 0.1959168177,
    "totalOtherIncomeExpensesNet": 0,
    "incomeBeforeTax": 967046000,
    "incomeBeforeTaxRatio": 0.1959168177,
    "incomeTaxExpense": 334491000,
    "netIncome": 548504000,
    "netIncomeRatio": 0.1111231091,
    "eps": 1.48,
    "epsdiluted": 1.47,
    "weightedAverageShsOut": 370611000,
    "weightedAverageShsOutDil": 373132000,
    "link": "https://www.sec.gov/Archives/edgar/data/927628/000119312508108143/0001193125-08-108143-index.htm",
    "finalLink": "https://www.sec.gov/Archives/edgar/data/927628/000119312508108143/d10q.htm"
  },
  {
    "date": "2007-12-31",
    "symbol": "COF",
    "reportedCurrency": "USD",
    "cik": "0000927628",
    "fillingDate": "2008-02-29",
    "acceptedDate": "2008-02-29 16:36:20",
    "calendarYear": "2007",
    "period": "Q4",
    "revenue": 5013290000,
    "costOfRevenue": 2492157000,
    "grossProfit": 2521133000,
    "grossProfitRatio": 0.5028899186,
    "researchAndDevelopmentExpenses": 0,
    "generalAndAdministrativeExpenses": 1153339000,
    "sellingAndMarketingExpenses": 358182000,
    "sellingGeneralAndAdministrativeExpenses": 1511521000,
    "otherExpenses": 518442000,
    "operatingExpenses": 2029963000,
    "costAndExpenses": 4522120000,
    "interestIncome": 2960194000,
    "interestExpense": 1197947000,
    "depreciationAndAmortization": 196162000,
    "ebitda": 687332000,
    "ebitdaratio": 0.1371019829,
    "operatingIncome": 491170000,
    "operatingIncomeRatio": 0.0979735862,
    "totalOtherIncomeExpensesNet": 0,
    "incomeBeforeTax": 491170000,
    "incomeBeforeTaxRatio": 0.0979735862,
    "incomeTaxExpense": 169558000,
    "netIncome": 226568000,
    "netIncomeRatio": 0.0451934757,
    "eps": 0.61,
    "epsdiluted": 0.61,
    "weightedAverageShsOut": 370611000,
    "weightedAverageShsOutDil": 370611000,
    "link": "https://www.sec.gov/Archives/edgar/data/927628/000119312508043757/0001193125-08-043757-index.htm",
    "finalLink": "https://www.sec.gov/Archives/edgar/data/927628/000119312508043757/d10k.htm"
  },
  {
    "date": "2007-09-30",
    "symbol": "COF",
    "reportedCurrency": "USD",
    "cik": "0000927628",
    "fillingDate": "2007-11-08",
    "acceptedDate": "2007-11-08 17:18:34",
    "calendarYear": "2007",
    "period": "Q3",
    "revenue": 4916629000,
    "costOfRevenue": 1738027000,
    "grossProfit": 3178602000,
    "grossProfitRatio": 0.6465002749,
    "researchAndDevelopmentExpenses": 0,
    "generalAndAdministrativeExpenses": 627358000,
    "sellingAndMarketingExpenses": 332693000,
    "sellingGeneralAndAdministrativeExpenses": 960051000,
    "otherExpenses": 974170000,
    "operatingExpenses": 1934221000,
    "costAndExpenses": 3672248000,
    "interestIncome": 2766967000,
    "interestExpense": 1142493000,
    "depreciationAndAmortization": 152739000,
    "ebitda": 1397120000,
    "ebitdaratio": 0.284162177,
    "operatingIncome": 1244381000,
    "operatingIncomeRatio": 0.2530963797,
    "totalOtherIncomeExpensesNet": 0,
    "incomeBeforeTax": 1244381000,
    "incomeBeforeTaxRatio": 0.2530963797,
    "incomeTaxExpense": 428010000,
    "netIncome": -81658000,
    "netIncomeRatio": -0.016608534,
    "eps": -0.21,
    "epsdiluted": -0.21,
    "weightedAverageShsOut": 388848000,
    "weightedAverageShsOutDil": 388848000,
    "link": "https://www.sec.gov/Archives/edgar/data/927628/000119312507240532/0001193125-07-240532-index.htm",
    "finalLink": "https://www.sec.gov/Archives/edgar/data/927628/000119312507240532/d10q.htm"
  },
  {
    "date": "2007-06-30",
    "symbol": "COF",
    "reportedCurrency": "USD",
    "cik": "0000927628",
    "fillingDate": "2007-08-09",
    "acceptedDate": "2007-08-09 15:52:23",
    "calendarYear": "2007",
    "period": "Q2",
    "revenue": 4719226000,
    "costOfRevenue": 1554002000,
    "grossProfit": 3165224000,
    "grossProfitRatio": 0.6707082899,
    "researchAndDevelopmentExpenses": 0,
    "generalAndAdministrativeExpenses": 713242000,
    "sellingAndMarketingExpenses": 326718000,
    "sellingGeneralAndAdministrativeExpenses": 1039960000,
    "otherExpenses": 1072893000,
    "operatingExpenses": 2112853000,
    "costAndExpenses": 3666855000,
    "interestIncome": 2713061000,
    "interestExpense": 1152967000,
    "depreciationAndAmortization": 162173000,
    "ebitda": 1214544000,
    "ebitdaratio": 0.2573608469,
    "operatingIncome": 1052371000,
    "operatingIncomeRatio": 0.2229965253,
    "totalOtherIncomeExpensesNet": 0,
    "incomeBeforeTax": 1052371000,
    "incomeBeforeTaxRatio": 0.2229965253,
    "incomeTaxExpense": 301999000,
    "netIncome": 750372000,
    "netIncomeRatio": 0.1590031925,
    "eps": 1.92,
    "epsdiluted": 1.89,
    "weightedAverageShsOut": 390819000,
    "weightedAverageShsOutDil": 397022000,
    "link": "https://www.sec.gov/Archives/edgar/data/927628/000119312507177408/0001193125-07-177408-index.htm",
    "finalLink": "https://www.sec.gov/Archives/edgar/data/927628/000119312507177408/d10q.htm"
  },
  {
    "date": "2007-03-31",
    "symbol": "COF",
    "reportedCurrency": "USD",
    "cik": "0000927628",
    "fillingDate": "2007-05-09",
    "acceptedDate": "2007-05-09 16:55:25",
    "calendarYear": "2007",
    "period": "Q1",
    "revenue": 4598538000,
    "costOfRevenue": 1515212000,
    "grossProfit": 3083326000,
    "grossProfitRatio": 0.6705013637,
    "researchAndDevelopmentExpenses": 0,
    "generalAndAdministrativeExpenses": 724259000,
    "sellingAndMarketingExpenses": 331549000,
    "sellingGeneralAndAdministrativeExpenses": 1055808000,
    "otherExpenses": 989593000,
    "operatingExpenses": 2045401000,
    "costAndExpenses": 3560613000,
    "interestIncome": 2788013000,
    "interestExpense": 1165167000,
    "depreciationAndAmortization": 167683000,
    "ebitda": 1205608000,
    "ebitdaratio": 0.2621720208,
    "operatingIncome": 1037925000,
    "operatingIncomeRatio": 0.2257076053,
    "totalOtherIncomeExpensesNet": 0,
    "incomeBeforeTax": 1037925000,
    "incomeBeforeTaxRatio": 0.2257076053,
    "incomeTaxExpense": 362875000,
    "netIncome": 675050000,
    "netIncomeRatio": 0.1467966558,
    "eps": 1.65,
    "epsdiluted": 1.62,
    "weightedAverageShsOut": 409121000,
    "weightedAverageShsOutDil": 416698000,
    "link": "https://www.sec.gov/Archives/edgar/data/927628/000119312507108326/0001193125-07-108326-index.htm",
    "finalLink": "https://www.sec.gov/Archives/edgar/data/927628/000119312507108326/d10q.htm"
  },
  {
    "date": "2006-12-31",
    "symbol": "COF",
    "reportedCurrency": "USD",
    "cik": "0000927628",
    "fillingDate": "2007-03-01",
    "acceptedDate": "2007-03-01 15:59:21",
    "calendarYear": "2006",
    "period": "Q4",
    "revenue": 4020602000,
    "costOfRevenue": 1465420000,
    "grossProfit": 2555182000,
    "grossProfitRatio": 0.6355222427,
    "researchAndDevelopmentExpenses": 0,
    "generalAndAdministrativeExpenses": 1093035000,
    "sellingAndMarketingExpenses": 395671000,
    "sellingGeneralAndAdministrativeExpenses": 1488706000,
    "otherExpenses": 497482000,
    "operatingExpenses": 1986188000,
    "costAndExpenses": 3451608000,
    "interestIncome": 2353419000,
    "interestExpense": 952263000,
    "depreciationAndAmortization": 159122000,
    "ebitda": 728116000,
    "ebitdaratio": 0.1810962637,
    "operatingIncome": 568994000,
    "operatingIncomeRatio": 0.1415196033,
    "totalOtherIncomeExpensesNet": 0,
    "incomeBeforeTax": 568994000,
    "incomeBeforeTaxRatio": 0.1415196033,
    "incomeTaxExpense": 178266000,
    "netIncome": 390728000,
    "netIncomeRatio": 0.0971814669,
    "eps": 0.96,
    "epsdiluted": 0.96,
    "weightedAverageShsOut": 409121000,
    "weightedAverageShsOutDil": 409121000,
    "link": "https://www.sec.gov/Archives/edgar/data/927628/000119312507044343/0001193125-07-044343-index.htm",
    "finalLink": "https://www.sec.gov/Archives/edgar/data/927628/000119312507044343/d10k.htm"
  },
  {
    "date": "2006-09-30",
    "symbol": "COF",
    "reportedCurrency": "USD",
    "cik": "0000927628",
    "fillingDate": "2006-11-03",
    "acceptedDate": "2006-11-03 16:47:38",
    "calendarYear": "2006",
    "period": "Q3",
    "revenue": 3826456000,
    "costOfRevenue": 1201122000,
    "grossProfit": 2625334000,
    "grossProfitRatio": 0.6861006634,
    "researchAndDevelopmentExpenses": 0,
    "generalAndAdministrativeExpenses": 554504000,
    "sellingAndMarketingExpenses": 368498000,
    "sellingGeneralAndAdministrativeExpenses": 923002000,
    "otherExpenses": 803627000,
    "operatingExpenses": 1726629000,
    "costAndExpenses": 2927751000,
    "interestIncome": 2065071000,
    "interestExpense": 770556000,
    "depreciationAndAmortization": 128748000,
    "ebitda": 1027453000,
    "ebitdaratio": 0.268512953,
    "operatingIncome": 898705000,
    "operatingIncomeRatio": 0.2348661529,
    "totalOtherIncomeExpensesNet": 0,
    "incomeBeforeTax": 898705000,
    "incomeBeforeTaxRatio": 0.2348661529,
    "incomeTaxExpense": 310866000,
    "netIncome": 587839000,
    "netIncomeRatio": 0.1536249208,
    "eps": 1.95,
    "epsdiluted": 1.89,
    "weightedAverageShsOut": 301456000,
    "weightedAverageShsOutDil": 311026000,
    "link": "https://www.sec.gov/Archives/edgar/data/927628/000119312506223783/0001193125-06-223783-index.htm",
    "finalLink": "https://www.sec.gov/Archives/edgar/data/927628/000119312506223783/d10q.htm"
  },
  {
    "date": "2006-06-30",
    "symbol": "COF",
    "reportedCurrency": "USD",
    "cik": "0000927628",
    "fillingDate": "2006-08-07",
    "acceptedDate": "2006-08-07 16:55:10",
    "calendarYear": "2006",
    "period": "Q2",
    "revenue": 3607070000,
    "costOfRevenue": 1062520000,
    "grossProfit": 2544550000,
    "grossProfitRatio": 0.7054340504,
    "researchAndDevelopmentExpenses": 0,
    "generalAndAdministrativeExpenses": 536465000,
    "sellingAndMarketingExpenses": 356695000,
    "sellingGeneralAndAdministrativeExpenses": 893160000,
    "otherExpenses": 787737000,
    "operatingExpenses": 1680897000,
    "costAndExpenses": 2743417000,
    "interestIncome": 1897157000,
    "interestExpense": 700075000,
    "depreciationAndAmortization": 129226000,
    "ebitda": 992879000,
    "ebitdaratio": 0.2752591438,
    "operatingIncome": 863653000,
    "operatingIncomeRatio": 0.2394333905,
    "totalOtherIncomeExpensesNet": 0,
    "incomeBeforeTax": 863653000,
    "incomeBeforeTaxRatio": 0.2394333905,
    "incomeTaxExpense": 311066000,
    "netIncome": 552587000,
    "netIncomeRatio": 0.1531955299,
    "eps": 1.84,
    "epsdiluted": 1.78,
    "weightedAverageShsOut": 300319000,
    "weightedAverageShsOutDil": 310442000,
    "link": "https://www.sec.gov/Archives/edgar/data/927628/000119312506163869/0001193125-06-163869-index.htm",
    "finalLink": "https://www.sec.gov/Archives/edgar/data/927628/000119312506163869/d10q.htm"
  },
  {
    "date": "2006-03-31",
    "symbol": "COF",
    "reportedCurrency": "USD",
    "cik": "0000927628",
    "fillingDate": "2006-05-04",
    "acceptedDate": "2006-05-03 19:14:06",
    "calendarYear": "2006",
    "period": "Q1",
    "revenue": 3736833000,
    "costOfRevenue": 841975000,
    "grossProfit": 2894858000,
    "grossProfitRatio": 0.7746821975,
    "researchAndDevelopmentExpenses": 0,
    "generalAndAdministrativeExpenses": 516144000,
    "sellingAndMarketingExpenses": 323771000,
    "sellingGeneralAndAdministrativeExpenses": 839915000,
    "otherExpenses": 733564000,
    "operatingExpenses": 1573479000,
    "costAndExpenses": 2415454000,
    "interestIncome": 1878582000,
    "interestExpense": 671705000,
    "depreciationAndAmortization": 124994000,
    "ebitda": 1446373000,
    "ebitdaratio": 0.3870585065,
    "operatingIncome": 1321379000,
    "operatingIncomeRatio": 0.3536093264,
    "totalOtherIncomeExpensesNet": 0,
    "incomeBeforeTax": 1321379000,
    "incomeBeforeTaxRatio": 0.3536093264,
    "incomeTaxExpense": 438040000,
    "netIncome": 883339000,
    "netIncomeRatio": 0.2363870689,
    "eps": 2.95,
    "epsdiluted": 2.86,
    "weightedAverageShsOut": 299437000,
    "weightedAverageShsOutDil": 308860000,
    "link": "https://www.sec.gov/Archives/edgar/data/927628/000119312506098770/0001193125-06-098770-index.htm",
    "finalLink": "https://www.sec.gov/Archives/edgar/data/927628/000119312506098770/d10q.htm"
  },
  {
    "date": "2005-12-31",
    "symbol": "COF",
    "reportedCurrency": "USD",
    "cik": "0000927628",
    "fillingDate": "2006-03-02",
    "acceptedDate": "2006-03-02 17:25:49",
    "calendarYear": "2005",
    "period": "Q4",
    "revenue": 3299612000,
    "costOfRevenue": 1162773000,
    "grossProfit": 2136839000,
    "grossProfitRatio": 0.6476031121,
    "researchAndDevelopmentExpenses": 0,
    "generalAndAdministrativeExpenses": 459788000,
    "sellingAndMarketingExpenses": 447437000,
    "sellingGeneralAndAdministrativeExpenses": 907225000,
    "otherExpenses": 781961000,
    "operatingExpenses": 1689186000,
    "costAndExpenses": 2851959000,
    "interestIncome": 1634098000,
    "interestExpense": 597099000,
    "depreciationAndAmortization": 119103000,
    "ebitda": 566756000,
    "ebitdaratio": 0.1717644378,
    "operatingIncome": 447653000,
    "operatingIncomeRatio": 0.1356683756,
    "totalOtherIncomeExpensesNet": 0,
    "incomeBeforeTax": 447653000,
    "incomeBeforeTaxRatio": 0.1356683756,
    "incomeTaxExpense": 167335000,
    "netIncome": 280318000,
    "netIncomeRatio": 0.0849548371,
    "eps": 0.94,
    "epsdiluted": 0.94,
    "weightedAverageShsOut": 299437000,
    "weightedAverageShsOutDil": 299437000,
    "link": "https://www.sec.gov/Archives/edgar/data/927628/000119312506044064/0001193125-06-044064-index.htm",
    "finalLink": "https://www.sec.gov/Archives/edgar/data/927628/000119312506044064/d10k.htm"
  },
  {
    "date": "2005-09-30",
    "symbol": "COF",
    "reportedCurrency": "USD",
    "cik": "0000927628",
    "fillingDate": "2005-11-02",
    "acceptedDate": "2005-11-01 19:26:15",
    "calendarYear": "2005",
    "period": "Q3",
    "revenue": 2999231000,
    "costOfRevenue": 868563000,
    "grossProfit": 2130668000,
    "grossProfitRatio": 0.7104047671,
    "researchAndDevelopmentExpenses": 0,
    "generalAndAdministrativeExpenses": 414348000,
    "sellingAndMarketingExpenses": 343708000,
    "sellingGeneralAndAdministrativeExpenses": 758056000,
    "otherExpenses": 607582000,
    "operatingExpenses": 1365638000,
    "costAndExpenses": 2234201000,
    "interestIncome": 1404615000,
    "interestExpense": 494396000,
    "depreciationAndAmortization": 110021000,
    "ebitda": 875051000,
    "ebitdaratio": 0.2917584541,
    "operatingIncome": 765030000,
    "operatingIncomeRatio": 0.2550753843,
    "totalOtherIncomeExpensesNet": 0,
    "incomeBeforeTax": 765030000,
    "incomeBeforeTaxRatio": 0.2550753843,
    "incomeTaxExpense": 273881000,
    "netIncome": 491149000,
    "netIncomeRatio": 0.16375831,
    "eps": 1.88,
    "epsdiluted": 1.81,
    "weightedAverageShsOut": 261249000,
    "weightedAverageShsOutDil": 271353000,
    "link": "https://www.sec.gov/Archives/edgar/data/927628/000119312505213367/0001193125-05-213367-index.htm",
    "finalLink": "https://www.sec.gov/Archives/edgar/data/927628/000119312505213367/d10q.htm"
  },
  {
    "date": "2005-06-30",
    "symbol": "COF",
    "reportedCurrency": "USD",
    "cik": "0000927628",
    "fillingDate": "2005-08-04",
    "acceptedDate": "2005-08-04 17:28:52",
    "calendarYear": "2005",
    "period": "Q2",
    "revenue": 2933896000,
    "costOfRevenue": 770997000,
    "grossProfit": 2162899000,
    "grossProfitRatio": 0.7372105214,
    "researchAndDevelopmentExpenses": 0,
    "generalAndAdministrativeExpenses": 442101000,
    "sellingAndMarketingExpenses": 277034000,
    "sellingGeneralAndAdministrativeExpenses": 719135000,
    "otherExpenses": 616482000,
    "operatingExpenses": 1335617000,
    "costAndExpenses": 2106614000,
    "interestIncome": 1351900000,
    "interestExpense": 479397000,
    "depreciationAndAmortization": 106661000,
    "ebitda": 933943000,
    "ebitdaratio": 0.3183285979,
    "operatingIncome": 827282000,
    "operatingIncomeRatio": 0.2819738668,
    "totalOtherIncomeExpensesNet": 0,
    "incomeBeforeTax": 827282000,
    "incomeBeforeTaxRatio": 0.2819738668,
    "incomeTaxExpense": 296164000,
    "netIncome": 531118000,
    "netIncomeRatio": 0.18102823,
    "eps": 2.1,
    "epsdiluted": 2.03,
    "weightedAverageShsOut": 252913000,
    "weightedAverageShsOutDil": 261634000,
    "link": "https://www.sec.gov/Archives/edgar/data/927628/000119312505157924/0001193125-05-157924-index.htm",
    "finalLink": "https://www.sec.gov/Archives/edgar/data/927628/000119312505157924/d10q.htm"
  },
  {
    "date": "2005-03-31",
    "symbol": "COF",
    "reportedCurrency": "USD",
    "cik": "0000927628",
    "fillingDate": "2005-05-03",
    "acceptedDate": "2005-05-03 17:01:56",
    "calendarYear": "2005",
    "period": "Q1",
    "revenue": 2852247000,
    "costOfRevenue": 735378000,
    "grossProfit": 2116869000,
    "grossProfitRatio": 0.7421759055,
    "researchAndDevelopmentExpenses": 0,
    "generalAndAdministrativeExpenses": 433501000,
    "sellingAndMarketingExpenses": 311759000,
    "sellingGeneralAndAdministrativeExpenses": 745260000,
    "otherExpenses": 582572000,
    "operatingExpenses": 1327832000,
    "costAndExpenses": 2063210000,
    "interestIncome": 1336268000,
    "interestExpense": 475747000,
    "depreciationAndAmortization": 89855000,
    "ebitda": 878892000,
    "ebitdaratio": 0.3081402137,
    "operatingIncome": 789037000,
    "operatingIncomeRatio": 0.2766369813,
    "totalOtherIncomeExpensesNet": 0,
    "incomeBeforeTax": 789037000,
    "incomeBeforeTaxRatio": 0.2766369813,
    "incomeTaxExpense": 282475000,
    "netIncome": 506562000,
    "netIncomeRatio": 0.1776010282,
    "eps": 2.08,
    "epsdiluted": 1.99,
    "weightedAverageShsOut": 243539000,
    "weightedAverageShsOutDil": 254554000,
    "link": "https://www.sec.gov/Archives/edgar/data/927628/000119312505094067/0001193125-05-094067-index.htm",
    "finalLink": "https://www.sec.gov/Archives/edgar/data/927628/000119312505094067/d10q.htm"
  },
  {
    "date": "2004-12-31",
    "symbol": "COF",
    "reportedCurrency": "USD",
    "cik": "0000927628",
    "fillingDate": "2005-03-09",
    "acceptedDate": "2005-03-09 12:17:54",
    "calendarYear": "2004",
    "period": "Q4",
    "revenue": 2770905000,
    "costOfRevenue": 931899000,
    "grossProfit": 1839006000,
    "grossProfitRatio": 0.6636842476,
    "researchAndDevelopmentExpenses": 0,
    "generalAndAdministrativeExpenses": 382646000,
    "sellingAndMarketingExpenses": 511142000,
    "sellingGeneralAndAdministrativeExpenses": 893788000,
    "otherExpenses": 662739000,
    "operatingExpenses": 1556527000,
    "costAndExpenses": 2488426000,
    "interestIncome": 1249330000,
    "interestExpense": 464766000,
    "depreciationAndAmortization": 91473000,
    "ebitda": 373952000,
    "ebitdaratio": 0.1349566297,
    "operatingIncome": 282479000,
    "operatingIncomeRatio": 0.1019446715,
    "totalOtherIncomeExpensesNet": 0,
    "incomeBeforeTax": 282479000,
    "incomeBeforeTaxRatio": 0.1019446715,
    "incomeTaxExpense": 87351000,
    "netIncome": 195128000,
    "netIncomeRatio": 0.0704203139,
    "eps": 0.8,
    "epsdiluted": 0.8,
    "weightedAverageShsOut": 238963000,
    "weightedAverageShsOutDil": 243539000,
    "link": "https://www.sec.gov/Archives/edgar/data/927628/000119312505045269/0001193125-05-045269-index.htm",
    "finalLink": "https://www.sec.gov/Archives/edgar/data/927628/000119312505045269/d10k.htm"
  },
  {
    "date": "2004-09-30",
    "symbol": "COF",
    "reportedCurrency": "USD",
    "cik": "0000927628",
    "fillingDate": "2004-11-01",
    "acceptedDate": "2004-11-01 17:08:54",
    "calendarYear": "2004",
    "period": "Q3",
    "revenue": 2767797000,
    "costOfRevenue": 720833000,
    "grossProfit": 2046964000,
    "grossProfitRatio": 0.7395643539,
    "researchAndDevelopmentExpenses": 0,
    "generalAndAdministrativeExpenses": 415988000,
    "sellingAndMarketingExpenses": 317653000,
    "sellingGeneralAndAdministrativeExpenses": 733641000,
    "otherExpenses": 578343000,
    "operatingExpenses": 1311984000,
    "costAndExpenses": 2032817000,
    "interestIncome": 1228413000,
    "interestExpense": 453038000,
    "depreciationAndAmortization": 92978000,
    "ebitda": 827958000,
    "ebitdaratio": 0.2991397129,
    "operatingIncome": 734980000,
    "operatingIncomeRatio": 0.2655469314,
    "totalOtherIncomeExpensesNet": 0,
    "incomeBeforeTax": 734980000,
    "incomeBeforeTaxRatio": 0.2655469314,
    "incomeTaxExpense": 244819000,
    "netIncome": 490161000,
    "netIncomeRatio": 0.1770942739,
    "eps": 2.07,
    "epsdiluted": 1.97,
    "weightedAverageShsOut": 236793000,
    "weightedAverageShsOutDil": 248813000,
    "link": "https://www.sec.gov/Archives/edgar/data/927628/000119312504182855/0001193125-04-182855-index.htm",
    "finalLink": "https://www.sec.gov/Archives/edgar/data/927628/000119312504182855/d10q.htm"
  },
  {
    "date": "2004-06-30",
    "symbol": "COF",
    "reportedCurrency": "USD",
    "cik": "0000927628",
    "fillingDate": "2004-08-05",
    "acceptedDate": "2004-08-05 17:07:09",
    "calendarYear": "2004",
    "period": "Q2",
    "revenue": 2548010000,
    "costOfRevenue": 683185000,
    "grossProfit": 1864825000,
    "grossProfitRatio": 0.7318750711,
    "researchAndDevelopmentExpenses": 0,
    "generalAndAdministrativeExpenses": 419695000,
    "sellingAndMarketingExpenses": 253838000,
    "sellingGeneralAndAdministrativeExpenses": 673533000,
    "otherExpenses": 555279000,
    "operatingExpenses": 1228812000,
    "costAndExpenses": 1911997000,
    "interestIncome": 1151946000,
    "interestExpense": 440929000,
    "depreciationAndAmortization": 101118000,
    "ebitda": 737131000,
    "ebitdaratio": 0.2892967453,
    "operatingIncome": 636013000,
    "operatingIncomeRatio": 0.2496116577,
    "totalOtherIncomeExpensesNet": 0,
    "incomeBeforeTax": 636013000,
    "incomeBeforeTaxRatio": 0.2496116577,
    "incomeTaxExpense": 228626000,
    "netIncome": 407387000,
    "netIncomeRatio": 0.1598843804,
    "eps": 1.74,
    "epsdiluted": 1.65,
    "weightedAverageShsOut": 234130000,
    "weightedAverageShsOutDil": 246901000,
    "link": "https://www.sec.gov/Archives/edgar/data/927628/000119312504132739/0001193125-04-132739-index.htm",
    "finalLink": "https://www.sec.gov/Archives/edgar/data/927628/000119312504132739/d10q.htm"
  },
  {
    "date": "2004-03-31",
    "symbol": "COF",
    "reportedCurrency": "USD",
    "cik": "0000927628",
    "fillingDate": "2004-05-07",
    "acceptedDate": "2004-05-07 12:08:06",
    "calendarYear": "2004",
    "period": "Q1",
    "revenue": 2607865000,
    "costOfRevenue": 676377000,
    "grossProfit": 1931488000,
    "grossProfitRatio": 0.7406395653,
    "researchAndDevelopmentExpenses": 0,
    "generalAndAdministrativeExpenses": 424392000,
    "sellingAndMarketingExpenses": 255147000,
    "sellingGeneralAndAdministrativeExpenses": 679539000,
    "otherExpenses": 545357000,
    "operatingExpenses": 1224896000,
    "costAndExpenses": 1901273000,
    "interestIncome": 1164731000,
    "interestExpense": 432709000,
    "depreciationAndAmortization": 96283000,
    "ebitda": 802875000,
    "ebitdaratio": 0.3078667799,
    "operatingIncome": 706592000,
    "operatingIncomeRatio": 0.2709465406,
    "totalOtherIncomeExpensesNet": 0,
    "incomeBeforeTax": 706592000,
    "incomeBeforeTaxRatio": 0.2709465406,
    "incomeTaxExpense": 255786000,
    "netIncome": 450806000,
    "netIncomeRatio": 0.1728640094,
    "eps": 1.94,
    "epsdiluted": 1.84,
    "weightedAverageShsOut": 232374000,
    "weightedAverageShsOutDil": 245003000,
    "link": "https://www.sec.gov/Archives/edgar/data/927628/000119312504081670/0001193125-04-081670-index.htm",
    "finalLink": "https://www.sec.gov/Archives/edgar/data/927628/000119312504081670/d10q.htm"
  },
  {
    "date": "2003-12-31",
    "symbol": "COF",
    "reportedCurrency": "USD",
    "cik": "0000927628",
    "fillingDate": "2004-03-05",
    "acceptedDate": "2004-03-05 09:28:19",
    "calendarYear": "2003",
    "period": "Q4",
    "revenue": 2525274000,
    "costOfRevenue": 814087000,
    "grossProfit": 1711187000,
    "grossProfitRatio": 0.6776242895,
    "researchAndDevelopmentExpenses": 0,
    "generalAndAdministrativeExpenses": 412056000,
    "sellingAndMarketingExpenses": 290145000,
    "sellingGeneralAndAdministrativeExpenses": 702201000,
    "otherExpenses": 590443000,
    "operatingExpenses": 1292644000,
    "costAndExpenses": 2106731000,
    "interestIncome": 1087783000,
    "interestExpense": 423682000,
    "depreciationAndAmortization": 100889000,
    "ebitda": 519432000,
    "ebitdaratio": 0.2056933228,
    "operatingIncome": 418543000,
    "operatingIncomeRatio": 0.1657416185,
    "totalOtherIncomeExpensesNet": 0,
    "incomeBeforeTax": 418543000,
    "incomeBeforeTaxRatio": 0.1657416185,
    "incomeTaxExpense": 154861000,
    "netIncome": 263682000,
    "netIncomeRatio": 0.104417184,
    "eps": 1.13,
    "epsdiluted": 1.13,
    "weightedAverageShsOut": 228785000,
    "weightedAverageShsOutDil": 232374000,
    "link": "https://www.sec.gov/Archives/edgar/data/927628/000119312504035097/0001193125-04-035097-index.htm",
    "finalLink": "https://www.sec.gov/Archives/edgar/data/927628/000119312504035097/d10k.htm"
  },
  {
    "date": "2003-09-30",
    "symbol": "COF",
    "reportedCurrency": "USD",
    "cik": "0000927628",
    "fillingDate": "2003-11-10",
    "acceptedDate": "2003-11-10 17:08:52",
    "calendarYear": "2003",
    "period": "Q3",
    "revenue": 2466233000,
    "costOfRevenue": 763248000,
    "grossProfit": 1702985000,
    "grossProfitRatio": 0.6905207253,
    "researchAndDevelopmentExpenses": 0,
    "generalAndAdministrativeExpenses": 387653000,
    "sellingAndMarketingExpenses": 316026000,
    "sellingGeneralAndAdministrativeExpenses": 703679000,
    "otherExpenses": 536918000,
    "operatingExpenses": 1240597000,
    "costAndExpenses": 2003845000,
    "interestIncome": 1103025000,
    "interestExpense": 399104000,
    "depreciationAndAmortization": 96962000,
    "ebitda": 559350000,
    "ebitdaratio": 0.226803388,
    "operatingIncome": 462388000,
    "operatingIncomeRatio": 0.1874875569,
    "totalOtherIncomeExpensesNet": 0,
    "incomeBeforeTax": 462388000,
    "incomeBeforeTaxRatio": 0.1874875569,
    "incomeTaxExpense": 171084000,
    "netIncome": 276267000,
    "netIncomeRatio": 0.1120198294,
    "eps": 1.23,
    "epsdiluted": 1.17,
    "weightedAverageShsOut": 224607000,
    "weightedAverageShsOutDil": 236126000,
    "link": "https://www.sec.gov/Archives/edgar/data/927628/000095013303003779/0000950133-03-003779-index.htm",
    "finalLink": "https://www.sec.gov/Archives/edgar/data/927628/000095013303003779/w91485e10vq.htm"
  },
  {
    "date": "2003-06-30",
    "symbol": "COF",
    "reportedCurrency": "USD",
    "cik": "0000927628",
    "fillingDate": "2003-08-11",
    "acceptedDate": "2003-08-11 11:39:31",
    "calendarYear": "2003",
    "period": "Q2",
    "revenue": 2380902000,
    "costOfRevenue": 775114000,
    "grossProfit": 1605788000,
    "grossProfitRatio": 0.6744452313,
    "researchAndDevelopmentExpenses": 0,
    "generalAndAdministrativeExpenses": 374245000,
    "sellingAndMarketingExpenses": 270555000,
    "sellingGeneralAndAdministrativeExpenses": 644800000,
    "otherExpenses": 506756000,
    "operatingExpenses": 1151556000,
    "costAndExpenses": 1926670000,
    "interestIncome": 1070280000,
    "interestExpense": 388017000,
    "depreciationAndAmortization": 93249000,
    "ebitda": 547481000,
    "ebitdaratio": 0.2299468857,
    "operatingIncome": 454232000,
    "operatingIncomeRatio": 0.1907814769,
    "totalOtherIncomeExpensesNet": 0,
    "incomeBeforeTax": 454232000,
    "incomeBeforeTaxRatio": 0.1907814769,
    "incomeTaxExpense": 168066000,
    "netIncome": 286789000,
    "netIncomeRatio": 0.1204539288,
    "eps": 1.28,
    "epsdiluted": 1.23,
    "weightedAverageShsOut": 223567000,
    "weightedAverageShsOutDil": 232655000,
    "link": "https://www.sec.gov/Archives/edgar/data/927628/000095013303002782/0000950133-03-002782-index.htm",
    "finalLink": "https://www.sec.gov/Archives/edgar/data/927628/000095013303002782/w88920e10vq.htm"
  },
  {
    "date": "2003-03-31",
    "symbol": "COF",
    "reportedCurrency": "USD",
    "cik": "0000927628",
    "fillingDate": "2003-05-14",
    "acceptedDate": "2003-05-14 10:35:23",
    "calendarYear": "2003",
    "period": "Q1",
    "revenue": 2411169000,
    "costOfRevenue": 747613000,
    "grossProfit": 1663556000,
    "grossProfitRatio": 0.6899375365,
    "researchAndDevelopmentExpenses": 0,
    "generalAndAdministrativeExpenses": 398467000,
    "sellingAndMarketingExpenses": 241696000,
    "sellingGeneralAndAdministrativeExpenses": 640163000,
    "otherExpenses": 533769000,
    "operatingExpenses": 1173932000,
    "costAndExpenses": 1921545000,
    "interestIncome": 1106566000,
    "interestExpense": 371762000,
    "depreciationAndAmortization": 92916000,
    "ebitda": 582540000,
    "ebitdaratio": 0.241600651,
    "operatingIncome": 489624000,
    "operatingIncomeRatio": 0.2030649863,
    "totalOtherIncomeExpensesNet": 0,
    "incomeBeforeTax": 489624000,
    "incomeBeforeTaxRatio": 0.2030649863,
    "incomeTaxExpense": 181161000,
    "netIncome": 309104000,
    "netIncomeRatio": 0.1281967378,
    "eps": 1.38,
    "epsdiluted": 1.35,
    "weightedAverageShsOut": 223524000,
    "weightedAverageShsOutDil": 228491000,
    "link": "https://www.sec.gov/Archives/edgar/data/927628/000095013303001810/0000950133-03-001810-index.htm",
    "finalLink": "https://www.sec.gov/Archives/edgar/data/927628/000095013303001810/w86372e10vq.htm"
  },
  {
    "date": "2002-12-31",
    "symbol": "COF",
    "reportedCurrency": "USD",
    "cik": "0000927628",
    "fillingDate": "2003-03-17",
    "acceptedDate": "2003-03-14 21:29:44",
    "calendarYear": "2002",
    "period": "Q4",
    "revenue": 2433986000,
    "costOfRevenue": 926390000,
    "grossProfit": 1507596000,
    "grossProfitRatio": 0.6193938667,
    "researchAndDevelopmentExpenses": 0,
    "generalAndAdministrativeExpenses": 380600000,
    "sellingAndMarketingExpenses": 210847000,
    "sellingGeneralAndAdministrativeExpenses": 591447000,
    "otherExpenses": 529573000,
    "operatingExpenses": 1121020000,
    "costAndExpenses": 2047410000,
    "interestIncome": 1113664000,
    "interestExpense": 382632000,
    "depreciationAndAmortization": -39906000,
    "ebitda": 346670000,
    "ebitdaratio": 0.1424289211,
    "operatingIncome": 386576000,
    "operatingIncomeRatio": 0.1588242496,
    "totalOtherIncomeExpensesNet": 0,
    "incomeBeforeTax": 386576000,
    "incomeBeforeTaxRatio": 0.1588242496,
    "incomeTaxExpense": 146899000,
    "netIncome": 239677000,
    "netIncomeRatio": 0.0984709855,
    "eps": 1.08,
    "epsdiluted": 1.08,
    "weightedAverageShsOut": 219880000,
    "weightedAverageShsOutDil": 222377000,
    "link": "https://www.sec.gov/Archives/edgar/data/927628/000095013303000793/0000950133-03-000793-index.htm",
    "finalLink": "https://www.sec.gov/Archives/edgar/data/927628/000095013303000793/w83110e10vk.htm"
  },
  {
    "date": "2002-09-30",
    "symbol": "COF",
    "reportedCurrency": "USD",
    "cik": "0000927628",
    "fillingDate": "2002-11-14",
    "acceptedDate": "2002-11-14 17:48:10",
    "calendarYear": "2002",
    "period": "Q3",
    "revenue": 2628257000,
    "costOfRevenue": 1059761000,
    "grossProfit": 1568496000,
    "grossProfitRatio": 0.5967818216,
    "researchAndDevelopmentExpenses": 0,
    "generalAndAdministrativeExpenses": 417189000,
    "sellingAndMarketingExpenses": 185795000,
    "sellingGeneralAndAdministrativeExpenses": 602984000,
    "otherExpenses": 548036000,
    "operatingExpenses": 1151020000,
    "costAndExpenses": 2210781000,
    "interestIncome": 1108079000,
    "interestExpense": 385650000,
    "depreciationAndAmortization": 53667000,
    "ebitda": 471143000,
    "ebitdaratio": 0.1792606279,
    "operatingIncome": 417476000,
    "operatingIncomeRatio": 0.1588413918,
    "totalOtherIncomeExpensesNet": 0,
    "incomeBeforeTax": 417476000,
    "incomeBeforeTaxRatio": 0.1588413918,
    "incomeTaxExpense": 158641000,
    "netIncome": 258835000,
    "netIncomeRatio": 0.0984816173,
    "eps": 1.17,
    "epsdiluted": 1.13,
    "weightedAverageShsOut": 221226000,
    "weightedAverageShsOutDil": 229058000,
    "link": "https://www.sec.gov/Archives/edgar/data/927628/000095013302003815/0000950133-02-003815-index.htm",
    "finalLink": "https://www.sec.gov/Archives/edgar/data/927628/000095013302003815/w65598e10vq.htm"
  },
  {
    "date": "2002-06-30",
    "symbol": "COF",
    "reportedCurrency": "USD",
    "cik": "0000927628",
    "fillingDate": "2002-08-13",
    "acceptedDate": "2002-08-13 17:30:42",
    "calendarYear": "2002",
    "period": "Q2",
    "revenue": 2409473000,
    "costOfRevenue": 912090000,
    "grossProfit": 1497383000,
    "grossProfitRatio": 0.6214566422,
    "researchAndDevelopmentExpenses": 0,
    "generalAndAdministrativeExpenses": 379363000,
    "sellingAndMarketingExpenses": 320446000,
    "sellingGeneralAndAdministrativeExpenses": 699809000,
    "otherExpenses": 453837000,
    "operatingExpenses": 1153646000,
    "costAndExpenses": 2065736000,
    "interestIncome": 1024661000,
    "interestExpense": 370249000,
    "depreciationAndAmortization": 16872000,
    "ebitda": 360609000,
    "ebitdaratio": 0.1496630176,
    "operatingIncome": 343737000,
    "operatingIncomeRatio": 0.1426606565,
    "totalOtherIncomeExpensesNet": 0,
    "incomeBeforeTax": 343737000,
    "incomeBeforeTaxRatio": 0.1426606565,
    "incomeTaxExpense": 130620000,
    "netIncome": 213117000,
    "netIncomeRatio": 0.0884496319,
    "eps": 0.97,
    "epsdiluted": 0.92,
    "weightedAverageShsOut": 219961000,
    "weightedAverageShsOutDil": 231684000,
    "link": "https://www.sec.gov/Archives/edgar/data/927628/000095013302002914/0000950133-02-002914-index.htm",
    "finalLink": "https://www.sec.gov/Archives/edgar/data/927628/000095013302002914/w62961e10vq.htm"
  },
  {
    "date": "2002-03-31",
    "symbol": "COF",
    "reportedCurrency": "USD",
    "cik": "0000927628",
    "fillingDate": "2002-05-15",
    "acceptedDate": "2002-05-15 15:24:19",
    "calendarYear": "2002",
    "period": "Q1",
    "revenue": 2133480000,
    "costOfRevenue": 670335000,
    "grossProfit": 1463145000,
    "grossProfitRatio": 0.6858020699,
    "researchAndDevelopmentExpenses": 0,
    "generalAndAdministrativeExpenses": 380735000,
    "sellingAndMarketingExpenses": 353536000,
    "sellingGeneralAndAdministrativeExpenses": 734271000,
    "otherExpenses": 425624000,
    "operatingExpenses": 1159895000,
    "costAndExpenses": 1830230000,
    "interestIncome": 907230000,
    "interestExpense": 323123000,
    "depreciationAndAmortization": 93439000,
    "ebitda": 396689000,
    "ebitdaratio": 0.1859351857,
    "operatingIncome": 303250000,
    "operatingIncomeRatio": 0.1421386655,
    "totalOtherIncomeExpensesNet": 0,
    "incomeBeforeTax": 303250000,
    "incomeBeforeTaxRatio": 0.1421386655,
    "incomeTaxExpense": 115235000,
    "netIncome": 188015000,
    "netIncomeRatio": 0.0881259726,
    "eps": 0.86,
    "epsdiluted": 0.83,
    "weightedAverageShsOut": 218622000,
    "weightedAverageShsOutDil": 226524000,
    "link": "https://www.sec.gov/Archives/edgar/data/927628/000092762802000002/0000927628-02-000002-index.htm",
    "finalLink": "https://www.sec.gov/Archives/edgar/data/927628/000092762802000002/cof10q.htm"
  },
  {
    "date": "2001-12-31",
    "symbol": "COF",
    "reportedCurrency": "USD",
    "cik": "0000927628",
    "fillingDate": "2002-03-22",
    "acceptedDate": "2002-03-22 00:00:00",
    "calendarYear": "2001",
    "period": "Q4",
    "revenue": 1981869000,
    "costOfRevenue": 620727000,
    "grossProfit": 1361142000,
    "grossProfitRatio": 0.6867971597,
    "researchAndDevelopmentExpenses": 0,
    "generalAndAdministrativeExpenses": 374793000,
    "sellingAndMarketingExpenses": 301160000,
    "sellingGeneralAndAdministrativeExpenses": 675953000,
    "otherExpenses": 398614000,
    "operatingExpenses": 1074567000,
    "costAndExpenses": 1695294000,
    "interestIncome": 804618000,
    "interestExpense": 314838000,
    "depreciationAndAmortization": 95947000,
    "ebitda": 382522000,
    "ebitdaratio": 0.1930107389,
    "operatingIncome": 286575000,
    "operatingIncomeRatio": 0.1445983564,
    "totalOtherIncomeExpensesNet": 0,
    "incomeBeforeTax": 286575000,
    "incomeBeforeTaxRatio": 0.1445983564,
    "incomeTaxExpense": 108894000,
    "netIncome": 177681000,
    "netIncomeRatio": 0.0896532516,
    "eps": 0.81,
    "epsdiluted": 0.81,
    "weightedAverageShsOut": 218332000,
    "weightedAverageShsOutDil": 218622000,
    "link": "https://www.sec.gov/Archives/edgar/data/927628/000092838502000920/0000928385-02-000920-index.htm",
    "finalLink": "https://www.sec.gov/Archives/edgar/data/927628/000092838502000920/d10k.htm"
  },
  {
    "date": "2001-09-30",
    "symbol": "COF",
    "reportedCurrency": "USD",
    "cik": "0000927628",
    "fillingDate": "2001-11-14",
    "acceptedDate": "2001-11-14 00:00:00",
    "calendarYear": "2001",
    "period": "Q3",
    "revenue": 1899348000,
    "costOfRevenue": 557770000,
    "grossProfit": 1341578000,
    "grossProfitRatio": 0.706336069,
    "researchAndDevelopmentExpenses": 0,
    "generalAndAdministrativeExpenses": 349487000,
    "sellingAndMarketingExpenses": 281910000,
    "sellingGeneralAndAdministrativeExpenses": 631397000,
    "otherExpenses": 443500000,
    "operatingExpenses": 1074897000,
    "costAndExpenses": 1632667000,
    "interestIncome": 743927000,
    "interestExpense": 294869000,
    "depreciationAndAmortization": 160149000,
    "ebitda": 426830000,
    "ebitdaratio": 0.2247244844,
    "operatingIncome": 266681000,
    "operatingIncomeRatio": 0.1404066027,
    "totalOtherIncomeExpensesNet": 0,
    "incomeBeforeTax": 266681000,
    "incomeBeforeTaxRatio": 0.1404066027,
    "incomeTaxExpense": 101337000,
    "netIncome": 165344000,
    "netIncomeRatio": 0.0870530308,
    "eps": 0.78,
    "epsdiluted": 0.75,
    "weightedAverageShsOut": 209076000,
    "weightedAverageShsOutDil": 221183000,
    "link": "https://www.sec.gov/Archives/edgar/data/927628/000092762801500041/0000927628-01-500041-index.htm",
    "finalLink": "https://www.sec.gov/Archives/edgar/data/927628/000092762801500041/cofq310q01.htm"
  },
  {
    "date": "2001-06-30",
    "symbol": "COF",
    "reportedCurrency": "USD",
    "cik": "0000927628",
    "fillingDate": "2001-08-14",
    "acceptedDate": "2001-08-14 00:00:00",
    "calendarYear": "2001",
    "period": "Q2",
    "revenue": 1730892000,
    "costOfRevenue": 490046000,
    "grossProfit": 1240846000,
    "grossProfitRatio": 0.7168823936,
    "researchAndDevelopmentExpenses": 0,
    "generalAndAdministrativeExpenses": 342076000,
    "sellingAndMarketingExpenses": 268709000,
    "sellingGeneralAndAdministrativeExpenses": 610785000,
    "otherExpenses": 379531000,
    "operatingExpenses": 990316000,
    "costAndExpenses": 1480362000,
    "interestIncome": 657216000,
    "interestExpense": 287146000,
    "depreciationAndAmortization": 5347000,
    "ebitda": 255877000,
    "ebitdaratio": 0.1478295584,
    "operatingIncome": 250530000,
    "operatingIncomeRatio": 0.1447403997,
    "totalOtherIncomeExpensesNet": 0,
    "incomeBeforeTax": 250530000,
    "incomeBeforeTaxRatio": 0.1447403997,
    "incomeTaxExpense": 95203000,
    "netIncome": 155327000,
    "netIncomeRatio": 0.0897381235,
    "eps": 0.74,
    "epsdiluted": 0.7,
    "weightedAverageShsOut": 209901000,
    "weightedAverageShsOutDil": 221896000,
    "link": "https://www.sec.gov/Archives/edgar/data/927628/000092762801500010/0000927628-01-500010-index.htm",
    "finalLink": "https://www.sec.gov/Archives/edgar/data/927628/000092762801500010/q2cof10q.htm"
  },
  {
    "date": "2001-03-31",
    "symbol": "COF",
    "reportedCurrency": "USD",
    "cik": "0000927628",
    "fillingDate": "2001-05-11",
    "acceptedDate": "2001-05-11 00:00:00",
    "calendarYear": "2001",
    "period": "Q1",
    "revenue": 1674649000,
    "costOfRevenue": 524768000,
    "grossProfit": 1149881000,
    "grossProfitRatio": 0.6866400064,
    "researchAndDevelopmentExpenses": 0,
    "generalAndAdministrativeExpenses": 325716000,
    "sellingAndMarketingExpenses": 231200000,
    "sellingGeneralAndAdministrativeExpenses": 556916000,
    "otherExpenses": 361331000,
    "operatingExpenses": 918247000,
    "costAndExpenses": 1443015000,
    "interestIncome": 649873000,
    "interestExpense": 274154000,
    "depreciationAndAmortization": 76119000,
    "ebitda": 307753000,
    "ebitdaratio": 0.1837716441,
    "operatingIncome": 231634000,
    "operatingIncomeRatio": 0.1383179401,
    "totalOtherIncomeExpensesNet": 0,
    "incomeBeforeTax": 231634000,
    "incomeBeforeTaxRatio": 0.1383179401,
    "incomeTaxExpense": 88021000,
    "netIncome": 143613000,
    "netIncomeRatio": 0.0857570751,
    "eps": 0.7,
    "epsdiluted": 0.66,
    "weightedAverageShsOut": 205161000,
    "weightedAverageShsOutDil": 217595000,
    "link": "https://www.sec.gov/Archives/edgar/data/927628/000092838501500803/0000928385-01-500803-index.htm",
    "finalLink": "https://www.sec.gov/Archives/edgar/data/927628/000092838501500803/d10q.txt"
  },
  {
    "date": "2000-12-31",
    "symbol": "COF",
    "reportedCurrency": "USD",
    "cik": "0000927628",
    "fillingDate": "2001-03-29",
    "acceptedDate": "2001-03-29 00:00:00",
    "calendarYear": "2000",
    "period": "Q4",
    "revenue": 1578315000,
    "costOfRevenue": 494901000,
    "grossProfit": 1083414000,
    "grossProfitRatio": 0.6864371181,
    "researchAndDevelopmentExpenses": 0,
    "generalAndAdministrativeExpenses": 287742000,
    "sellingAndMarketingExpenses": 259461000,
    "sellingGeneralAndAdministrativeExpenses": 547203000,
    "otherExpenses": 329313000,
    "operatingExpenses": 876516000,
    "costAndExpenses": 1371417000,
    "interestIncome": 706235000,
    "interestExpense": 247675000,
    "depreciationAndAmortization": 70250000,
    "ebitda": 277148000,
    "ebitdaratio": 0.1755973934,
    "operatingIncome": 206898000,
    "operatingIncomeRatio": 0.1310879007,
    "totalOtherIncomeExpensesNet": 0,
    "incomeBeforeTax": 206898000,
    "incomeBeforeTaxRatio": 0.1310879007,
    "incomeTaxExpense": 78621000,
    "netIncome": 128277000,
    "netIncomeRatio": 0.0812746505,
    "eps": 0.63,
    "epsdiluted": 0.63,
    "weightedAverageShsOut": 205161000,
    "weightedAverageShsOutDil": 205161000,
    "link": "https://www.sec.gov/Archives/edgar/data/927628/000092838501500145/0000928385-01-500145-index.htm",
    "finalLink": "https://www.sec.gov/Archives/edgar/data/927628/000092838501500145/d10k.txt"
  },
  {
    "date": "2000-09-30",
    "symbol": "COF",
    "reportedCurrency": "USD",
    "cik": "0000927628",
    "fillingDate": "2000-11-08",
    "acceptedDate": "2000-11-08 00:00:00",
    "calendarYear": "2000",
    "period": "Q3",
    "revenue": 1428182000,
    "costOfRevenue": 412252000,
    "grossProfit": 1015930000,
    "grossProfitRatio": 0.7113449126,
    "researchAndDevelopmentExpenses": 0,
    "generalAndAdministrativeExpenses": 264171000,
    "sellingAndMarketingExpenses": 233188000,
    "sellingGeneralAndAdministrativeExpenses": 497359000,
    "otherExpenses": 321598000,
    "operatingExpenses": 818957000,
    "costAndExpenses": 1231209000,
    "interestIncome": 631713000,
    "interestExpense": 218843000,
    "depreciationAndAmortization": 118730000,
    "ebitda": 315703000,
    "ebitdaratio": 0.2210523589,
    "operatingIncome": 196973000,
    "operatingIncomeRatio": 0.1379186966,
    "totalOtherIncomeExpensesNet": 0,
    "incomeBeforeTax": 196973000,
    "incomeBeforeTaxRatio": 0.1379186966,
    "incomeTaxExpense": 74850000,
    "netIncome": 122123000,
    "netIncomeRatio": 0.0855094099,
    "eps": 0.62,
    "epsdiluted": 0.58,
    "weightedAverageShsOut": 196973000,
    "weightedAverageShsOutDil": 210557000,
    "link": "https://www.sec.gov/Archives/edgar/data/927628/000092762800000021/0000927628-00-000021-index.htm",
    "finalLink": "https://www.sec.gov/Archives/edgar/data/927628/000092762800000021/0000927628-00-000021-0001.txt"
  },
  {
    "date": "2000-06-30",
    "symbol": "COF",
    "reportedCurrency": "USD",
    "cik": "0000927628",
    "fillingDate": "2000-08-14",
    "acceptedDate": "2000-08-14 00:00:00",
    "calendarYear": "2000",
    "period": "Q2",
    "revenue": 1247314000,
    "costOfRevenue": 323559000,
    "grossProfit": 923755000,
    "grossProfitRatio": 0.7405953914,
    "researchAndDevelopmentExpenses": 0,
    "generalAndAdministrativeExpenses": 236618000,
    "sellingAndMarketingExpenses": 211560000,
    "sellingGeneralAndAdministrativeExpenses": 448178000,
    "otherExpenses": 294086000,
    "operatingExpenses": 742264000,
    "costAndExpenses": 1065823000,
    "interestIncome": 536507000,
    "interestExpense": 172549000,
    "depreciationAndAmortization": 2409000,
    "ebitda": 183900000,
    "ebitdaratio": 0.1474368122,
    "operatingIncome": 181491000,
    "operatingIncomeRatio": 0.1455054621,
    "totalOtherIncomeExpensesNet": 0,
    "incomeBeforeTax": 181491000,
    "incomeBeforeTaxRatio": 0.1455054621,
    "incomeTaxExpense": 68966000,
    "netIncome": 112525000,
    "netIncomeRatio": 0.0902138515,
    "eps": 0.57,
    "epsdiluted": 0.54,
    "weightedAverageShsOut": 197412000,
    "weightedAverageShsOutDil": 208380000,
    "link": "https://www.sec.gov/Archives/edgar/data/927628/000092762800000014/0000927628-00-000014-index.htm",
    "finalLink": "https://www.sec.gov/Archives/edgar/data/927628/000092762800000014/0000927628-00-000014-0001.txt"
  },
  {
    "date": "2000-03-31",
    "symbol": "COF",
    "reportedCurrency": "USD",
    "cik": "0000927628",
    "fillingDate": "2000-05-15",
    "acceptedDate": "2000-05-15 00:00:00",
    "calendarYear": "2000",
    "period": "Q1",
    "revenue": 1170507000,
    "costOfRevenue": 288475000,
    "grossProfit": 882032000,
    "grossProfitRatio": 0.7535469673,
    "researchAndDevelopmentExpenses": 0,
    "generalAndAdministrativeExpenses": 234836000,
    "sellingAndMarketingExpenses": 201938000,
    "sellingGeneralAndAdministrativeExpenses": 436774000,
    "otherExpenses": 273146000,
    "operatingExpenses": 709920000,
    "costAndExpenses": 998395000,
    "interestIncome": 515447000,
    "interestExpense": 161950000,
    "depreciationAndAmortization": 53434000,
    "ebitda": 225546000,
    "ebitdaratio": 0.1926908596,
    "operatingIncome": 172112000,
    "operatingIncomeRatio": 0.1470405559,
    "totalOtherIncomeExpensesNet": 0,
    "incomeBeforeTax": 172112000,
    "incomeBeforeTaxRatio": 0.1470405559,
    "incomeTaxExpense": 65403000,
    "netIncome": 106709000,
    "netIncomeRatio": 0.0911647688,
    "eps": 0.54,
    "epsdiluted": 0.51,
    "weightedAverageShsOut": 197609000,
    "weightedAverageShsOutDil": 209233000,
    "link": "https://www.sec.gov/Archives/edgar/data/927628/000092762800000004/0000927628-00-000004-index.html",
    "finalLink": "https://www.sec.gov/Archives/edgar/data/927628/000092762800000004/0000927628-00-000004.txt"
  },
  {
    "date": "1999-12-31",
    "symbol": "COF",
    "reportedCurrency": "USD",
    "cik": "0000927628",
    "fillingDate": "2000-03-21",
    "acceptedDate": "2000-03-21 00:00:00",
    "calendarYear": "1999",
    "period": "Q4",
    "revenue": 1105300000,
    "costOfRevenue": 280000000,
    "grossProfit": 825300000,
    "grossProfitRatio": 0.7466751108,
    "researchAndDevelopmentExpenses": 0,
    "generalAndAdministrativeExpenses": 207500000,
    "sellingAndMarketingExpenses": 202400000,
    "sellingGeneralAndAdministrativeExpenses": 409900000,
    "otherExpenses": 266200000,
    "operatingExpenses": 676100000,
    "costAndExpenses": 956100000,
    "interestIncome": 450600000,
    "interestExpense": 160000000,
    "depreciationAndAmortization": 50100000,
    "ebitda": 199300000,
    "ebitdaratio": 0.1803130372,
    "operatingIncome": 149200000,
    "operatingIncomeRatio": 0.1349859767,
    "totalOtherIncomeExpensesNet": 0,
    "incomeBeforeTax": 149200000,
    "incomeBeforeTaxRatio": 0.1349859767,
    "incomeTaxExpense": 51300000,
    "netIncome": 97900000,
    "netIncomeRatio": 0.088573238,
    "eps": 0.5,
    "epsdiluted": 0.5,
    "weightedAverageShsOut": 195574000,
    "weightedAverageShsOutDil": 197609000,
    "link": "https://www.sec.gov/Archives/edgar/data/927628/000092838500000798/0000928385-00-000798-index.html",
    "finalLink": "https://www.sec.gov/Archives/edgar/data/927628/000092838500000798/0000928385-00-000798.txt"
  },
  {
    "date": "1999-09-30",
    "symbol": "COF",
    "reportedCurrency": "USD",
    "cik": "0000927628",
    "fillingDate": "1999-11-15",
    "acceptedDate": "1999-11-15 00:00:00",
    "calendarYear": "1999",
    "period": "Q3",
    "revenue": 1033099000,
    "costOfRevenue": 249868000,
    "grossProfit": 783231000,
    "grossProfitRatio": 0.7581374099,
    "researchAndDevelopmentExpenses": 0,
    "generalAndAdministrativeExpenses": 199048000,
    "sellingAndMarketingExpenses": 175163000,
    "sellingGeneralAndAdministrativeExpenses": 374211000,
    "otherExpenses": 255210000,
    "operatingExpenses": 629421000,
    "costAndExpenses": 879289000,
    "interestIncome": 412036000,
    "interestExpense": 135807000,
    "depreciationAndAmortization": 46200000,
    "ebitda": 200010000,
    "ebitdaratio": 0.1936019684,
    "operatingIncome": 153810000,
    "operatingIncomeRatio": 0.1488821497,
    "totalOtherIncomeExpensesNet": 0,
    "incomeBeforeTax": 153810000,
    "incomeBeforeTaxRatio": 0.1488821497,
    "incomeTaxExpense": 58448000,
    "netIncome": 95400000,
    "netIncomeRatio": 0.0923435218,
    "eps": 0.48,
    "epsdiluted": 0.45,
    "weightedAverageShsOut": 198671000,
    "weightedAverageShsOutDil": 211916000,
    "link": "https://www.sec.gov/Archives/edgar/data/927628/000092762899000012/0000927628-99-000012-index.html",
    "finalLink": "https://www.sec.gov/Archives/edgar/data/927628/000092762899000012/0000927628-99-000012.txt"
  },
  {
    "date": "1999-06-15",
    "symbol": "COF",
    "reportedCurrency": "USD",
    "cik": "0000927628",
    "fillingDate": "1999-08-10",
    "acceptedDate": "1999-08-10 00:00:00",
    "calendarYear": "1999",
    "period": "Q2",
    "revenue": 949847000,
    "costOfRevenue": 200900000,
    "grossProfit": 748947000,
    "grossProfitRatio": 0.7884922519,
    "researchAndDevelopmentExpenses": 0,
    "generalAndAdministrativeExpenses": 194500000,
    "sellingAndMarketingExpenses": 178200000,
    "sellingGeneralAndAdministrativeExpenses": 372700000,
    "otherExpenses": 235147000,
    "operatingExpenses": 607847000,
    "costAndExpenses": 808747000,
    "interestIncome": 377800000,
    "interestExpense": 126600000,
    "depreciationAndAmortization": 40400000,
    "ebitda": 181500000,
    "ebitdaratio": 0.1910834061,
    "operatingIncome": 141100000,
    "operatingIncomeRatio": 0.1485502402,
    "totalOtherIncomeExpensesNet": 0,
    "incomeBeforeTax": 141100000,
    "incomeBeforeTaxRatio": 0.1485502402,
    "incomeTaxExpense": 53600000,
    "netIncome": 87500000,
    "netIncomeRatio": 0.0921200993,
    "eps": 0.44,
    "epsdiluted": 0.41,
    "weightedAverageShsOut": 198864000,
    "weightedAverageShsOutDil": 213415000,
    "link": "https://www.sec.gov/Archives/edgar/data/927628/000092762899000006/0000927628-99-000006-index.html",
    "finalLink": "https://www.sec.gov/Archives/edgar/data/927628/000092762899000006/0000927628-99-000006.txt"
  },
  {
    "date": "1999-03-31",
    "symbol": "COF",
    "reportedCurrency": "USD",
    "cik": "0000927628",
    "fillingDate": "1999-05-17",
    "acceptedDate": "1999-05-17 00:00:00",
    "calendarYear": "1999",
    "period": "Q1",
    "revenue": 877726000,
    "costOfRevenue": 194900000,
    "grossProfit": 682826000,
    "grossProfitRatio": 0.7779489271,
    "researchAndDevelopmentExpenses": 0,
    "generalAndAdministrativeExpenses": 179200000,
    "sellingAndMarketingExpenses": 176100000,
    "sellingGeneralAndAdministrativeExpenses": 355300000,
    "otherExpenses": 194626000,
    "operatingExpenses": 549926000,
    "costAndExpenses": 744826000,
    "interestIncome": 353100000,
    "interestExpense": 120300000,
    "depreciationAndAmortization": 35900000,
    "ebitda": 168800000,
    "ebitdaratio": 0.1923151416,
    "operatingIncome": 132900000,
    "operatingIncomeRatio": 0.1514139948,
    "totalOtherIncomeExpensesNet": 0,
    "incomeBeforeTax": 132900000,
    "incomeBeforeTaxRatio": 0.1514139948,
    "incomeTaxExpense": 50500000,
    "netIncome": 82400000,
    "netIncomeRatio": 0.0938789554,
    "eps": 0.42,
    "epsdiluted": 0.39,
    "weightedAverageShsOut": 197046000,
    "weightedAverageShsOutDil": 197046000,
    "link": "https://www.sec.gov/Archives/edgar/data/927628/000092286999000013/0000922869-99-000013-index.html",
    "finalLink": "https://www.sec.gov/Archives/edgar/data/927628/0000922869-99-000013.txt"
  },
  {
    "date": "1998-12-31",
    "symbol": "COF",
    "reportedCurrency": "USD",
    "cik": "0000927628",
    "fillingDate": "1999-03-26",
    "acceptedDate": "1999-03-26 00:00:00",
    "calendarYear": "1998",
    "period": "Q4",
    "revenue": 755500000,
    "costOfRevenue": 170400000,
    "grossProfit": 585100000,
    "grossProfitRatio": 0.774454004,
    "researchAndDevelopmentExpenses": 0,
    "generalAndAdministrativeExpenses": 138900000,
    "sellingAndMarketingExpenses": 159000000,
    "sellingGeneralAndAdministrativeExpenses": 297900000,
    "otherExpenses": 170100000,
    "operatingExpenses": 468000000,
    "costAndExpenses": 638400000,
    "interestIncome": 299000000,
    "interestExpense": 115800000,
    "depreciationAndAmortization": 38400000,
    "ebitda": 155500000,
    "ebitdaratio": 0.2058239576,
    "operatingIncome": 117100000,
    "operatingIncomeRatio": 0.1549966909,
    "totalOtherIncomeExpensesNet": 0,
    "incomeBeforeTax": 117100000,
    "incomeBeforeTaxRatio": 0.1549966909,
    "incomeTaxExpense": 44500000,
    "netIncome": 72600000,
    "netIncomeRatio": 0.0960953011,
    "eps": 0.37,
    "epsdiluted": 0.37,
    "weightedAverageShsOut": 196189000,
    "weightedAverageShsOutDil": 196190000,
    "link": "https://www.sec.gov/Archives/edgar/data/927628/000092838599000952/0000928385-99-000952-index.html",
    "finalLink": "https://www.sec.gov/Archives/edgar/data/927628/0000928385-99-000952.txt"
  },
  {
    "date": "1998-09-30",
    "symbol": "COF",
    "reportedCurrency": "USD",
    "cik": "0000927628",
    "fillingDate": "1998-11-13",
    "acceptedDate": "1998-11-13 00:00:00",
    "calendarYear": "1998",
    "period": "Q3",
    "revenue": 670200000,
    "costOfRevenue": 173700000,
    "grossProfit": 496500000,
    "grossProfitRatio": 0.7408236347,
    "researchAndDevelopmentExpenses": 0,
    "generalAndAdministrativeExpenses": 116100000,
    "sellingAndMarketingExpenses": 126500000,
    "sellingGeneralAndAdministrativeExpenses": 242600000,
    "otherExpenses": 141000000,
    "operatingExpenses": 383600000,
    "costAndExpenses": 557300000,
    "interestIncome": 283200000,
    "interestExpense": 106100000,
    "depreciationAndAmortization": 34200000,
    "ebitda": 147100000,
    "ebitdaratio": 0.2194867204,
    "operatingIncome": 112900000,
    "operatingIncomeRatio": 0.168457177,
    "totalOtherIncomeExpensesNet": 0,
    "incomeBeforeTax": 112900000,
    "incomeBeforeTaxRatio": 0.168457177,
    "incomeTaxExpense": 42900000,
    "netIncome": 70000000,
    "netIncomeRatio": 0.1044464339,
    "eps": 0.36,
    "epsdiluted": 0.33,
    "weightedAverageShsOut": 194444000,
    "weightedAverageShsOutDil": 212121000,
    "link": "https://www.sec.gov/Archives/edgar/data/927628/000092286998000020/0000922869-98-000020-index.html",
    "finalLink": "https://www.sec.gov/Archives/edgar/data/927628/0000922869-98-000020.txt"
  },
  {
    "date": "1998-06-30",
    "symbol": "COF",
    "reportedCurrency": "USD",
    "cik": "0000927628",
    "fillingDate": "1998-08-14",
    "acceptedDate": "1998-08-14 00:00:00",
    "calendarYear": "1998",
    "period": "Q2",
    "revenue": 600400000,
    "costOfRevenue": 160700000,
    "grossProfit": 439700000,
    "grossProfitRatio": 0.7323451033,
    "researchAndDevelopmentExpenses": 0,
    "generalAndAdministrativeExpenses": 113400000,
    "sellingAndMarketingExpenses": 85800000,
    "sellingGeneralAndAdministrativeExpenses": 199200000,
    "otherExpenses": 132600000,
    "operatingExpenses": 331800000,
    "costAndExpenses": 492500000,
    "interestIncome": 271400000,
    "interestExpense": 101700000,
    "depreciationAndAmortization": 19300000,
    "ebitda": 127200000,
    "ebitdaratio": 0.2118587608,
    "operatingIncome": 107900000,
    "operatingIncomeRatio": 0.1797135243,
    "totalOtherIncomeExpensesNet": 0,
    "incomeBeforeTax": 107900000,
    "incomeBeforeTaxRatio": 0.1797135243,
    "incomeTaxExpense": 41000000,
    "netIncome": 66900000,
    "netIncomeRatio": 0.1114257162,
    "eps": 0.34,
    "epsdiluted": 0.32,
    "weightedAverageShsOut": 196765000,
    "weightedAverageShsOutDil": 209063000,
    "link": "https://www.sec.gov/Archives/edgar/data/927628/000092286998000013/0000922869-98-000013-index.html",
    "finalLink": "https://www.sec.gov/Archives/edgar/data/927628/0000922869-98-000013.txt"
  },
  {
    "date": "1998-03-31",
    "symbol": "COF",
    "reportedCurrency": "USD",
    "cik": "0000927628",
    "fillingDate": "1998-05-15",
    "acceptedDate": "1998-05-15 00:00:00",
    "calendarYear": "1998",
    "period": "Q1",
    "revenue": 573900000,
    "costOfRevenue": 179100000,
    "grossProfit": 394800000,
    "grossProfitRatio": 0.6879247256,
    "researchAndDevelopmentExpenses": 0,
    "generalAndAdministrativeExpenses": 108000000,
    "sellingAndMarketingExpenses": 75000000,
    "sellingGeneralAndAdministrativeExpenses": 183000000,
    "otherExpenses": 105800000,
    "operatingExpenses": 288800000,
    "costAndExpenses": 467900000,
    "interestIncome": 258000000,
    "interestExpense": 93200000,
    "depreciationAndAmortization": 16300000,
    "ebitda": 122300000,
    "ebitdaratio": 0.2131033281,
    "operatingIncome": 106000000,
    "operatingIncomeRatio": 0.1847011675,
    "totalOtherIncomeExpensesNet": 0,
    "incomeBeforeTax": 106000000,
    "incomeBeforeTaxRatio": 0.1847011675,
    "incomeTaxExpense": 40300000,
    "netIncome": 65700000,
    "netIncomeRatio": 0.1144798745,
    "eps": 0.33,
    "epsdiluted": 0.32,
    "weightedAverageShsOut": 199091000,
    "weightedAverageShsOutDil": 205313000,
    "link": "https://www.sec.gov/Archives/edgar/data/927628/000092762898000003/0000927628-98-000003-index.html",
    "finalLink": "https://www.sec.gov/Archives/edgar/data/927628/0000927628-98-000003.txt"
  },
  {
    "date": "1997-12-31",
    "symbol": "COF",
    "reportedCurrency": "USD",
    "cik": "0000927628",
    "fillingDate": "1998-03-18",
    "acceptedDate": "1998-03-18 00:00:00",
    "calendarYear": "1997",
    "period": "Q4",
    "revenue": 519700000,
    "costOfRevenue": 183400000,
    "grossProfit": 336300000,
    "grossProfitRatio": 0.6471040985,
    "researchAndDevelopmentExpenses": 0,
    "generalAndAdministrativeExpenses": 76200000,
    "sellingAndMarketingExpenses": 0,
    "sellingGeneralAndAdministrativeExpenses": 76200000,
    "otherExpenses": 166200000,
    "operatingExpenses": 242400000,
    "costAndExpenses": 425800000,
    "interestIncome": 203600000,
    "interestExpense": 89100000,
    "depreciationAndAmortization": 19400000,
    "ebitda": 113300000,
    "ebitdaratio": 0.2180103906,
    "operatingIncome": 93900000,
    "operatingIncomeRatio": 0.1806811622,
    "totalOtherIncomeExpensesNet": 0,
    "incomeBeforeTax": 93900000,
    "incomeBeforeTaxRatio": 0.1806811622,
    "incomeTaxExpense": 35700000,
    "netIncome": 58200000,
    "netIncomeRatio": 0.1119876852,
    "eps": 0.29,
    "epsdiluted": 0.29,
    "weightedAverageShsOut": 195553000,
    "weightedAverageShsOutDil": 199091000,
    "link": "https://www.sec.gov/Archives/edgar/data/927628/000092838598000498/0000928385-98-000498-index.html",
    "finalLink": "https://www.sec.gov/Archives/edgar/data/927628/0000928385-98-000498.txt"
  },
  {
    "date": "1997-09-30",
    "symbol": "COF",
    "reportedCurrency": "USD",
    "cik": "0000927628",
    "fillingDate": "1997-11-14",
    "acceptedDate": "1997-11-14 00:00:00",
    "calendarYear": "1997",
    "period": "Q3",
    "revenue": 459900000,
    "costOfRevenue": 154300000,
    "grossProfit": 305600000,
    "grossProfitRatio": 0.6644922809,
    "researchAndDevelopmentExpenses": 0,
    "generalAndAdministrativeExpenses": 73200000,
    "sellingAndMarketingExpenses": 0,
    "sellingGeneralAndAdministrativeExpenses": 73200000,
    "otherExpenses": 152900000,
    "operatingExpenses": 226100000,
    "costAndExpenses": 380400000,
    "interestIncome": 179000000,
    "interestExpense": 81800000,
    "depreciationAndAmortization": 3300000,
    "ebitda": 82800000,
    "ebitdaratio": 0.1800391389,
    "operatingIncome": 79500000,
    "operatingIncomeRatio": 0.172863666,
    "totalOtherIncomeExpensesNet": 0,
    "incomeBeforeTax": 79500000,
    "incomeBeforeTaxRatio": 0.172863666,
    "incomeTaxExpense": 30200000,
    "netIncome": 49300000,
    "netIncomeRatio": 0.1071972168,
    "eps": 0.25,
    "epsdiluted": 0.24,
    "weightedAverageShsOut": 197200000,
    "weightedAverageShsOutDil": 205417000,
    "link": "https://www.sec.gov/Archives/edgar/data/927628/000092838597001906/0000928385-97-001906-index.html",
    "finalLink": "https://www.sec.gov/Archives/edgar/data/927628/0000928385-97-001906.txt"
  },
  {
    "date": "1997-06-30",
    "symbol": "COF",
    "reportedCurrency": "USD",
    "cik": "0000927628",
    "fillingDate": "1997-08-14",
    "acceptedDate": "1997-08-14 00:00:00",
    "calendarYear": "1997",
    "period": "Q2",
    "revenue": 395900000,
    "costOfRevenue": 130400000,
    "grossProfit": 265500000,
    "grossProfitRatio": 0.6706238949,
    "researchAndDevelopmentExpenses": 0,
    "generalAndAdministrativeExpenses": 69300000,
    "sellingAndMarketingExpenses": 0,
    "sellingGeneralAndAdministrativeExpenses": 69300000,
    "otherExpenses": 132700000,
    "operatingExpenses": 202000000,
    "costAndExpenses": 332400000,
    "interestIncome": 166900000,
    "interestExpense": 83600000,
    "depreciationAndAmortization": 12800000,
    "ebitda": 76300000,
    "ebitdaratio": 0.1927254357,
    "operatingIncome": 63500000,
    "operatingIncomeRatio": 0.1603940389,
    "totalOtherIncomeExpensesNet": 0,
    "incomeBeforeTax": 63500000,
    "incomeBeforeTaxRatio": 0.1603940389,
    "incomeTaxExpense": 24100000,
    "netIncome": 39400000,
    "netIncomeRatio": 0.0995200808,
    "eps": 0.2,
    "epsdiluted": 0.19,
    "weightedAverageShsOut": 197000000,
    "weightedAverageShsOutDil": 207368000,
    "link": "https://www.sec.gov/Archives/edgar/data/927628/000092838597001360/0000928385-97-001360-index.html",
    "finalLink": "https://www.sec.gov/Archives/edgar/data/927628/0000928385-97-001360.txt"
  },
  {
    "date": "1997-03-31",
    "symbol": "COF",
    "reportedCurrency": "USD",
    "cik": "0000927628",
    "fillingDate": "1997-05-14",
    "acceptedDate": "1997-05-14 00:00:00",
    "calendarYear": "1997",
    "period": "Q1",
    "revenue": 411700000,
    "costOfRevenue": 129600000,
    "grossProfit": 282100000,
    "grossProfitRatio": 0.6852076755,
    "researchAndDevelopmentExpenses": 0,
    "generalAndAdministrativeExpenses": 70600000,
    "sellingAndMarketingExpenses": 0,
    "sellingGeneralAndAdministrativeExpenses": 70600000,
    "otherExpenses": 143000000,
    "operatingExpenses": 213600000,
    "costAndExpenses": 343200000,
    "interestIncome": 168600000,
    "interestExpense": 80400000,
    "depreciationAndAmortization": 11100000,
    "ebitda": 79600000,
    "ebitdaratio": 0.1933446684,
    "operatingIncome": 68500000,
    "operatingIncomeRatio": 0.1663832888,
    "totalOtherIncomeExpensesNet": 0,
    "incomeBeforeTax": 68500000,
    "incomeBeforeTaxRatio": 0.1663832888,
    "incomeTaxExpense": 26000000,
    "netIncome": 42500000,
    "netIncomeRatio": 0.1032305077,
    "eps": 0.21,
    "epsdiluted": 0.21,
    "weightedAverageShsOut": 202381000,
    "weightedAverageShsOutDil": 202381000,
    "link": "https://www.sec.gov/Archives/edgar/data/927628/000095013397001879/0000950133-97-001879-index.html",
    "finalLink": "https://www.sec.gov/Archives/edgar/data/927628/0000950133-97-001879.txt"
  },
  {
    "date": "1996-12-31",
    "symbol": "COF",
    "reportedCurrency": "USD",
    "cik": "0000927628",
    "fillingDate": "1997-03-27",
    "acceptedDate": "1997-03-27 00:00:00",
    "calendarYear": "1996",
    "period": "Q4",
    "revenue": 416300000,
    "costOfRevenue": 150800000,
    "grossProfit": 265500000,
    "grossProfitRatio": 0.6377612299,
    "researchAndDevelopmentExpenses": 0,
    "generalAndAdministrativeExpenses": 63700000,
    "sellingAndMarketingExpenses": 0,
    "sellingGeneralAndAdministrativeExpenses": 63700000,
    "otherExpenses": 136800000,
    "operatingExpenses": 200500000,
    "costAndExpenses": 351300000,
    "interestIncome": 201400000,
    "interestExpense": 87800000,
    "depreciationAndAmortization": 10700000,
    "ebitda": 75700000,
    "ebitdaratio": 0.1818400192,
    "operatingIncome": 65000000,
    "operatingIncomeRatio": 0.1561374009,
    "totalOtherIncomeExpensesNet": 0,
    "incomeBeforeTax": 65000000,
    "incomeBeforeTaxRatio": 0.1561374009,
    "incomeTaxExpense": 24700000,
    "netIncome": 40300000,
    "netIncomeRatio": 0.0968051886,
    "eps": 0.2,
    "epsdiluted": 0.2,
    "weightedAverageShsOut": 201490000,
    "weightedAverageShsOutDil": 202381000,
    "link": "https://www.sec.gov/Archives/edgar/data/927628/000095013397001012/0000950133-97-001012-index.html",
    "finalLink": "https://www.sec.gov/Archives/edgar/data/927628/0000950133-97-001012.txt"
  },
  {
    "date": "1996-09-30",
    "symbol": "COF",
    "reportedCurrency": "USD",
    "cik": "0000927628",
    "fillingDate": "1996-11-14",
    "acceptedDate": "1996-11-14 00:00:00",
    "calendarYear": "1996",
    "period": "Q3",
    "revenue": 395000000,
    "costOfRevenue": 135500000,
    "grossProfit": 259500000,
    "grossProfitRatio": 0.6569620253,
    "researchAndDevelopmentExpenses": 0,
    "generalAndAdministrativeExpenses": 57600000,
    "sellingAndMarketingExpenses": 0,
    "sellingGeneralAndAdministrativeExpenses": 57600000,
    "otherExpenses": 139300000,
    "operatingExpenses": 196900000,
    "costAndExpenses": 332400000,
    "interestIncome": 188300000,
    "interestExpense": 81600000,
    "depreciationAndAmortization": 9600000,
    "ebitda": 72200000,
    "ebitdaratio": 0.1827848101,
    "operatingIncome": 62600000,
    "operatingIncomeRatio": 0.1584810127,
    "totalOtherIncomeExpensesNet": 0,
    "incomeBeforeTax": 62600000,
    "incomeBeforeTaxRatio": 0.1584810127,
    "incomeTaxExpense": 23800000,
    "netIncome": 38800000,
    "netIncomeRatio": 0.0982278481,
    "eps": 0.19,
    "epsdiluted": 0.19,
    "weightedAverageShsOut": 204211000,
    "weightedAverageShsOutDil": 204211000,
    "link": "https://www.sec.gov/Archives/edgar/data/927628/000095013396002565/0000950133-96-002565-index.html",
    "finalLink": "https://www.sec.gov/Archives/edgar/data/927628/0000950133-96-002565.txt"
  },
  {
    "date": "1996-06-30",
    "symbol": "COF",
    "reportedCurrency": "USD",
    "cik": "0000927628",
    "fillingDate": "1996-08-14",
    "acceptedDate": "1996-08-14 00:00:00",
    "calendarYear": "1996",
    "period": "Q2",
    "revenue": 308400000,
    "costOfRevenue": 88400000,
    "grossProfit": 220000000,
    "grossProfitRatio": 0.7133592737,
    "researchAndDevelopmentExpenses": 0,
    "generalAndAdministrativeExpenses": 49700000,
    "sellingAndMarketingExpenses": 0,
    "sellingGeneralAndAdministrativeExpenses": 49700000,
    "otherExpenses": 109700000,
    "operatingExpenses": 159400000,
    "costAndExpenses": 247800000,
    "interestIncome": 137800000,
    "interestExpense": 63300000,
    "depreciationAndAmortization": 11300000,
    "ebitda": 71900000,
    "ebitdaratio": 0.2331387808,
    "operatingIncome": 60600000,
    "operatingIncomeRatio": 0.1964980545,
    "totalOtherIncomeExpensesNet": 0,
    "incomeBeforeTax": 60600000,
    "incomeBeforeTaxRatio": 0.1964980545,
    "incomeTaxExpense": 22400000,
    "netIncome": 38200000,
    "netIncomeRatio": 0.1238651102,
    "eps": 0.19,
    "epsdiluted": 0.19,
    "weightedAverageShsOut": 201053000,
    "weightedAverageShsOutDil": 201053000,
    "link": "https://www.sec.gov/Archives/edgar/data/927628/000095013396001612/0000950133-96-001612-index.html",
    "finalLink": "https://www.sec.gov/Archives/edgar/data/927628/0000950133-96-001612.txt"
  },
  {
    "date": "1996-03-31",
    "symbol": "COF",
    "reportedCurrency": "USD",
    "cik": "0000927628",
    "fillingDate": "1996-03-31",
    "acceptedDate": "1996-03-30 19:00:00",
    "calendarYear": "1996",
    "period": "Q1",
    "revenue": 304200000,
    "costOfRevenue": 87600000,
    "grossProfit": 216600000,
    "grossProfitRatio": 0.7120315582,
    "researchAndDevelopmentExpenses": 0,
    "generalAndAdministrativeExpenses": 44300000,
    "sellingAndMarketingExpenses": 0,
    "sellingGeneralAndAdministrativeExpenses": 44300000,
    "otherExpenses": 112000000,
    "operatingExpenses": 156300000,
    "costAndExpenses": 243900000,
    "interestIncome": 133100000,
    "interestExpense": 62300000,
    "depreciationAndAmortization": 10300000,
    "ebitda": 70600000,
    "ebitdaratio": 0.2320841552,
    "operatingIncome": 60300000,
    "operatingIncomeRatio": 0.1982248521,
    "totalOtherIncomeExpensesNet": 0,
    "incomeBeforeTax": 60300000,
    "incomeBeforeTaxRatio": 0.1982248521,
    "incomeTaxExpense": 22300000,
    "netIncome": 38000000,
    "netIncomeRatio": 0.1249178172,
    "eps": 0.19,
    "epsdiluted": 0.19,
    "weightedAverageShsOut": 200000000,
    "weightedAverageShsOutDil": 200000000,
    "link": "",
    "finalLink": ""
  },
  {
    "date": "1995-12-31",
    "symbol": "COF",
    "reportedCurrency": "USD",
    "cik": "0000927628",
    "fillingDate": "1995-12-31",
    "acceptedDate": "1995-12-30 19:00:00",
    "calendarYear": "1995",
    "period": "Q4",
    "revenue": 286100000,
    "costOfRevenue": 91300000,
    "grossProfit": 194800000,
    "grossProfitRatio": 0.6808808109,
    "researchAndDevelopmentExpenses": 0,
    "generalAndAdministrativeExpenses": 37700000,
    "sellingAndMarketingExpenses": 0,
    "sellingGeneralAndAdministrativeExpenses": 37700000,
    "otherExpenses": 98000000,
    "operatingExpenses": 135700000,
    "costAndExpenses": 227000000,
    "interestIncome": 134900000,
    "interestExpense": 69900000,
    "depreciationAndAmortization": 10700000,
    "ebitda": 69800000,
    "ebitdaratio": 0.2439706396,
    "operatingIncome": 59100000,
    "operatingIncomeRatio": 0.206571129,
    "totalOtherIncomeExpensesNet": 0,
    "incomeBeforeTax": 59100000,
    "incomeBeforeTaxRatio": 0.206571129,
    "incomeTaxExpense": 21300000,
    "netIncome": 37800000,
    "netIncomeRatio": 0.1321216358,
    "eps": 0.19,
    "epsdiluted": 0.19,
    "weightedAverageShsOut": 199412000,
    "weightedAverageShsOutDil": 199412000,
    "link": "",
    "finalLink": ""
  },
  {
    "date": "1995-09-30",
    "symbol": "COF",
    "reportedCurrency": "USD",
    "cik": "0000927628",
    "fillingDate": "1995-09-30",
    "acceptedDate": "1995-09-29 20:00:00",
    "calendarYear": "1995",
    "period": "Q3",
    "revenue": 265900000,
    "costOfRevenue": 88000000,
    "grossProfit": 177900000,
    "grossProfitRatio": 0.6690485145,
    "researchAndDevelopmentExpenses": 0,
    "generalAndAdministrativeExpenses": 36600000,
    "sellingAndMarketingExpenses": 0,
    "sellingGeneralAndAdministrativeExpenses": 36600000,
    "otherExpenses": 88300000,
    "operatingExpenses": 124900000,
    "costAndExpenses": 212900000,
    "interestIncome": 129000000,
    "interestExpense": 69300000,
    "depreciationAndAmortization": 9800000,
    "ebitda": 62800000,
    "ebitdaratio": 0.2361790147,
    "operatingIncome": 53000000,
    "operatingIncomeRatio": 0.1993230538,
    "totalOtherIncomeExpensesNet": 0,
    "incomeBeforeTax": 53000000,
    "incomeBeforeTaxRatio": 0.1993230538,
    "incomeTaxExpense": 19100000,
    "netIncome": 33900000,
    "netIncomeRatio": 0.1274915382,
    "eps": 0.17,
    "epsdiluted": 0.17,
    "weightedAverageShsOut": 199412000,
    "weightedAverageShsOutDil": 199412000,
    "link": "",
    "finalLink": ""
  }
]