[
  {
    "date": "2024-12-31",
    "symbol": "COF",
    "reportedCurrency": "USD",
    "cik": "0000927628",
    "fillingDate": "2025-02-20",
    "acceptedDate": "2025-02-20 16:35:22",
    "calendarYear": "2024",
    "period": "FY",
    "revenue": 53938000000,
    "costOfRevenue": 26542000000,
    "grossProfit": 27396000000,
    "grossProfitRatio": 0.5079164967,
    "researchAndDevelopmentExpenses": 0,
    "generalAndAdministrativeExpenses": 9398000000,
    "sellingAndMarketingExpenses": 4562000000,
    "sellingGeneralAndAdministrativeExpenses": 13960000000,
    "otherExpenses": 7526000000,
    "operatingExpenses": 21486000000,
    "costAndExpenses": 48028000000,
    "interestIncome": 46034000000,
    "interestExpense": 14826000000,
    "depreciationAndAmortization": 3237000000,
    "ebitda": 9147000000,
    "ebitdaratio": 0.169583596,
    "operatingIncome": 5910000000,
    "operatingIncomeRatio": 0.1095702473,
    "totalOtherIncomeExpensesNet": 0,
    "incomeBeforeTax": 5910000000,
    "incomeBeforeTaxRatio": 0.1095702473,
    "incomeTaxExpense": 1163000000,
    "netIncome": 4750000000,
    "netIncomeRatio": 0.0880640736,
    "eps": 11.61,
    "epsdiluted": 11.59,
    "weightedAverageShsOut": 382700000,
    "weightedAverageShsOutDil": 383600000,
    "link": "https://www.sec.gov/Archives/edgar/data/927628/000092762825000092/0000927628-25-000092-index.htm",
    "finalLink": "https://www.sec.gov/Archives/edgar/data/927628/000092762825000092/cof-20241231.htm"
  },
  {
    "date": "2023-12-31",
    "symbol": "COF",
    "reportedCurrency": "USD",
    "cik": "0000927628",
    "fillingDate": "2024-02-23",
    "acceptedDate": "2024-02-22 18:12:08",
    "calendarYear": "2023",
    "period": "FY",
    "revenue": 49484000000,
    "costOfRevenue": 23123000000,
    "grossProfit": 26361000000,
    "grossProfitRatio": 0.5327176461,
    "researchAndDevelopmentExpenses": 0,
    "generalAndAdministrativeExpenses": 9302000000,
    "sellingAndMarketingExpenses": 4009000000,
    "sellingGeneralAndAdministrativeExpenses": 13311000000,
    "otherExpenses": 7005000000,
    "operatingExpenses": 20316000000,
    "costAndExpenses": 43439000000,
    "interestIncome": 41938000000,
    "interestExpense": 12697000000,
    "depreciationAndAmortization": 3226000000,
    "ebitda": 9271000000,
    "ebitdaratio": 0.187353488,
    "operatingIncome": 6045000000,
    "operatingIncomeRatio": 0.1221606984,
    "totalOtherIncomeExpensesNet": 0,
    "incomeBeforeTax": 6045000000,
    "incomeBeforeTaxRatio": 0.1221606984,
    "incomeTaxExpense": 1158000000,
    "netIncome": 4887000000,
    "netIncomeRatio": 0.0987591949,
    "eps": 11.98,
    "epsdiluted": 11.95,
    "weightedAverageShsOut": 382400000,
    "weightedAverageShsOutDil": 383400000,
    "link": "https://www.sec.gov/Archives/edgar/data/927628/000092762824000094/0000927628-24-000094-index.htm",
    "finalLink": "https://www.sec.gov/Archives/edgar/data/927628/000092762824000094/cof-20231231.htm"
  },
  {
    "date": "2022-12-31",
    "symbol": "COF",
    "reportedCurrency": "USD",
    "cik": "0000927628",
    "fillingDate": "2023-02-24",
    "acceptedDate": "2023-02-24 15:11:38",
    "calendarYear": "2022",
    "period": "FY",
    "revenue": 38373000000,
    "costOfRevenue": 9970000000,
    "grossProfit": 28403000000,
    "grossProfitRatio": 0.7401818987,
    "researchAndDevelopmentExpenses": 0,
    "generalAndAdministrativeExpenses": 8425000000,
    "sellingAndMarketingExpenses": 4017000000,
    "sellingGeneralAndAdministrativeExpenses": 12442000000,
    "otherExpenses": 6721000000,
    "operatingExpenses": 19163000000,
    "costAndExpenses": 29133000000,
    "interestIncome": 31237000000,
    "interestExpense": 4123000000,
    "depreciationAndAmortization": 3210000000,
    "ebitda": 12450000000,
    "ebitdaratio": 0.3244468767,
    "operatingIncome": 9240000000,
    "operatingIncomeRatio": 0.2407943085,
    "totalOtherIncomeExpensesNet": 0,
    "incomeBeforeTax": 9240000000,
    "incomeBeforeTaxRatio": 0.2407943085,
    "incomeTaxExpense": 1880000000,
    "netIncome": 7360000000,
    "netIncomeRatio": 0.1918015271,
    "eps": 17.98,
    "epsdiluted": 17.91,
    "weightedAverageShsOut": 410944000,
    "weightedAverageShsOutDil": 393200000,
    "link": "https://www.sec.gov/Archives/edgar/data/927628/000092762823000117/0000927628-23-000117-index.htm",
    "finalLink": "https://www.sec.gov/Archives/edgar/data/927628/000092762823000117/cof-20221231.htm"
  },
  {
    "date": "2021-12-31",
    "symbol": "COF",
    "reportedCurrency": "USD",
    "cik": "0000927628",
    "fillingDate": "2022-02-25",
    "acceptedDate": "2022-02-25 16:21:21",
    "calendarYear": "2021",
    "period": "FY",
    "revenue": 32033000000,
    "costOfRevenue": -346000000,
    "grossProfit": 32379000000,
    "grossProfitRatio": 1.0108013611,
    "researchAndDevelopmentExpenses": 0,
    "generalAndAdministrativeExpenses": 7421000000,
    "sellingAndMarketingExpenses": 2871000000,
    "sellingGeneralAndAdministrativeExpenses": 10292000000,
    "otherExpenses": 6278000000,
    "operatingExpenses": 16570000000,
    "costAndExpenses": 16224000000,
    "interestIncome": 25769000000,
    "interestExpense": 1598000000,
    "depreciationAndAmortization": 3481000000,
    "ebitda": 19290000000,
    "ebitdaratio": 0.60219149,
    "operatingIncome": 15809000000,
    "operatingIncomeRatio": 0.4935223051,
    "totalOtherIncomeExpensesNet": 0,
    "incomeBeforeTax": 15809000000,
    "incomeBeforeTaxRatio": 0.4935223051,
    "incomeTaxExpense": 3415000000,
    "netIncome": 12390000000,
    "netIncomeRatio": 0.3867886242,
    "eps": 27.04,
    "epsdiluted": 26.94,
    "weightedAverageShsOut": 442500000,
    "weightedAverageShsOutDil": 444200000,
    "link": "https://www.sec.gov/Archives/edgar/data/927628/000092762822000106/0000927628-22-000106-index.htm",
    "finalLink": "https://www.sec.gov/Archives/edgar/data/927628/000092762822000106/cof-20211231.htm"
  },
  {
    "date": "2020-12-31",
    "symbol": "COF",
    "reportedCurrency": "USD",
    "cik": "0000927628",
    "fillingDate": "2021-02-25",
    "acceptedDate": "2021-02-25 16:40:40",
    "calendarYear": "2020",
    "period": "FY",
    "revenue": 31643000000,
    "costOfRevenue": 13384000000,
    "grossProfit": 18259000000,
    "grossProfitRatio": 0.5770312549,
    "researchAndDevelopmentExpenses": 0,
    "generalAndAdministrativeExpenses": 6805000000,
    "sellingAndMarketingExpenses": 1610000000,
    "sellingGeneralAndAdministrativeExpenses": 8415000000,
    "otherExpenses": 6641000000,
    "operatingExpenses": 15056000000,
    "costAndExpenses": 28440000000,
    "interestIncome": 26033000000,
    "interestExpense": 3120000000,
    "depreciationAndAmortization": 3501000000,
    "ebitda": 6704000000,
    "ebitdaratio": 0.2118636033,
    "operatingIncome": 3203000000,
    "operatingIncomeRatio": 0.1012230193,
    "totalOtherIncomeExpensesNet": 0,
    "incomeBeforeTax": 3203000000,
    "incomeBeforeTaxRatio": 0.1012230193,
    "incomeTaxExpense": 486000000,
    "netIncome": 2714000000,
    "netIncomeRatio": 0.0857693645,
    "eps": 5.19,
    "epsdiluted": 5.18,
    "weightedAverageShsOut": 457800000,
    "weightedAverageShsOutDil": 458900000,
    "link": "https://www.sec.gov/Archives/edgar/data/927628/000092762821000094/0000927628-21-000094-index.htm",
    "finalLink": "https://www.sec.gov/Archives/edgar/data/927628/000092762821000094/cof-20201231.htm"
  },
  {
    "date": "2019-12-31",
    "symbol": "COF",
    "reportedCurrency": "USD",
    "cik": "0000927628",
    "fillingDate": "2020-02-20",
    "acceptedDate": "2020-02-20 16:17:55",
    "calendarYear": "2019",
    "period": "FY",
    "revenue": 33766000000,
    "costOfRevenue": 11409000000,
    "grossProfit": 22357000000,
    "grossProfitRatio": 0.6621157377,
    "researchAndDevelopmentExpenses": 0,
    "generalAndAdministrativeExpenses": 6388000000,
    "sellingAndMarketingExpenses": 2274000000,
    "sellingGeneralAndAdministrativeExpenses": 8662000000,
    "otherExpenses": 6821000000,
    "operatingExpenses": 15483000000,
    "costAndExpenses": 26892000000,
    "interestIncome": 28513000000,
    "interestExpense": 5173000000,
    "depreciationAndAmortization": 3339000000,
    "ebitda": 10213000000,
    "ebitdaratio": 0.3024640171,
    "operatingIncome": 6874000000,
    "operatingIncomeRatio": 0.2035775632,
    "totalOtherIncomeExpensesNet": 0,
    "incomeBeforeTax": 6874000000,
    "incomeBeforeTaxRatio": 0.2035775632,
    "incomeTaxExpense": 1341000000,
    "netIncome": 5546000000,
    "netIncomeRatio": 0.1642480602,
    "eps": 11.1,
    "epsdiluted": 11.05,
    "weightedAverageShsOut": 467600000,
    "weightedAverageShsOutDil": 469900000,
    "link": "https://www.sec.gov/Archives/edgar/data/927628/000092762820000102/0000927628-20-000102-index.htm",
    "finalLink": "https://www.sec.gov/Archives/edgar/data/927628/000092762820000102/cof-12312019x10k.htm"
  },
  {
    "date": "2018-12-31",
    "symbol": "COF",
    "reportedCurrency": "USD",
    "cik": "0000927628",
    "fillingDate": "2019-02-20",
    "acceptedDate": "2019-02-20 15:52:42",
    "calendarYear": "2018",
    "period": "FY",
    "revenue": 31878000000,
    "costOfRevenue": 10157000000,
    "grossProfit": 21721000000,
    "grossProfitRatio": 0.6813790075,
    "researchAndDevelopmentExpenses": 0,
    "generalAndAdministrativeExpenses": 5727000000,
    "sellingAndMarketingExpenses": 2174000000,
    "sellingGeneralAndAdministrativeExpenses": 7901000000,
    "otherExpenses": 6502000000,
    "operatingExpenses": 14403000000,
    "costAndExpenses": 24560000000,
    "interestIncome": 27176000000,
    "interestExpense": 4301000000,
    "depreciationAndAmortization": 2396000000,
    "ebitda": 9714000000,
    "ebitdaratio": 0.3047242612,
    "operatingIncome": 7318000000,
    "operatingIncomeRatio": 0.2295627078,
    "totalOtherIncomeExpensesNet": 0,
    "incomeBeforeTax": 7318000000,
    "incomeBeforeTaxRatio": 0.2295627078,
    "incomeTaxExpense": 1293000000,
    "netIncome": 6015000000,
    "netIncomeRatio": 0.1886881235,
    "eps": 11.9,
    "epsdiluted": 12.45,
    "weightedAverageShsOut": 479900000,
    "weightedAverageShsOutDil": 483100000,
    "link": "https://www.sec.gov/Archives/edgar/data/927628/000092762819000093/0000927628-19-000093-index.htm",
    "finalLink": "https://www.sec.gov/Archives/edgar/data/927628/000092762819000093/cof-12312018x10k.htm"
  },
  {
    "date": "2017-12-31",
    "symbol": "COF",
    "reportedCurrency": "USD",
    "cik": "0000927628",
    "fillingDate": "2018-02-21",
    "acceptedDate": "2018-02-21 17:01:17",
    "calendarYear": "2017",
    "period": "FY",
    "revenue": 29999000000,
    "costOfRevenue": 10313000000,
    "grossProfit": 19686000000,
    "grossProfitRatio": 0.6562218741,
    "researchAndDevelopmentExpenses": 0,
    "generalAndAdministrativeExpenses": 5899000000,
    "sellingAndMarketingExpenses": 1670000000,
    "sellingGeneralAndAdministrativeExpenses": 7569000000,
    "otherExpenses": 6625000000,
    "operatingExpenses": 14194000000,
    "costAndExpenses": 24507000000,
    "interestIncome": 25222000000,
    "interestExpense": 2762000000,
    "depreciationAndAmortization": 2440000000,
    "ebitda": 7932000000,
    "ebitdaratio": 0.2644088136,
    "operatingIncome": 5492000000,
    "operatingIncomeRatio": 0.1830727691,
    "totalOtherIncomeExpensesNet": 0,
    "incomeBeforeTax": 5492000000,
    "incomeBeforeTaxRatio": 0.1830727691,
    "incomeTaxExpense": 3375000000,
    "netIncome": 1982000000,
    "netIncomeRatio": 0.066068869,
    "eps": 3.52,
    "epsdiluted": 3.49,
    "weightedAverageShsOut": 484200000,
    "weightedAverageShsOutDil": 488600000,
    "link": "https://www.sec.gov/Archives/edgar/data/927628/000092762818000107/0000927628-18-000107-index.htm",
    "finalLink": "https://www.sec.gov/Archives/edgar/data/927628/000092762818000107/cof-12312017x10k.htm"
  },
  {
    "date": "2016-12-31",
    "symbol": "COF",
    "reportedCurrency": "USD",
    "cik": "0000927628",
    "fillingDate": "2017-02-23",
    "acceptedDate": "2017-02-23 16:30:02",
    "calendarYear": "2016",
    "period": "FY",
    "revenue": 27519000000,
    "costOfRevenue": 8477000000,
    "grossProfit": 19042000000,
    "grossProfitRatio": 0.6919582834,
    "researchAndDevelopmentExpenses": 0,
    "generalAndAdministrativeExpenses": 5202000000,
    "sellingAndMarketingExpenses": 1811000000,
    "sellingGeneralAndAdministrativeExpenses": 7013000000,
    "otherExpenses": 6545000000,
    "operatingExpenses": 13558000000,
    "costAndExpenses": 22035000000,
    "interestIncome": 22891000000,
    "interestExpense": 2018000000,
    "depreciationAndAmortization": 2428000000,
    "ebitda": 7912000000,
    "ebitdaratio": 0.2875104473,
    "operatingIncome": 5484000000,
    "operatingIncomeRatio": 0.1992804971,
    "totalOtherIncomeExpensesNet": 0,
    "incomeBeforeTax": 5484000000,
    "incomeBeforeTaxRatio": 0.1992804971,
    "incomeTaxExpense": 1714000000,
    "netIncome": 3751000000,
    "netIncomeRatio": 0.1363058251,
    "eps": 6.96,
    "epsdiluted": 6.89,
    "weightedAverageShsOut": 504900000,
    "weightedAverageShsOutDil": 509800000,
    "link": "https://www.sec.gov/Archives/edgar/data/927628/000092762817000115/0000927628-17-000115-index.htm",
    "finalLink": "https://www.sec.gov/Archives/edgar/data/927628/000092762817000115/cof-12312016x10k.htm"
  },
  {
    "date": "2015-12-31",
    "symbol": "COF",
    "reportedCurrency": "USD",
    "cik": "0000927628",
    "fillingDate": "2016-02-25",
    "acceptedDate": "2016-02-25 16:59:23",
    "calendarYear": "2015",
    "period": "FY",
    "revenue": 25038000000,
    "costOfRevenue": 6161000000,
    "grossProfit": 18877000000,
    "grossProfitRatio": 0.7539340203,
    "researchAndDevelopmentExpenses": 0,
    "generalAndAdministrativeExpenses": 4975000000,
    "sellingAndMarketingExpenses": 1744000000,
    "sellingGeneralAndAdministrativeExpenses": 6719000000,
    "otherExpenses": 6277000000,
    "operatingExpenses": 12996000000,
    "costAndExpenses": 19157000000,
    "interestIncome": 20459000000,
    "interestExpense": 1625000000,
    "depreciationAndAmortization": 2100000000,
    "ebitda": 7981000000,
    "ebitdaratio": 0.3187554917,
    "operatingIncome": 5881000000,
    "operatingIncomeRatio": 0.2348829779,
    "totalOtherIncomeExpensesNet": 0,
    "incomeBeforeTax": 5881000000,
    "incomeBeforeTaxRatio": 0.2348829779,
    "incomeTaxExpense": 1869000000,
    "netIncome": 4050000000,
    "netIncomeRatio": 0.1617541337,
    "eps": 7.15,
    "epsdiluted": 7.07,
    "weightedAverageShsOut": 541800000,
    "weightedAverageShsOutDil": 548000000,
    "link": "https://www.sec.gov/Archives/edgar/data/927628/000092762816000140/0000927628-16-000140-index.htm",
    "finalLink": "https://www.sec.gov/Archives/edgar/data/927628/000092762816000140/cof-12312015x10k.htm"
  },
  {
    "date": "2014-12-31",
    "symbol": "COF",
    "reportedCurrency": "USD",
    "cik": "0000927628",
    "fillingDate": "2015-02-24",
    "acceptedDate": "2015-02-24 17:18:28",
    "calendarYear": "2014",
    "period": "FY",
    "revenue": 23869000000,
    "costOfRevenue": 5120000000,
    "grossProfit": 18749000000,
    "grossProfitRatio": 0.7854958314,
    "researchAndDevelopmentExpenses": 0,
    "generalAndAdministrativeExpenses": 4593000000,
    "sellingAndMarketingExpenses": 1561000000,
    "sellingGeneralAndAdministrativeExpenses": 6154000000,
    "otherExpenses": 6026000000,
    "operatingExpenses": 12180000000,
    "costAndExpenses": 17300000000,
    "interestIncome": 19397000000,
    "interestExpense": 1579000000,
    "depreciationAndAmortization": 2002000000,
    "ebitda": 8571000000,
    "ebitdaratio": 0.3590850057,
    "operatingIncome": 6569000000,
    "operatingIncomeRatio": 0.2752105241,
    "totalOtherIncomeExpensesNet": 0,
    "incomeBeforeTax": 6569000000,
    "incomeBeforeTaxRatio": 0.2752105241,
    "incomeTaxExpense": 2146000000,
    "netIncome": 4428000000,
    "netIncomeRatio": 0.1855125896,
    "eps": 7.71,
    "epsdiluted": 7.59,
    "weightedAverageShsOut": 563100000,
    "weightedAverageShsOutDil": 571900000,
    "link": "https://www.sec.gov/Archives/edgar/data/927628/000092762815000026/0000927628-15-000026-index.htm",
    "finalLink": "https://www.sec.gov/Archives/edgar/data/927628/000092762815000026/cof-12312014x10k.htm"
  },
  {
    "date": "2013-12-31",
    "symbol": "COF",
    "reportedCurrency": "USD",
    "cik": "0000927628",
    "fillingDate": "2014-02-27",
    "acceptedDate": "2014-02-27 17:30:41",
    "calendarYear": "2013",
    "period": "FY",
    "revenue": 24176000000,
    "costOfRevenue": 5245000000,
    "grossProfit": 18931000000,
    "grossProfitRatio": 0.7830493051,
    "researchAndDevelopmentExpenses": 0,
    "generalAndAdministrativeExpenses": 4480000000,
    "sellingAndMarketingExpenses": 1373000000,
    "sellingGeneralAndAdministrativeExpenses": 5853000000,
    "otherExpenses": 6500000000,
    "operatingExpenses": 12353000000,
    "costAndExpenses": 17598000000,
    "interestIncome": 19898000000,
    "interestExpense": 1792000000,
    "depreciationAndAmortization": 2065000000,
    "ebitda": 8643000000,
    "ebitdaratio": 0.3575033091,
    "operatingIncome": 6578000000,
    "operatingIncomeRatio": 0.2720880212,
    "totalOtherIncomeExpensesNet": 0,
    "incomeBeforeTax": 6578000000,
    "incomeBeforeTaxRatio": 0.2720880212,
    "incomeTaxExpense": 2224000000,
    "netIncome": 4337000000,
    "netIncomeRatio": 0.1793927862,
    "eps": 7.05,
    "epsdiluted": 6.96,
    "weightedAverageShsOut": 579700000,
    "weightedAverageShsOutDil": 587600000,
    "link": "https://www.sec.gov/Archives/edgar/data/927628/000119312514073467/0001193125-14-073467-index.htm",
    "finalLink": "https://www.sec.gov/Archives/edgar/data/927628/000119312514073467/d637300d10k.htm"
  },
  {
    "date": "2012-12-31",
    "symbol": "COF",
    "reportedCurrency": "USD",
    "cik": "0000927628",
    "fillingDate": "2013-02-28",
    "acceptedDate": "2013-02-28 16:19:23",
    "calendarYear": "2012",
    "period": "FY",
    "revenue": 23177000000,
    "costOfRevenue": 6790000000,
    "grossProfit": 16387000000,
    "grossProfitRatio": 0.7070371489,
    "researchAndDevelopmentExpenses": 0,
    "generalAndAdministrativeExpenses": 3991000000,
    "sellingAndMarketingExpenses": 1366000000,
    "sellingGeneralAndAdministrativeExpenses": 5357000000,
    "otherExpenses": 5846000000,
    "operatingExpenses": 11203000000,
    "costAndExpenses": 17993000000,
    "interestIncome": 18964000000,
    "interestExpense": 2375000000,
    "depreciationAndAmortization": 1862000000,
    "ebitda": 7046000000,
    "ebitdaratio": 0.3040082841,
    "operatingIncome": 5184000000,
    "operatingIncomeRatio": 0.2236700177,
    "totalOtherIncomeExpensesNet": 0,
    "incomeBeforeTax": 5184000000,
    "incomeBeforeTaxRatio": 0.2236700177,
    "incomeTaxExpense": 1475000000,
    "netIncome": 3719000000,
    "netIncomeRatio": 0.1604608017,
    "eps": 6.21,
    "epsdiluted": 6.16,
    "weightedAverageShsOut": 561100000,
    "weightedAverageShsOutDil": 566500000,
    "link": "https://www.sec.gov/Archives/edgar/data/927628/000119312513084249/0001193125-13-084249-index.htm",
    "finalLink": "https://www.sec.gov/Archives/edgar/data/927628/000119312513084249/d447949d10k.htm"
  },
  {
    "date": "2011-12-31",
    "symbol": "COF",
    "reportedCurrency": "USD",
    "cik": "0000927628",
    "fillingDate": "2012-02-29",
    "acceptedDate": "2012-02-28 18:55:20",
    "calendarYear": "2011",
    "period": "FY",
    "revenue": 18525000000,
    "costOfRevenue": 4606000000,
    "grossProfit": 13919000000,
    "grossProfitRatio": 0.7513630229,
    "researchAndDevelopmentExpenses": 0,
    "generalAndAdministrativeExpenses": 3023000000,
    "sellingAndMarketingExpenses": 1337000000,
    "sellingGeneralAndAdministrativeExpenses": 4360000000,
    "otherExpenses": 4972000000,
    "operatingExpenses": 9332000000,
    "costAndExpenses": 13938000000,
    "interestIncome": 14987000000,
    "interestExpense": 2246000000,
    "depreciationAndAmortization": 579000000,
    "ebitda": 5166000000,
    "ebitdaratio": 0.2788663968,
    "operatingIncome": 4587000000,
    "operatingIncomeRatio": 0.247611336,
    "totalOtherIncomeExpensesNet": 0,
    "incomeBeforeTax": 4587000000,
    "incomeBeforeTaxRatio": 0.247611336,
    "incomeTaxExpense": 1334000000,
    "netIncome": 3147000000,
    "netIncomeRatio": 0.1698785425,
    "eps": 6.85,
    "epsdiluted": 6.8,
    "weightedAverageShsOut": 455500000,
    "weightedAverageShsOutDil": 459100000,
    "link": "https://www.sec.gov/Archives/edgar/data/927628/000119312512086138/0001193125-12-086138-index.htm",
    "finalLink": "https://www.sec.gov/Archives/edgar/data/927628/000119312512086138/d258810d10k.htm"
  },
  {
    "date": "2010-12-31",
    "symbol": "COF",
    "reportedCurrency": "USD",
    "cik": "0000927628",
    "fillingDate": "2011-03-01",
    "acceptedDate": "2011-03-01 13:38:03",
    "calendarYear": "2010",
    "period": "FY",
    "revenue": 19067000000,
    "costOfRevenue": 6803000000,
    "grossProfit": 12264000000,
    "grossProfitRatio": 0.6432055384,
    "researchAndDevelopmentExpenses": 0,
    "generalAndAdministrativeExpenses": 2594000000,
    "sellingAndMarketingExpenses": 958000000,
    "sellingGeneralAndAdministrativeExpenses": 3552000000,
    "otherExpenses": 4382000000,
    "operatingExpenses": 7934000000,
    "costAndExpenses": 14737000000,
    "interestIncome": 15353000000,
    "interestExpense": 2896000000,
    "depreciationAndAmortization": 517000000,
    "ebitda": 4847000000,
    "ebitdaratio": 0.2542088425,
    "operatingIncome": 4330000000,
    "operatingIncomeRatio": 0.2270939319,
    "totalOtherIncomeExpensesNet": 0,
    "incomeBeforeTax": 4330000000,
    "incomeBeforeTaxRatio": 0.2270939319,
    "incomeTaxExpense": 1280000000,
    "netIncome": 2743000000,
    "netIncomeRatio": 0.1438611213,
    "eps": 6.07,
    "epsdiluted": 6.01,
    "weightedAverageShsOut": 452100000,
    "weightedAverageShsOutDil": 456400000,
    "link": "https://www.sec.gov/Archives/edgar/data/927628/000114036111012916/0001140361-11-012916-index.htm",
    "finalLink": "https://www.sec.gov/Archives/edgar/data/927628/000114036111012916/form10k.htm"
  },
  {
    "date": "2009-12-31",
    "symbol": "COF",
    "reportedCurrency": "USD",
    "cik": "0000927628",
    "fillingDate": "2010-02-26",
    "acceptedDate": "2010-02-26 17:19:27",
    "calendarYear": "2009",
    "period": "FY",
    "revenue": 15950000000,
    "costOfRevenue": 7197000000,
    "grossProfit": 8753000000,
    "grossProfitRatio": 0.5487774295,
    "researchAndDevelopmentExpenses": 0,
    "generalAndAdministrativeExpenses": 2978000000,
    "sellingAndMarketingExpenses": 588000000,
    "sellingGeneralAndAdministrativeExpenses": 3566000000,
    "otherExpenses": 3851000000,
    "operatingExpenses": 7417000000,
    "costAndExpenses": 14614000000,
    "interestIncome": 10664000000,
    "interestExpense": 2967000000,
    "depreciationAndAmortization": 683000000,
    "ebitda": 2019000000,
    "ebitdaratio": 0.1265830721,
    "operatingIncome": 1336000000,
    "operatingIncomeRatio": 0.0837617555,
    "totalOtherIncomeExpensesNet": 0,
    "incomeBeforeTax": 1336000000,
    "incomeBeforeTaxRatio": 0.0837617555,
    "incomeTaxExpense": 349000000,
    "netIncome": 883781000,
    "netIncomeRatio": 0.0554094671,
    "eps": 0.75,
    "epsdiluted": 0.74,
    "weightedAverageShsOut": 428148000,
    "weightedAverageShsOutDil": 431415000,
    "link": "https://www.sec.gov/Archives/edgar/data/927628/000119312510043152/0001193125-10-043152-index.htm",
    "finalLink": "https://www.sec.gov/Archives/edgar/data/927628/000119312510043152/d10k.htm"
  },
  {
    "date": "2008-12-31",
    "symbol": "COF",
    "reportedCurrency": "USD",
    "cik": "0000927628",
    "fillingDate": "2009-02-26",
    "acceptedDate": "2009-02-26 17:27:32",
    "calendarYear": "2008",
    "period": "FY",
    "revenue": 17802000000,
    "costOfRevenue": 9064000000,
    "grossProfit": 8738000000,
    "grossProfitRatio": 0.4908437254,
    "researchAndDevelopmentExpenses": 0,
    "generalAndAdministrativeExpenses": 2856000000,
    "sellingAndMarketingExpenses": 1118000000,
    "sellingGeneralAndAdministrativeExpenses": 3974000000,
    "otherExpenses": 4182000000,
    "operatingExpenses": 8156000000,
    "costAndExpenses": 17220000000,
    "interestIncome": 11112000000,
    "interestExpense": 3963000000,
    "depreciationAndAmortization": 692000000,
    "ebitda": 1274000000,
    "ebitdaratio": 0.0715649927,
    "operatingIncome": 582000000,
    "operatingIncomeRatio": 0.0326929558,
    "totalOtherIncomeExpensesNet": 0,
    "incomeBeforeTax": 582000000,
    "incomeBeforeTaxRatio": 0.0326929558,
    "incomeTaxExpense": 497000000,
    "netIncome": -45998000,
    "netIncomeRatio": -0.002583867,
    "eps": -0.21,
    "epsdiluted": -0.21,
    "weightedAverageShsOut": 376000000,
    "weightedAverageShsOutDil": 378000000,
    "link": "https://www.sec.gov/Archives/edgar/data/927628/000119312509039271/0001193125-09-039271-index.htm",
    "finalLink": "https://www.sec.gov/Archives/edgar/data/927628/000119312509039271/d10k.htm"
  },
  {
    "date": "2007-12-31",
    "symbol": "COF",
    "reportedCurrency": "USD",
    "cik": "0000927628",
    "fillingDate": "2008-02-29",
    "acceptedDate": "2008-02-29 16:36:20",
    "calendarYear": "2007",
    "period": "FY",
    "revenue": 19027135000,
    "costOfRevenue": 7184813000,
    "grossProfit": 11842322000,
    "grossProfitRatio": 0.6223912323,
    "researchAndDevelopmentExpenses": 0,
    "generalAndAdministrativeExpenses": 3123772000,
    "sellingAndMarketingExpenses": 1347836000,
    "sellingGeneralAndAdministrativeExpenses": 4471608000,
    "otherExpenses": 3501158000,
    "operatingExpenses": 7972766000,
    "costAndExpenses": 15157579000,
    "interestIncome": 11078156000,
    "interestExpense": 4548311000,
    "depreciationAndAmortization": 678757000,
    "ebitda": 4548313000,
    "ebitdaratio": 0.2390435029,
    "operatingIncome": 3869556000,
    "operatingIncomeRatio": 0.2033703971,
    "totalOtherIncomeExpensesNet": 0,
    "incomeBeforeTax": 3869556000,
    "incomeBeforeTaxRatio": 0.2033703971,
    "incomeTaxExpense": 1277837000,
    "netIncome": 1570332000,
    "netIncomeRatio": 0.0825311851,
    "eps": 4.02,
    "epsdiluted": 3.97,
    "weightedAverageShsOut": 390287000,
    "weightedAverageShsOutDil": 395545000,
    "link": "https://www.sec.gov/Archives/edgar/data/927628/000119312508043757/0001193125-08-043757-index.htm",
    "finalLink": "https://www.sec.gov/Archives/edgar/data/927628/000119312508043757/d10k.htm"
  },
  {
    "date": "2006-12-31",
    "symbol": "COF",
    "reportedCurrency": "USD",
    "cik": "0000927628",
    "fillingDate": "2007-03-01",
    "acceptedDate": "2007-03-01 15:59:21",
    "calendarYear": "2006",
    "period": "FY",
    "revenue": 15165759000,
    "costOfRevenue": 4549727000,
    "grossProfit": 10616032000,
    "grossProfitRatio": 0.7000000462,
    "researchAndDevelopmentExpenses": 0,
    "generalAndAdministrativeExpenses": 2685095000,
    "sellingAndMarketingExpenses": 1444324000,
    "sellingGeneralAndAdministrativeExpenses": 4129419000,
    "otherExpenses": 2814272000,
    "operatingExpenses": 6943691000,
    "costAndExpenses": 11493418000,
    "interestIncome": 8164735000,
    "interestExpense": 3073289000,
    "depreciationAndAmortization": 542090000,
    "ebitda": 4214431000,
    "ebitdaratio": 0.2778912021,
    "operatingIncome": 3672341000,
    "operatingIncomeRatio": 0.2421468652,
    "totalOtherIncomeExpensesNet": 0,
    "incomeBeforeTax": 3672341000,
    "incomeBeforeTaxRatio": 0.2421468652,
    "incomeTaxExpense": 1245964000,
    "netIncome": 2414493000,
    "netIncomeRatio": 0.1592068686,
    "eps": 7.8,
    "epsdiluted": 7.62,
    "weightedAverageShsOut": 309584000,
    "weightedAverageShsOutDil": 317023000,
    "link": "https://www.sec.gov/Archives/edgar/data/927628/000119312507044343/0001193125-07-044343-index.htm",
    "finalLink": "https://www.sec.gov/Archives/edgar/data/927628/000119312507044343/d10k.htm"
  },
  {
    "date": "2005-12-31",
    "symbol": "COF",
    "reportedCurrency": "USD",
    "cik": "0000927628",
    "fillingDate": "2006-03-02",
    "acceptedDate": "2006-03-02 17:25:49",
    "calendarYear": "2005",
    "period": "FY",
    "revenue": 12084986000,
    "costOfRevenue": 3537711000,
    "grossProfit": 8547275000,
    "grossProfitRatio": 0.7072639555,
    "researchAndDevelopmentExpenses": 0,
    "generalAndAdministrativeExpenses": 2105472000,
    "sellingAndMarketingExpenses": 1379938000,
    "sellingGeneralAndAdministrativeExpenses": 3485410000,
    "otherExpenses": 2232863000,
    "operatingExpenses": 5718273000,
    "costAndExpenses": 9255984000,
    "interestIncome": 5726881000,
    "interestExpense": 2046639000,
    "depreciationAndAmortization": 425640000,
    "ebitda": 3254642000,
    "ebitdaratio": 0.2693128482,
    "operatingIncome": 2829002000,
    "operatingIncomeRatio": 0.2340922861,
    "totalOtherIncomeExpensesNet": 0,
    "incomeBeforeTax": 2829002000,
    "incomeBeforeTaxRatio": 0.2340922861,
    "incomeTaxExpense": 1019855000,
    "netIncome": 1809147000,
    "netIncomeRatio": 0.1497020352,
    "eps": 6.98,
    "epsdiluted": 6.73,
    "weightedAverageShsOut": 259159000,
    "weightedAverageShsOutDil": 268908000,
    "link": "https://www.sec.gov/Archives/edgar/data/927628/000119312506044064/0001193125-06-044064-index.htm",
    "finalLink": "https://www.sec.gov/Archives/edgar/data/927628/000119312506044064/d10k.htm"
  },
  {
    "date": "2004-12-31",
    "symbol": "COF",
    "reportedCurrency": "USD",
    "cik": "0000927628",
    "fillingDate": "2005-03-09",
    "acceptedDate": "2005-03-09 12:17:54",
    "calendarYear": "2004",
    "period": "FY",
    "revenue": 10663077000,
    "costOfRevenue": 3012294000,
    "grossProfit": 7650783000,
    "grossProfitRatio": 0.7175023682,
    "researchAndDevelopmentExpenses": 0,
    "generalAndAdministrativeExpenses": 1992641000,
    "sellingAndMarketingExpenses": 1337780000,
    "sellingGeneralAndAdministrativeExpenses": 3330421000,
    "otherExpenses": 1960298000,
    "operatingExpenses": 5290719000,
    "costAndExpenses": 8303013000,
    "interestIncome": 4794420000,
    "interestExpense": 1791442000,
    "depreciationAndAmortization": 381852000,
    "ebitda": 2741916000,
    "ebitdaratio": 0.257141161,
    "operatingIncome": 2360064000,
    "operatingIncomeRatio": 0.2213304846,
    "totalOtherIncomeExpensesNet": 0,
    "incomeBeforeTax": 2360064000,
    "incomeBeforeTaxRatio": 0.2213304846,
    "incomeTaxExpense": 816582000,
    "netIncome": 1543482000,
    "netIncomeRatio": 0.1447501504,
    "eps": 6.55,
    "epsdiluted": 6.21,
    "weightedAverageShsOut": 235613000,
    "weightedAverageShsOutDil": 248767000,
    "link": "https://www.sec.gov/Archives/edgar/data/927628/000119312505045269/0001193125-05-045269-index.htm",
    "finalLink": "https://www.sec.gov/Archives/edgar/data/927628/000119312505045269/d10k.htm"
  },
  {
    "date": "2003-12-31",
    "symbol": "COF",
    "reportedCurrency": "USD",
    "cik": "0000927628",
    "fillingDate": "2004-03-05",
    "acceptedDate": "2004-03-05 09:28:19",
    "calendarYear": "2003",
    "period": "FY",
    "revenue": 9783578000,
    "costOfRevenue": 3100062000,
    "grossProfit": 6683516000,
    "grossProfitRatio": 0.6831361696,
    "researchAndDevelopmentExpenses": 0,
    "generalAndAdministrativeExpenses": 1570415000,
    "sellingAndMarketingExpenses": 1118422000,
    "sellingGeneralAndAdministrativeExpenses": 2688837000,
    "otherExpenses": 2167886000,
    "operatingExpenses": 4856723000,
    "costAndExpenses": 7956785000,
    "interestIncome": 4367654000,
    "interestExpense": 1582565000,
    "depreciationAndAmortization": 384016000,
    "ebitda": 2210809000,
    "ebitdaratio": 0.2259714186,
    "operatingIncome": 1826793000,
    "operatingIncomeRatio": 0.1867203389,
    "totalOtherIncomeExpensesNet": 0,
    "incomeBeforeTax": 1826793000,
    "incomeBeforeTaxRatio": 0.1867203389,
    "incomeTaxExpense": 675914000,
    "netIncome": 1135842000,
    "netIncomeRatio": 0.1160967899,
    "eps": 5.05,
    "epsdiluted": 4.85,
    "weightedAverageShsOut": 224919000,
    "weightedAverageShsOutDil": 234194000,
    "link": "https://www.sec.gov/Archives/edgar/data/927628/000119312504035097/0001193125-04-035097-index.htm",
    "finalLink": "https://www.sec.gov/Archives/edgar/data/927628/000119312504035097/d10k.htm"
  },
  {
    "date": "2002-12-31",
    "symbol": "COF",
    "reportedCurrency": "USD",
    "cik": "0000927628",
    "fillingDate": "2003-03-17",
    "acceptedDate": "2003-03-14 21:29:44",
    "calendarYear": "2002",
    "period": "FY",
    "revenue": 9647602000,
    "costOfRevenue": 3610982000,
    "grossProfit": 6036620000,
    "grossProfitRatio": 0.6257119645,
    "researchAndDevelopmentExpenses": 0,
    "generalAndAdministrativeExpenses": 1557887000,
    "sellingAndMarketingExpenses": 1070624000,
    "sellingGeneralAndAdministrativeExpenses": 2628511000,
    "otherExpenses": 1957070000,
    "operatingExpenses": 4585581000,
    "costAndExpenses": 8196563000,
    "interestIncome": 4180766000,
    "interestExpense": 1461654000,
    "depreciationAndAmortization": 383527000,
    "ebitda": 1834566000,
    "ebitdaratio": 0.19015772,
    "operatingIncome": 1451039000,
    "operatingIncomeRatio": 0.1504041108,
    "totalOtherIncomeExpensesNet": 0,
    "incomeBeforeTax": 1451039000,
    "incomeBeforeTaxRatio": 0.1504041108,
    "incomeTaxExpense": 551395000,
    "netIncome": 899644000,
    "netIncomeRatio": 0.09325053,
    "eps": 4.09,
    "epsdiluted": 3.93,
    "weightedAverageShsOut": 219962000,
    "weightedAverageShsOutDil": 228917000,
    "link": "https://www.sec.gov/Archives/edgar/data/927628/000095013303000793/0000950133-03-000793-index.htm",
    "finalLink": "https://www.sec.gov/Archives/edgar/data/927628/000095013303000793/w83110e10vk.htm"
  },
  {
    "date": "2001-12-31",
    "symbol": "COF",
    "reportedCurrency": "USD",
    "cik": "0000927628",
    "fillingDate": "2002-03-22",
    "acceptedDate": "2002-03-22 00:00:00",
    "calendarYear": "2001",
    "period": "FY",
    "revenue": 7384911000,
    "costOfRevenue": 2291464000,
    "grossProfit": 5093447000,
    "grossProfitRatio": 0.6897100046,
    "researchAndDevelopmentExpenses": 0,
    "generalAndAdministrativeExpenses": 1392072000,
    "sellingAndMarketingExpenses": 1082979000,
    "sellingGeneralAndAdministrativeExpenses": 2475051000,
    "otherExpenses": 1582976000,
    "operatingExpenses": 4058027000,
    "costAndExpenses": 6349491000,
    "interestIncome": 2921149000,
    "interestExpense": 1171007000,
    "depreciationAndAmortization": 337562000,
    "ebitda": 1372982000,
    "ebitdaratio": 0.1859172033,
    "operatingIncome": 1035420000,
    "operatingIncomeRatio": 0.1402075123,
    "totalOtherIncomeExpensesNet": 0,
    "incomeBeforeTax": 1035420000,
    "incomeBeforeTaxRatio": 0.1402075123,
    "incomeTaxExpense": 393455000,
    "netIncome": 641965000,
    "netIncomeRatio": 0.0869292805,
    "eps": 3.06,
    "epsdiluted": 2.91,
    "weightedAverageShsOut": 209792000,
    "weightedAverageShsOutDil": 220607000,
    "link": "https://www.sec.gov/Archives/edgar/data/927628/000092838502000920/0000928385-02-000920-index.htm",
    "finalLink": "https://www.sec.gov/Archives/edgar/data/927628/000092838502000920/d10k.htm"
  },
  {
    "date": "2000-12-31",
    "symbol": "COF",
    "reportedCurrency": "USD",
    "cik": "0000927628",
    "fillingDate": "2001-03-29",
    "acceptedDate": "2001-03-29 00:00:00",
    "calendarYear": "2000",
    "period": "FY",
    "revenue": 5519009000,
    "costOfRevenue": 1613878000,
    "grossProfit": 3905131000,
    "grossProfitRatio": 0.7075782989,
    "researchAndDevelopmentExpenses": 0,
    "generalAndAdministrativeExpenses": 1023367000,
    "sellingAndMarketingExpenses": 906147000,
    "sellingGeneralAndAdministrativeExpenses": 1929514000,
    "otherExpenses": 1218143000,
    "operatingExpenses": 3147657000,
    "costAndExpenses": 4761535000,
    "interestIncome": 2453899000,
    "interestExpense": 801017000,
    "depreciationAndAmortization": 244823000,
    "ebitda": 1002297000,
    "ebitdaratio": 0.1816081474,
    "operatingIncome": 757474000,
    "operatingIncomeRatio": 0.1372481908,
    "totalOtherIncomeExpensesNet": 0,
    "incomeBeforeTax": 757474000,
    "incomeBeforeTaxRatio": 0.1372481908,
    "incomeTaxExpense": 287840000,
    "netIncome": 469634000,
    "netIncomeRatio": 0.0850939,
    "eps": 2.39,
    "epsdiluted": 2.24,
    "weightedAverageShsOut": 196500000,
    "weightedAverageShsOutDil": 209658000,
    "link": "https://www.sec.gov/Archives/edgar/data/927628/000092838501500145/0000928385-01-500145-index.htm",
    "finalLink": "https://www.sec.gov/Archives/edgar/data/927628/000092838501500145/d10k.txt"
  },
  {
    "date": "1999-12-31",
    "symbol": "COF",
    "reportedCurrency": "USD",
    "cik": "0000927628",
    "fillingDate": "2000-03-21",
    "acceptedDate": "2000-03-21 00:00:00",
    "calendarYear": "1999",
    "period": "FY",
    "revenue": 3965859000,
    "costOfRevenue": 923800000,
    "grossProfit": 3042059000,
    "grossProfitRatio": 0.7670618144,
    "researchAndDevelopmentExpenses": 0,
    "generalAndAdministrativeExpenses": 780200000,
    "sellingAndMarketingExpenses": 731900000,
    "sellingGeneralAndAdministrativeExpenses": 1512100000,
    "otherExpenses": 952959000,
    "operatingExpenses": 2465059000,
    "costAndExpenses": 3388859000,
    "interestIncome": 1593500000,
    "interestExpense": 540900000,
    "depreciationAndAmortization": 172600000,
    "ebitda": 749600000,
    "ebitdaratio": 0.1890132756,
    "operatingIncome": 577000000,
    "operatingIncomeRatio": 0.145491809,
    "totalOtherIncomeExpensesNet": 0,
    "incomeBeforeTax": 577000000,
    "incomeBeforeTaxRatio": 0.145491809,
    "incomeTaxExpense": 213900000,
    "netIncome": 363100000,
    "netIncomeRatio": 0.0915564573,
    "eps": 1.84,
    "epsdiluted": 1.72,
    "weightedAverageShsOut": 197337000,
    "weightedAverageShsOutDil": 211105000,
    "link": "https://www.sec.gov/Archives/edgar/data/927628/000092838500000798/0000928385-00-000798-index.html",
    "finalLink": "https://www.sec.gov/Archives/edgar/data/927628/000092838500000798/0000928385-00-000798.txt"
  },
  {
    "date": "1998-12-31",
    "symbol": "COF",
    "reportedCurrency": "USD",
    "cik": "0000927628",
    "fillingDate": "1999-03-26",
    "acceptedDate": "1999-03-26 00:00:00",
    "calendarYear": "1998",
    "period": "FY",
    "revenue": 2599900000,
    "costOfRevenue": 683800000,
    "grossProfit": 1916100000,
    "grossProfitRatio": 0.7369898842,
    "researchAndDevelopmentExpenses": 0,
    "generalAndAdministrativeExpenses": 476400000,
    "sellingAndMarketingExpenses": 446300000,
    "sellingGeneralAndAdministrativeExpenses": 922700000,
    "otherExpenses": 549500000,
    "operatingExpenses": 1472200000,
    "costAndExpenses": 2156000000,
    "interestIncome": 1111600000,
    "interestExpense": 416800000,
    "depreciationAndAmortization": 108200000,
    "ebitda": 552100000,
    "ebitdaratio": 0.2123543213,
    "operatingIncome": 443900000,
    "operatingIncomeRatio": 0.1707373361,
    "totalOtherIncomeExpensesNet": 0,
    "incomeBeforeTax": 443900000,
    "incomeBeforeTaxRatio": 0.1707373361,
    "incomeTaxExpense": 168700000,
    "netIncome": 275200000,
    "netIncomeRatio": 0.105850225,
    "eps": 1.4,
    "epsdiluted": 1.32,
    "weightedAverageShsOut": 196571000,
    "weightedAverageShsOutDil": 208485000,
    "link": "https://www.sec.gov/Archives/edgar/data/927628/000092838599000952/0000928385-99-000952-index.html",
    "finalLink": "https://www.sec.gov/Archives/edgar/data/927628/0000928385-99-000952.txt"
  },
  {
    "date": "1997-12-31",
    "symbol": "COF",
    "reportedCurrency": "USD",
    "cik": "0000927628",
    "fillingDate": "1998-03-18",
    "acceptedDate": "1998-03-18 00:00:00",
    "calendarYear": "1997",
    "period": "FY",
    "revenue": 1787100000,
    "costOfRevenue": 597700000,
    "grossProfit": 1189400000,
    "grossProfitRatio": 0.6655475351,
    "researchAndDevelopmentExpenses": 0,
    "generalAndAdministrativeExpenses": 289300000,
    "sellingAndMarketingExpenses": 0,
    "sellingGeneralAndAdministrativeExpenses": 289300000,
    "otherExpenses": 594600000,
    "operatingExpenses": 883900000,
    "costAndExpenses": 1481600000,
    "interestIncome": 718000000,
    "interestExpense": 334900000,
    "depreciationAndAmortization": 46600000,
    "ebitda": 352100000,
    "ebitdaratio": 0.1970231101,
    "operatingIncome": 305500000,
    "operatingIncomeRatio": 0.1709473449,
    "totalOtherIncomeExpensesNet": 0,
    "incomeBeforeTax": 305500000,
    "incomeBeforeTaxRatio": 0.1709473449,
    "incomeTaxExpense": 116100000,
    "netIncome": 189400000,
    "netIncomeRatio": 0.1059817582,
    "eps": 0.96,
    "epsdiluted": 0.93,
    "weightedAverageShsOut": 197979000,
    "weightedAverageShsOutDil": 202929000,
    "link": "https://www.sec.gov/Archives/edgar/data/927628/000092838598000498/0000928385-98-000498-index.html",
    "finalLink": "https://www.sec.gov/Archives/edgar/data/927628/0000928385-98-000498.txt"
  },
  {
    "date": "1996-12-31",
    "symbol": "COF",
    "reportedCurrency": "USD",
    "cik": "0000927628",
    "fillingDate": "1997-03-27",
    "acceptedDate": "1997-03-27 00:00:00",
    "calendarYear": "1996",
    "period": "FY",
    "revenue": 1423900000,
    "costOfRevenue": 462200000,
    "grossProfit": 961700000,
    "grossProfitRatio": 0.6753985533,
    "researchAndDevelopmentExpenses": 0,
    "generalAndAdministrativeExpenses": 215200000,
    "sellingAndMarketingExpenses": 0,
    "sellingGeneralAndAdministrativeExpenses": 215200000,
    "otherExpenses": 498000000,
    "operatingExpenses": 713200000,
    "costAndExpenses": 1175400000,
    "interestIncome": 660500000,
    "interestExpense": 295000000,
    "depreciationAndAmortization": 41900000,
    "ebitda": 290400000,
    "ebitdaratio": 0.2039469064,
    "operatingIncome": 248500000,
    "operatingIncomeRatio": 0.1745206826,
    "totalOtherIncomeExpensesNet": 0,
    "incomeBeforeTax": 248500000,
    "incomeBeforeTaxRatio": 0.1745206826,
    "incomeTaxExpense": 93200000,
    "netIncome": 155300000,
    "netIncomeRatio": 0.1090666479,
    "eps": 0.77,
    "epsdiluted": 0.77,
    "weightedAverageShsOut": 201688000,
    "weightedAverageShsOutDil": 201688000,
    "link": "https://www.sec.gov/Archives/edgar/data/927628/000095013397001012/0000950133-97-001012-index.html",
    "finalLink": "https://www.sec.gov/Archives/edgar/data/927628/0000950133-97-001012.txt"
  },
  {
    "date": "1995-12-31",
    "symbol": "COF",
    "reportedCurrency": "USD",
    "cik": "0000927628",
    "fillingDate": "1995-12-31",
    "acceptedDate": "1995-12-30 19:00:00",
    "calendarYear": "1995",
    "period": "FY",
    "revenue": 1010400000,
    "costOfRevenue": 315300000,
    "grossProfit": 695100000,
    "grossProfitRatio": 0.6879453682,
    "researchAndDevelopmentExpenses": 0,
    "generalAndAdministrativeExpenses": 135800000,
    "sellingAndMarketingExpenses": 0,
    "sellingGeneralAndAdministrativeExpenses": 135800000,
    "otherExpenses": 361600000,
    "operatingExpenses": 497400000,
    "costAndExpenses": 812700000,
    "interestIncome": 457400000,
    "interestExpense": 249400000,
    "depreciationAndAmortization": 37400000,
    "ebitda": 235100000,
    "ebitdaratio": 0.2326801267,
    "operatingIncome": 197700000,
    "operatingIncomeRatio": 0.1956650831,
    "totalOtherIncomeExpensesNet": 0,
    "incomeBeforeTax": 197700000,
    "incomeBeforeTaxRatio": 0.1956650831,
    "incomeTaxExpense": 71200000,
    "netIncome": 126500000,
    "netIncomeRatio": 0.1251979414,
    "eps": 0.64,
    "epsdiluted": 0.64,
    "weightedAverageShsOut": 197656000,
    "weightedAverageShsOutDil": 197656000,
    "link": "",
    "finalLink": ""
  },
  {
    "date": "1994-12-31",
    "symbol": "COF",
    "reportedCurrency": "USD",
    "cik": "0000927628",
    "fillingDate": "1994-12-31",
    "acceptedDate": "1994-12-30 19:00:00",
    "calendarYear": "1994",
    "period": "FY",
    "revenue": 655600000,
    "costOfRevenue": 124400000,
    "grossProfit": 531200000,
    "grossProfitRatio": 0.8102501525,
    "researchAndDevelopmentExpenses": 0,
    "generalAndAdministrativeExpenses": 94700000,
    "sellingAndMarketingExpenses": 0,
    "sellingGeneralAndAdministrativeExpenses": 94700000,
    "otherExpenses": 289700000,
    "operatingExpenses": 384400000,
    "costAndExpenses": 508800000,
    "interestIncome": 258700000,
    "interestExpense": 93700000,
    "depreciationAndAmortization": 19900000,
    "ebitda": 166700000,
    "ebitdaratio": 0.2542708969,
    "operatingIncome": 146800000,
    "operatingIncomeRatio": 0.2239170226,
    "totalOtherIncomeExpensesNet": 0,
    "incomeBeforeTax": 146800000,
    "incomeBeforeTaxRatio": 0.2239170226,
    "incomeTaxExpense": 51600000,
    "netIncome": 95200000,
    "netIncomeRatio": 0.1452104942,
    "eps": 0.48,
    "epsdiluted": 0.48,
    "weightedAverageShsOut": 198333000,
    "weightedAverageShsOutDil": 198333000,
    "link": "",
    "finalLink": ""
  }
]