[
  {
    "date": "2025-06-30",
    "symbol": "COIN",
    "reportedCurrency": "USD",
    "cik": "0001679788",
    "fillingDate": "2025-07-31",
    "acceptedDate": "2025-07-31 16:16:44",
    "calendarYear": "2025",
    "period": "Q2",
    "revenue": 1497208000,
    "costOfRevenue": 426219000,
    "grossProfit": 1070989000,
    "grossProfitRatio": 0.7153241233,
    "researchAndDevelopmentExpenses": 387322000,
    "generalAndAdministrativeExpenses": 205068000,
    "sellingAndMarketingExpenses": 203926000,
    "sellingGeneralAndAdministrativeExpenses": 408994000,
    "otherExpenses": 299323000,
    "operatingExpenses": 1095639000,
    "costAndExpenses": 1521858000,
    "interestIncome": 0,
    "interestExpense": 20535000,
    "depreciationAndAmortization": 33901000,
    "ebitda": 1878209000,
    "ebitdaratio": 1.2544743282,
    "operatingIncome": -24650000,
    "operatingIncomeRatio": -0.0164639783,
    "totalOtherIncomeExpensesNet": 1848423000,
    "incomeBeforeTax": 1823773000,
    "incomeBeforeTaxRatio": 1.2181159866,
    "incomeTaxExpense": 394873000,
    "netIncome": 1428900000,
    "netIncomeRatio": 0.9543764126,
    "eps": 5.6,
    "epsdiluted": 5.14,
    "weightedAverageShsOut": 255188000,
    "weightedAverageShsOutDil": 278913000,
    "link": "https://www.sec.gov/Archives/edgar/data/1679788/000167978825000154/0001679788-25-000154-index.htm",
    "finalLink": "https://www.sec.gov/Archives/edgar/data/1679788/000167978825000154/coin-20250630.htm"
  },
  {
    "date": "2025-03-31",
    "symbol": "COIN",
    "reportedCurrency": "USD",
    "cik": "0001679788",
    "fillingDate": "2025-05-08",
    "acceptedDate": "2025-05-08 16:17:45",
    "calendarYear": "2025",
    "period": "Q1",
    "revenue": 2034295000,
    "costOfRevenue": 502641000,
    "grossProfit": 1531654000,
    "grossProfitRatio": 0.7529163666,
    "researchAndDevelopmentExpenses": 355368000,
    "generalAndAdministrativeExpenses": 228187000,
    "sellingAndMarketingExpenses": 213827000,
    "sellingGeneralAndAdministrativeExpenses": 442014000,
    "otherExpenses": 28466000,
    "operatingExpenses": 825848000,
    "costAndExpenses": 1328489000,
    "interestIncome": 0,
    "interestExpense": 20511000,
    "depreciationAndAmortization": 33333000,
    "ebitda": 136300000,
    "ebitdaratio": 0.0670010987,
    "operatingIncome": 705806000,
    "operatingIncomeRatio": 0.3469536129,
    "totalOtherIncomeExpensesNet": -623350000,
    "incomeBeforeTax": 82456000,
    "incomeBeforeTaxRatio": 0.0405329611,
    "incomeTaxExpense": 16848000,
    "netIncome": 65608000,
    "netIncomeRatio": 0.0322509764,
    "eps": 0.26,
    "epsdiluted": 0.24,
    "weightedAverageShsOut": 253878000,
    "weightedAverageShsOutDil": 271251000,
    "link": "https://www.sec.gov/Archives/edgar/data/1679788/000167978825000089/0001679788-25-000089-index.htm",
    "finalLink": "https://www.sec.gov/Archives/edgar/data/1679788/000167978825000089/coin-20250331.htm"
  },
  {
    "date": "2024-12-31",
    "symbol": "COIN",
    "reportedCurrency": "USD",
    "cik": "0001679788",
    "fillingDate": "2025-02-13",
    "acceptedDate": "2025-02-13 16:16:43",
    "calendarYear": "2024",
    "period": "Q4",
    "revenue": 2271637000,
    "costOfRevenue": 555161000,
    "grossProfit": 1716476000,
    "grossProfitRatio": 0.7556119222,
    "researchAndDevelopmentExpenses": 368691000,
    "generalAndAdministrativeExpenses": 161799000,
    "sellingAndMarketingExpenses": 188428000,
    "sellingGeneralAndAdministrativeExpenses": 350227000,
    "otherExpenses": -36511000,
    "operatingExpenses": 682407000,
    "costAndExpenses": 1237568000,
    "interestIncome": 0,
    "interestExpense": 20537000,
    "depreciationAndAmortization": 32995000,
    "ebitda": 1550408000,
    "ebitdaratio": 0.6825069322,
    "operatingIncome": 1034069000,
    "operatingIncomeRatio": 0.4552087327,
    "totalOtherIncomeExpensesNet": 462807000,
    "incomeBeforeTax": 1496876000,
    "incomeBeforeTaxRatio": 0.6589415474,
    "incomeTaxExpense": 205700000,
    "netIncome": 1291176000,
    "netIncomeRatio": 0.5683901081,
    "eps": 5.13,
    "epsdiluted": 4.68,
    "weightedAverageShsOut": 251506000,
    "weightedAverageShsOutDil": 276752000,
    "link": "https://www.sec.gov/Archives/edgar/data/1679788/000167978825000022/0001679788-25-000022-index.htm",
    "finalLink": "https://www.sec.gov/Archives/edgar/data/1679788/000167978825000022/coin-20241231.htm"
  },
  {
    "date": "2024-09-30",
    "symbol": "COIN",
    "reportedCurrency": "USD",
    "cik": "0001679788",
    "fillingDate": "2024-10-30",
    "acceptedDate": "2024-10-30 16:15:11",
    "calendarYear": "2024",
    "period": "Q3",
    "revenue": 1205193000,
    "costOfRevenue": 349535000,
    "grossProfit": 855658000,
    "grossProfitRatio": 0.7099759126,
    "researchAndDevelopmentExpenses": 377440000,
    "generalAndAdministrativeExpenses": 192438000,
    "sellingAndMarketingExpenses": 124965000,
    "sellingGeneralAndAdministrativeExpenses": 317403000,
    "otherExpenses": -8698000,
    "operatingExpenses": 686145000,
    "costAndExpenses": 1035680000,
    "interestIncome": 0,
    "interestExpense": 20530000,
    "depreciationAndAmortization": 30695000,
    "ebitda": 119806000,
    "ebitdaratio": 0.0994081446,
    "operatingIncome": 169513000,
    "operatingIncomeRatio": 0.1406521611,
    "totalOtherIncomeExpensesNet": -100932000,
    "incomeBeforeTax": 68581000,
    "incomeBeforeTaxRatio": 0.0569045788,
    "incomeTaxExpense": -6914000,
    "netIncome": 75495000,
    "netIncomeRatio": 0.0626414193,
    "eps": 0.3,
    "epsdiluted": 0.28,
    "weightedAverageShsOut": 248834000,
    "weightedAverageShsOutDil": 267440000,
    "link": "https://www.sec.gov/Archives/edgar/data/1679788/000167978824000187/0001679788-24-000187-index.htm",
    "finalLink": "https://www.sec.gov/Archives/edgar/data/1679788/000167978824000187/coin-20240930.htm"
  },
  {
    "date": "2024-06-30",
    "symbol": "COIN",
    "reportedCurrency": "USD",
    "cik": "0001679788",
    "fillingDate": "2024-08-01",
    "acceptedDate": "2024-08-01 16:15:55",
    "calendarYear": "2024",
    "period": "Q2",
    "revenue": 1449628000,
    "costOfRevenue": 362482000,
    "grossProfit": 1087146000,
    "grossProfitRatio": 0.7499482626,
    "researchAndDevelopmentExpenses": 364258000,
    "generalAndAdministrativeExpenses": 187468000,
    "sellingAndMarketingExpenses": 126904000,
    "sellingGeneralAndAdministrativeExpenses": 314372000,
    "otherExpenses": 65399000,
    "operatingExpenses": 744029000,
    "costAndExpenses": 1106511000,
    "interestIncome": 0,
    "interestExpense": 20507000,
    "depreciationAndAmortization": 34501000,
    "ebitda": -5229000,
    "ebitdaratio": -0.0036071323,
    "operatingIncome": 343117000,
    "operatingIncomeRatio": 0.2366931378,
    "totalOtherIncomeExpensesNet": -403354000,
    "incomeBeforeTax": -60237000,
    "incomeBeforeTaxRatio": -0.0415534192,
    "incomeTaxExpense": -96387000,
    "netIncome": 36150000,
    "netIncomeRatio": 0.0249374322,
    "eps": 0.15,
    "epsdiluted": 0.14,
    "weightedAverageShsOut": 246298000,
    "weightedAverageShsOutDil": 266831000,
    "link": "https://www.sec.gov/Archives/edgar/data/1679788/000167978824000149/0001679788-24-000149-index.htm",
    "finalLink": "https://www.sec.gov/Archives/edgar/data/1679788/000167978824000149/coin-20240630.htm"
  },
  {
    "date": "2024-03-31",
    "symbol": "COIN",
    "reportedCurrency": "USD",
    "cik": "0001679788",
    "fillingDate": "2024-05-02",
    "acceptedDate": "2024-05-02 16:11:54",
    "calendarYear": "2024",
    "period": "Q1",
    "revenue": 1637570000,
    "costOfRevenue": 409212000,
    "grossProfit": 1228358000,
    "grossProfitRatio": 0.7501102243,
    "researchAndDevelopmentExpenses": 357863000,
    "generalAndAdministrativeExpenses": 130923000,
    "sellingAndMarketingExpenses": 63093000,
    "sellingGeneralAndAdministrativeExpenses": 194016000,
    "otherExpenses": -83982000,
    "operatingExpenses": 467897000,
    "costAndExpenses": 877109000,
    "interestIncome": 0,
    "interestExpense": 19071000,
    "depreciationAndAmortization": 29327000,
    "ebitda": 1485822000,
    "ebitdaratio": 0.907333427,
    "operatingIncome": 760461000,
    "operatingIncomeRatio": 0.4643838126,
    "totalOtherIncomeExpensesNet": 676963000,
    "incomeBeforeTax": 1437424000,
    "incomeBeforeTaxRatio": 0.8777786598,
    "incomeTaxExpense": 261179000,
    "netIncome": 1176245000,
    "netIncomeRatio": 0.7182868519,
    "eps": 4.84,
    "epsdiluted": 4.4,
    "weightedAverageShsOut": 242793000,
    "weightedAverageShsOutDil": 267945000,
    "link": "https://www.sec.gov/Archives/edgar/data/1679788/000167978824000089/0001679788-24-000089-index.htm",
    "finalLink": "https://www.sec.gov/Archives/edgar/data/1679788/000167978824000089/coin-20240331.htm"
  },
  {
    "date": "2023-12-31",
    "symbol": "COIN",
    "reportedCurrency": "USD",
    "cik": "0001679788",
    "fillingDate": "2024-02-15",
    "acceptedDate": "2024-02-15 16:34:25",
    "calendarYear": "2023",
    "period": "Q4",
    "revenue": 953795000,
    "costOfRevenue": 275400000,
    "grossProfit": 678395000,
    "grossProfitRatio": 0.7112587086,
    "researchAndDevelopmentExpenses": 323087000,
    "generalAndAdministrativeExpenses": 165094000,
    "sellingAndMarketingExpenses": 72299000,
    "sellingGeneralAndAdministrativeExpenses": 237393000,
    "otherExpenses": 2302000,
    "operatingExpenses": 562782000,
    "costAndExpenses": 838182000,
    "interestIncome": 0,
    "interestExpense": 18737000,
    "depreciationAndAmortization": 29485000,
    "ebitda": 181075000,
    "ebitdaratio": 0.1898468749,
    "operatingIncome": 115613000,
    "operatingIncomeRatio": 0.121213678,
    "totalOtherIncomeExpensesNet": 17240000,
    "incomeBeforeTax": 132853000,
    "incomeBeforeTaxRatio": 0.1392888409,
    "incomeTaxExpense": -140584000,
    "netIncome": 273437000,
    "netIncomeRatio": 0.2866831971,
    "eps": 1.14,
    "epsdiluted": 1.05,
    "weightedAverageShsOut": 239294500,
    "weightedAverageShsOutDil": 261168000,
    "link": "https://www.sec.gov/Archives/edgar/data/1679788/000167978824000022/0001679788-24-000022-index.htm",
    "finalLink": "https://www.sec.gov/Archives/edgar/data/1679788/000167978824000022/coin-20231231.htm"
  },
  {
    "date": "2023-09-30",
    "symbol": "COIN",
    "reportedCurrency": "USD",
    "cik": "0001679788",
    "fillingDate": "2023-11-02",
    "acceptedDate": "2023-11-02 16:17:17",
    "calendarYear": "2023",
    "period": "Q3",
    "revenue": 674148000,
    "costOfRevenue": 262863000,
    "grossProfit": 411285000,
    "grossProfitRatio": 0.6100811691,
    "researchAndDevelopmentExpenses": 322756000,
    "generalAndAdministrativeExpenses": 118496000,
    "sellingAndMarketingExpenses": 40026000,
    "sellingGeneralAndAdministrativeExpenses": 158522000,
    "otherExpenses": 9832000,
    "operatingExpenses": 491110000,
    "costAndExpenses": 753973000,
    "interestIncome": 0,
    "interestExpense": 20821000,
    "depreciationAndAmortization": 31967000,
    "ebitda": 87449000,
    "ebitdaratio": 0.1297178068,
    "operatingIncome": -79825000,
    "operatingIncomeRatio": -0.1184087174,
    "totalOtherIncomeExpensesNet": 114486000,
    "incomeBeforeTax": 34661000,
    "incomeBeforeTaxRatio": 0.0514145262,
    "incomeTaxExpense": 36926000,
    "netIncome": -2265000,
    "netIncomeRatio": -0.0033597964,
    "eps": -0.0095,
    "epsdiluted": -0.0095,
    "weightedAverageShsOut": 237270000,
    "weightedAverageShsOutDil": 237270000,
    "link": "https://www.sec.gov/Archives/edgar/data/1679788/000167978823000113/0001679788-23-000113-index.htm",
    "finalLink": "https://www.sec.gov/Archives/edgar/data/1679788/000167978823000113/coin-20230930.htm"
  },
  {
    "date": "2023-06-30",
    "symbol": "COIN",
    "reportedCurrency": "USD",
    "cik": "0001679788",
    "fillingDate": "2023-08-03",
    "acceptedDate": "2023-08-03 16:13:52",
    "calendarYear": "2023",
    "period": "Q2",
    "revenue": 707911000,
    "costOfRevenue": 270191000,
    "grossProfit": 437720000,
    "grossProfitRatio": 0.618326315,
    "researchAndDevelopmentExpenses": 320667000,
    "generalAndAdministrativeExpenses": 135720000,
    "sellingAndMarketingExpenses": 45130000,
    "sellingGeneralAndAdministrativeExpenses": 180850000,
    "otherExpenses": 9778000,
    "operatingExpenses": 511295000,
    "costAndExpenses": 781486000,
    "interestIncome": 0,
    "interestExpense": 21672000,
    "depreciationAndAmortization": 36982000,
    "ebitda": -20029000,
    "ebitdaratio": -0.0282931046,
    "operatingIncome": -73575000,
    "operatingIncomeRatio": -0.1039325565,
    "totalOtherIncomeExpensesNet": -5108000,
    "incomeBeforeTax": -78683000,
    "incomeBeforeTaxRatio": -0.1111481528,
    "incomeTaxExpense": 18722000,
    "netIncome": -97405000,
    "netIncomeRatio": -0.1375949802,
    "eps": -0.42,
    "epsdiluted": -0.42,
    "weightedAverageShsOut": 234614000,
    "weightedAverageShsOutDil": 234641000,
    "link": "https://www.sec.gov/Archives/edgar/data/1679788/000167978823000106/0001679788-23-000106-index.htm",
    "finalLink": "https://www.sec.gov/Archives/edgar/data/1679788/000167978823000106/coin-20230630.htm"
  },
  {
    "date": "2023-03-31",
    "symbol": "COIN",
    "reportedCurrency": "USD",
    "cik": "0001679788",
    "fillingDate": "2023-05-04",
    "acceptedDate": "2023-05-04 16:18:08",
    "calendarYear": "2023",
    "period": "Q1",
    "revenue": 772529000,
    "costOfRevenue": 254699000,
    "grossProfit": 517830000,
    "grossProfitRatio": 0.6703049335,
    "researchAndDevelopmentExpenses": 358031000,
    "generalAndAdministrativeExpenses": 123312000,
    "sellingAndMarketingExpenses": 31095000,
    "sellingGeneralAndAdministrativeExpenses": 154407000,
    "otherExpenses": 129267000,
    "operatingExpenses": 641705000,
    "costAndExpenses": 896404000,
    "interestIncome": 0,
    "interestExpense": 21536000,
    "depreciationAndAmortization": 41208000,
    "ebitda": -102932000,
    "ebitdaratio": -0.1332403055,
    "operatingIncome": -123875000,
    "operatingIncomeRatio": -0.1603499674,
    "totalOtherIncomeExpensesNet": -41801000,
    "incomeBeforeTax": -165676000,
    "incomeBeforeTaxRatio": -0.214459263,
    "incomeTaxExpense": -86780000,
    "netIncome": -78896000,
    "netIncomeRatio": -0.1021269104,
    "eps": -0.34,
    "epsdiluted": -0.34,
    "weightedAverageShsOut": 231489000,
    "weightedAverageShsOutDil": 231489000,
    "link": "https://www.sec.gov/Archives/edgar/data/1679788/000167978823000073/0001679788-23-000073-index.htm",
    "finalLink": "https://www.sec.gov/Archives/edgar/data/1679788/000167978823000073/coin-20230331.htm"
  },
  {
    "date": "2022-12-31",
    "symbol": "COIN",
    "reportedCurrency": "USD",
    "cik": "0001679788",
    "fillingDate": "2023-02-21",
    "acceptedDate": "2023-02-21 16:37:42",
    "calendarYear": "2022",
    "period": "Q4",
    "revenue": 629108000,
    "costOfRevenue": 82991000,
    "grossProfit": 546117000,
    "grossProfitRatio": 0.8680814741,
    "researchAndDevelopmentExpenses": 590103000,
    "generalAndAdministrativeExpenses": 377682000,
    "sellingAndMarketingExpenses": 93103000,
    "sellingGeneralAndAdministrativeExpenses": 470785000,
    "otherExpenses": 40101000,
    "operatingExpenses": 1100989000,
    "costAndExpenses": 1183980000,
    "interestIncome": 0,
    "interestExpense": 21600000,
    "depreciationAndAmortization": 40348000,
    "ebitda": -508930000,
    "ebitdaratio": -0.8089707967,
    "operatingIncome": -554872000,
    "operatingIncomeRatio": -0.8819980035,
    "totalOtherIncomeExpensesNet": -16006000,
    "incomeBeforeTax": -570878000,
    "incomeBeforeTaxRatio": -0.9074403759,
    "incomeTaxExpense": -13877000,
    "netIncome": -557001000,
    "netIncomeRatio": -0.8853821601,
    "eps": -2.5,
    "epsdiluted": -2.5,
    "weightedAverageShsOut": 223115000,
    "weightedAverageShsOutDil": 223127000,
    "link": "https://www.sec.gov/Archives/edgar/data/1679788/000167978823000031/0001679788-23-000031-index.htm",
    "finalLink": "https://www.sec.gov/Archives/edgar/data/1679788/000167978823000031/coin-20221231.htm"
  },
  {
    "date": "2022-09-30",
    "symbol": "COIN",
    "reportedCurrency": "USD",
    "cik": "0001679788",
    "fillingDate": "2022-11-03",
    "acceptedDate": "2022-11-03 16:15:08",
    "calendarYear": "2022",
    "period": "Q3",
    "revenue": 590339000,
    "costOfRevenue": 284933000,
    "grossProfit": 305406000,
    "grossProfitRatio": 0.5173400368,
    "researchAndDevelopmentExpenses": 556338000,
    "generalAndAdministrativeExpenses": 187538000,
    "sellingAndMarketingExpenses": 44450000,
    "sellingGeneralAndAdministrativeExpenses": 231988000,
    "otherExpenses": 73564000,
    "operatingExpenses": 861890000,
    "costAndExpenses": 1146823000,
    "interestIncome": 0,
    "interestExpense": 21507000,
    "depreciationAndAmortization": 40114000,
    "ebitda": -582069000,
    "ebitdaratio": -0.9859911,
    "operatingIncome": -556484000,
    "operatingIncomeRatio": -0.9426515951,
    "totalOtherIncomeExpensesNet": -87206000,
    "incomeBeforeTax": -643690000,
    "incomeBeforeTaxRatio": -1.0903734973,
    "incomeTaxExpense": -99055000,
    "netIncome": -544635000,
    "netIncomeRatio": -0.9225800769,
    "eps": -2.43,
    "epsdiluted": -2.43,
    "weightedAverageShsOut": 223916000,
    "weightedAverageShsOutDil": 223916000,
    "link": "https://www.sec.gov/Archives/edgar/data/1679788/000167978822000116/0001679788-22-000116-index.htm",
    "finalLink": "https://www.sec.gov/Archives/edgar/data/1679788/000167978822000116/coin-20220930.htm"
  },
  {
    "date": "2022-06-30",
    "symbol": "COIN",
    "reportedCurrency": "USD",
    "cik": "0001679788",
    "fillingDate": "2022-08-09",
    "acceptedDate": "2022-08-09 16:31:36",
    "calendarYear": "2022",
    "period": "Q2",
    "revenue": 808325000,
    "costOfRevenue": 167187000,
    "grossProfit": 641138000,
    "grossProfitRatio": 0.7931685894,
    "researchAndDevelopmentExpenses": 609249000,
    "generalAndAdministrativeExpenses": 470169000,
    "sellingAndMarketingExpenses": 140894000,
    "sellingGeneralAndAdministrativeExpenses": 611063000,
    "otherExpenses": 465215000,
    "operatingExpenses": 1685527000,
    "costAndExpenses": 1852714000,
    "interestIncome": 0,
    "interestExpense": 23656000,
    "depreciationAndAmortization": 42027000,
    "ebitda": -1174886000,
    "ebitdaratio": -1.4534822008,
    "operatingIncome": -1044389000,
    "operatingIncomeRatio": -1.2920409489,
    "totalOtherIncomeExpensesNet": -196180000,
    "incomeBeforeTax": -1240569000,
    "incomeBeforeTaxRatio": -1.5347403581,
    "incomeTaxExpense": -146915000,
    "netIncome": -1093654000,
    "netIncomeRatio": -1.3529879689,
    "eps": -4.98,
    "epsdiluted": -4.98,
    "weightedAverageShsOut": 220988000,
    "weightedAverageShsOutDil": 221034000,
    "link": "https://www.sec.gov/Archives/edgar/data/1679788/000167978822000085/0001679788-22-000085-index.htm",
    "finalLink": "https://www.sec.gov/Archives/edgar/data/1679788/000167978822000085/coin-20220630.htm"
  },
  {
    "date": "2022-03-31",
    "symbol": "COIN",
    "reportedCurrency": "USD",
    "cik": "0001679788",
    "fillingDate": "2022-05-10",
    "acceptedDate": "2022-05-10 16:20:44",
    "calendarYear": "2022",
    "period": "Q1",
    "revenue": 1166436000,
    "costOfRevenue": 277826000,
    "grossProfit": 888610000,
    "grossProfitRatio": 0.7618163363,
    "researchAndDevelopmentExpenses": 570664000,
    "generalAndAdministrativeExpenses": 413578000,
    "sellingAndMarketingExpenses": 200204000,
    "sellingGeneralAndAdministrativeExpenses": 613782000,
    "otherExpenses": 258627000,
    "operatingExpenses": 1443073000,
    "costAndExpenses": 1720899000,
    "interestIncome": 0,
    "interestExpense": 22138000,
    "depreciationAndAmortization": 31580000,
    "ebitda": -555727000,
    "ebitdaratio": -0.4764316259,
    "operatingIncome": -554463000,
    "operatingIncomeRatio": -0.4753479831,
    "totalOtherIncomeExpensesNet": -54982000,
    "incomeBeforeTax": -609445000,
    "incomeBeforeTaxRatio": -0.5224847313,
    "incomeTaxExpense": -179786000,
    "netIncome": -429659000,
    "netIncomeRatio": -0.3683519713,
    "eps": -1.98,
    "epsdiluted": -1.98,
    "weightedAverageShsOut": 217472000,
    "weightedAverageShsOutDil": 217472000,
    "link": "https://www.sec.gov/Archives/edgar/data/1679788/000167978822000048/0001679788-22-000048-index.htm",
    "finalLink": "https://www.sec.gov/Archives/edgar/data/1679788/000167978822000048/coin-20220331.htm"
  },
  {
    "date": "2021-12-31",
    "symbol": "COIN",
    "reportedCurrency": "USD",
    "cik": "0001679788",
    "fillingDate": "2022-02-25",
    "acceptedDate": "2022-02-24 20:57:05",
    "calendarYear": "2021",
    "period": "Q4",
    "revenue": 2498463000,
    "costOfRevenue": 501181000,
    "grossProfit": 1997282000,
    "grossProfitRatio": 0.7994042737,
    "researchAndDevelopmentExpenses": 459611000,
    "generalAndAdministrativeExpenses": 297324000,
    "sellingAndMarketingExpenses": 244572000,
    "sellingGeneralAndAdministrativeExpenses": 541896000,
    "otherExpenses": 73451000,
    "operatingExpenses": 1074958000,
    "costAndExpenses": 1576139000,
    "interestIncome": 0,
    "interestExpense": 0,
    "depreciationAndAmortization": 23018000,
    "ebitda": 945342000,
    "ebitdaratio": 0.3783694215,
    "operatingIncome": 922324000,
    "operatingIncomeRatio": 0.3691565575,
    "totalOtherIncomeExpensesNet": -31784000,
    "incomeBeforeTax": 890540000,
    "incomeBeforeTaxRatio": 0.3564351363,
    "incomeTaxExpense": 50332000,
    "netIncome": 840208000,
    "netIncomeRatio": 0.3362899511,
    "eps": 4.4,
    "epsdiluted": 3.62,
    "weightedAverageShsOut": 193461500,
    "weightedAverageShsOutDil": 235250500,
    "link": "https://www.sec.gov/Archives/edgar/data/1679788/000167978822000031/0001679788-22-000031-index.htm",
    "finalLink": "https://www.sec.gov/Archives/edgar/data/1679788/000167978822000031/coin-20211231.htm"
  },
  {
    "date": "2021-09-30",
    "symbol": "COIN",
    "reportedCurrency": "USD",
    "cik": "0001679788",
    "fillingDate": "2021-11-10",
    "acceptedDate": "2021-11-09 20:07:39",
    "calendarYear": "2021",
    "period": "Q3",
    "revenue": 1311908000,
    "costOfRevenue": 197251000,
    "grossProfit": 1114657000,
    "grossProfitRatio": 0.8496457069,
    "researchAndDevelopmentExpenses": 356264000,
    "generalAndAdministrativeExpenses": 242642000,
    "sellingAndMarketingExpenses": 105395000,
    "sellingGeneralAndAdministrativeExpenses": 348037000,
    "otherExpenses": 118548000,
    "operatingExpenses": 822849000,
    "costAndExpenses": 1020100000,
    "interestIncome": 0,
    "interestExpense": 6972000,
    "depreciationAndAmortization": 17099000,
    "ebitda": 294931000,
    "ebitdaratio": 0.2248107337,
    "operatingIncome": 291808000,
    "operatingIncomeRatio": 0.2224302314,
    "totalOtherIncomeExpensesNet": -20948000,
    "incomeBeforeTax": 270860000,
    "incomeBeforeTaxRatio": 0.2064626483,
    "incomeTaxExpense": -135240000,
    "netIncome": 406100000,
    "netIncomeRatio": 0.3095491452,
    "eps": 1.92,
    "epsdiluted": 1.62,
    "weightedAverageShsOut": 209604000,
    "weightedAverageShsOutDil": 250536000,
    "link": "https://www.sec.gov/Archives/edgar/data/1679788/000167978821000071/0001679788-21-000071-index.htm",
    "finalLink": "https://www.sec.gov/Archives/edgar/data/1679788/000167978821000071/coin-20210930.htm"
  },
  {
    "date": "2021-06-30",
    "symbol": "COIN",
    "reportedCurrency": "USD",
    "cik": "0001679788",
    "fillingDate": "2021-08-11",
    "acceptedDate": "2021-08-10 19:28:18",
    "calendarYear": "2021",
    "period": "Q2",
    "revenue": 2227962000,
    "costOfRevenue": 335426000,
    "grossProfit": 1892536000,
    "grossProfitRatio": 0.8494471629,
    "researchAndDevelopmentExpenses": 291461000,
    "generalAndAdministrativeExpenses": 248195000,
    "sellingAndMarketingExpenses": 195733000,
    "sellingGeneralAndAdministrativeExpenses": 443928000,
    "otherExpenses": 282422000,
    "operatingExpenses": 1017811000,
    "costAndExpenses": 1353237000,
    "interestIncome": 0,
    "interestExpense": 748000,
    "depreciationAndAmortization": 12612000,
    "ebitda": 882241000,
    "ebitdaratio": 0.3959856586,
    "operatingIncome": 874725000,
    "operatingIncomeRatio": 0.392612172,
    "totalOtherIncomeExpensesNet": -5844000,
    "incomeBeforeTax": 868881000,
    "incomeBeforeTaxRatio": 0.389989147,
    "incomeTaxExpense": -737468000,
    "netIncome": 1606349000,
    "netIncomeRatio": 0.7209947926,
    "eps": 7.77,
    "epsdiluted": 6.42,
    "weightedAverageShsOut": 204728000,
    "weightedAverageShsOutDil": 248147000,
    "link": "https://www.sec.gov/Archives/edgar/data/1679788/000167978821000026/0001679788-21-000026-index.htm",
    "finalLink": "https://www.sec.gov/Archives/edgar/data/1679788/000167978821000026/coin-20210630.htm"
  },
  {
    "date": "2021-03-31",
    "symbol": "COIN",
    "reportedCurrency": "USD",
    "cik": "0001679788",
    "fillingDate": "2021-05-14",
    "acceptedDate": "2021-05-13 21:12:24",
    "calendarYear": "2021",
    "period": "Q1",
    "revenue": 1801112000,
    "costOfRevenue": 234066000,
    "grossProfit": 1567046000,
    "grossProfitRatio": 0.8700436175,
    "researchAndDevelopmentExpenses": 184225000,
    "generalAndAdministrativeExpenses": 121231000,
    "sellingAndMarketingExpenses": 117990000,
    "sellingGeneralAndAdministrativeExpenses": 239221000,
    "otherExpenses": 155887000,
    "operatingExpenses": 579333000,
    "costAndExpenses": 813399000,
    "interestIncome": 0,
    "interestExpense": 0,
    "depreciationAndAmortization": 10922000,
    "ebitda": 1007588000,
    "ebitdaratio": 0.5594255105,
    "operatingIncome": 987713000,
    "operatingIncomeRatio": 0.5483906609,
    "totalOtherIncomeExpensesNet": 8953000,
    "incomeBeforeTax": 996666000,
    "incomeBeforeTaxRatio": 0.5533614789,
    "incomeTaxExpense": 225203000,
    "netIncome": 771463000,
    "netIncomeRatio": 0.4283259453,
    "eps": 1.95,
    "epsdiluted": 1.95,
    "weightedAverageShsOut": 199200000,
    "weightedAverageShsOutDil": 199200000,
    "link": "https://www.sec.gov/Archives/edgar/data/1679788/000167978821000010/0001679788-21-000010-index.htm",
    "finalLink": "https://www.sec.gov/Archives/edgar/data/1679788/000167978821000010/coin-20210331.htm"
  },
  {
    "date": "2020-12-31",
    "symbol": "COIN",
    "reportedCurrency": "USD",
    "cik": "0001679788",
    "fillingDate": "2020-12-31",
    "acceptedDate": "2020-12-30 19:00:00",
    "calendarYear": "2020",
    "period": "Q4",
    "revenue": 585112000,
    "costOfRevenue": 49946000,
    "grossProfit": 535166000,
    "grossProfitRatio": 0.9146385649,
    "researchAndDevelopmentExpenses": 90498000,
    "generalAndAdministrativeExpenses": 97501000,
    "sellingAndMarketingExpenses": 23501000,
    "sellingGeneralAndAdministrativeExpenses": 121002000,
    "otherExpenses": 97081000,
    "operatingExpenses": 308581000,
    "costAndExpenses": 358527000,
    "interestIncome": 0,
    "interestExpense": 0,
    "depreciationAndAmortization": 8577000,
    "ebitda": 235162000,
    "ebitdaratio": 0.401909378,
    "operatingIncome": 226585000,
    "operatingIncomeRatio": 0.387250646,
    "totalOtherIncomeExpensesNet": 6183000,
    "incomeBeforeTax": 232768000,
    "incomeBeforeTaxRatio": 0.3978178537,
    "incomeTaxExpense": 55983000,
    "netIncome": 176785000,
    "netIncomeRatio": 0.3021387358,
    "eps": 1.42,
    "epsdiluted": 1.42,
    "weightedAverageShsOut": 192593056,
    "weightedAverageShsOutDil": 192593056,
    "link": "",
    "finalLink": ""
  },
  {
    "date": "2020-09-30",
    "symbol": "COIN",
    "reportedCurrency": "USD",
    "cik": "0001679788",
    "fillingDate": "2020-09-30",
    "acceptedDate": "2020-09-29 20:00:00",
    "calendarYear": "2020",
    "period": "Q3",
    "revenue": 315357000,
    "costOfRevenue": 36766000,
    "grossProfit": 278591000,
    "grossProfitRatio": 0.8834146697,
    "researchAndDevelopmentExpenses": 73319000,
    "generalAndAdministrativeExpenses": 71433000,
    "sellingAndMarketingExpenses": 11977000,
    "sellingGeneralAndAdministrativeExpenses": 83410000,
    "otherExpenses": 20357000,
    "operatingExpenses": 177086000,
    "costAndExpenses": 213852000,
    "interestIncome": 0,
    "interestExpense": 0,
    "depreciationAndAmortization": 8007000,
    "ebitda": 109512000,
    "ebitdaratio": 0.3472635775,
    "operatingIncome": 101505000,
    "operatingIncomeRatio": 0.3218733055,
    "totalOtherIncomeExpensesNet": 1211000,
    "incomeBeforeTax": 102716000,
    "incomeBeforeTaxRatio": 0.3257133978,
    "incomeTaxExpense": 21417000,
    "netIncome": 81299000,
    "netIncomeRatio": 0.2577998903,
    "eps": 0.0938,
    "epsdiluted": 0.0938,
    "weightedAverageShsOut": 185986111,
    "weightedAverageShsOutDil": 185986111,
    "link": "",
    "finalLink": ""
  },
  {
    "date": "2020-06-30",
    "symbol": "COIN",
    "reportedCurrency": "USD",
    "cik": "0001679788",
    "fillingDate": "2020-06-30",
    "acceptedDate": "2020-06-30 00:00:00",
    "calendarYear": "2020",
    "period": "Q2",
    "revenue": 186382000,
    "costOfRevenue": 23395000,
    "grossProfit": 162987000,
    "grossProfitRatio": 0.8744782221,
    "researchAndDevelopmentExpenses": 60777000,
    "generalAndAdministrativeExpenses": 51988000,
    "sellingAndMarketingExpenses": 11383000,
    "sellingGeneralAndAdministrativeExpenses": 63371000,
    "otherExpenses": -3247000,
    "operatingExpenses": 120901000,
    "costAndExpenses": 144296000,
    "interestIncome": 0,
    "interestExpense": 0,
    "depreciationAndAmortization": 7484000,
    "ebitda": 49570000,
    "ebitdaratio": 0.2659591591,
    "operatingIncome": 42086000,
    "operatingIncomeRatio": 0.225805067,
    "totalOtherIncomeExpensesNet": -3280000,
    "incomeBeforeTax": 38806000,
    "incomeBeforeTaxRatio": 0.2082068011,
    "incomeTaxExpense": 6546000,
    "netIncome": 32260000,
    "netIncomeRatio": 0.1730853838,
    "eps": 0.18,
    "epsdiluted": 0.16,
    "weightedAverageShsOut": 182945000,
    "weightedAverageShsOutDil": 205575000,
    "link": "",
    "finalLink": ""
  },
  {
    "date": "2020-03-31",
    "symbol": "COIN",
    "reportedCurrency": "USD",
    "cik": "0001679788",
    "fillingDate": "2020-03-31",
    "acceptedDate": "2020-03-31 00:00:00",
    "calendarYear": "2020",
    "period": "Q1",
    "revenue": 190630000,
    "costOfRevenue": 25407000,
    "grossProfit": 165223000,
    "grossProfitRatio": 0.8667208729,
    "researchAndDevelopmentExpenses": 47138000,
    "generalAndAdministrativeExpenses": 58958000,
    "sellingAndMarketingExpenses": 9921000,
    "sellingGeneralAndAdministrativeExpenses": 68879000,
    "otherExpenses": 10431000,
    "operatingExpenses": 126448000,
    "costAndExpenses": 151855000,
    "interestIncome": 0,
    "interestExpense": 0,
    "depreciationAndAmortization": 6894000,
    "ebitda": 45669000,
    "ebitdaratio": 0.2395687982,
    "operatingIncome": 38775000,
    "operatingIncomeRatio": 0.2034045009,
    "totalOtherIncomeExpensesNet": -3866000,
    "incomeBeforeTax": 34909000,
    "incomeBeforeTaxRatio": 0.1831243771,
    "incomeTaxExpense": 2936000,
    "netIncome": 31973000,
    "netIncomeRatio": 0.1677228138,
    "eps": 0.17,
    "epsdiluted": 0.16,
    "weightedAverageShsOut": 182945000,
    "weightedAverageShsOutDil": 205575000,
    "link": "",
    "finalLink": ""
  },
  {
    "date": "2019-12-31",
    "symbol": "COIN",
    "reportedCurrency": "USD",
    "cik": "0001679788",
    "fillingDate": "2019-12-31",
    "acceptedDate": "2019-12-30 19:00:00",
    "calendarYear": "2019",
    "period": "Q4",
    "revenue": 125911000,
    "costOfRevenue": 18639000,
    "grossProfit": 107272000,
    "grossProfitRatio": 0.8519668655,
    "researchAndDevelopmentExpenses": 51939000,
    "generalAndAdministrativeExpenses": 53865000,
    "sellingAndMarketingExpenses": 7813500,
    "sellingGeneralAndAdministrativeExpenses": 61678500,
    "otherExpenses": 8059000,
    "operatingExpenses": 121676500,
    "costAndExpenses": 140315500,
    "interestIncome": 2483000,
    "interestExpense": 0,
    "depreciationAndAmortization": 5964000,
    "ebitda": -8671500,
    "ebitdaratio": -0.0688700749,
    "operatingIncome": -14635500,
    "operatingIncomeRatio": -0.1162368657,
    "totalOtherIncomeExpensesNet": -27254500,
    "incomeBeforeTax": -41659000,
    "incomeBeforeTaxRatio": -0.3308606873,
    "incomeTaxExpense": -13786000,
    "netIncome": -9936000,
    "netIncomeRatio": -0.0789128829,
    "eps": -0.15,
    "epsdiluted": -0.15,
    "weightedAverageShsOut": 66091074,
    "weightedAverageShsOutDil": 66994000,
    "link": null,
    "finalLink": null
  },
  {
    "date": "2019-09-30",
    "symbol": "COIN",
    "reportedCurrency": "USD",
    "cik": "0001679788",
    "fillingDate": "2019-09-30",
    "acceptedDate": "2019-09-29 20:00:00",
    "calendarYear": "2019",
    "period": "Q3",
    "revenue": 125911000,
    "costOfRevenue": 18639000,
    "grossProfit": 107272000,
    "grossProfitRatio": 0.8519668655,
    "researchAndDevelopmentExpenses": 51939000,
    "generalAndAdministrativeExpenses": 53865000,
    "sellingAndMarketingExpenses": 7813500,
    "sellingGeneralAndAdministrativeExpenses": 61678500,
    "otherExpenses": 8059000,
    "operatingExpenses": 121676500,
    "costAndExpenses": 140315500,
    "interestIncome": 2483000,
    "interestExpense": 0,
    "depreciationAndAmortization": 5964000,
    "ebitda": -10923500,
    "ebitdaratio": -0.0867557243,
    "operatingIncome": -16887500,
    "operatingIncomeRatio": -0.1341225151,
    "totalOtherIncomeExpensesNet": -446500,
    "incomeBeforeTax": -14851000,
    "incomeBeforeTaxRatio": -0.1179483921,
    "incomeTaxExpense": 4915000,
    "netIncome": -9936000,
    "netIncomeRatio": -0.0789128829,
    "eps": -0.15,
    "epsdiluted": -0.15,
    "weightedAverageShsOut": 66091074,
    "weightedAverageShsOutDil": 66994000,
    "link": null,
    "finalLink": null
  },
  {
    "date": "2019-06-30",
    "symbol": "COIN",
    "reportedCurrency": "USD",
    "cik": "0001679788",
    "fillingDate": "2019-06-30",
    "acceptedDate": "2019-06-29 20:00:00",
    "calendarYear": "2019",
    "period": "Q2",
    "revenue": 135495000,
    "costOfRevenue": 22388500,
    "grossProfit": 113106500,
    "grossProfitRatio": 0.8347651205,
    "researchAndDevelopmentExpenses": 40583000,
    "generalAndAdministrativeExpenses": 62099500,
    "sellingAndMarketingExpenses": 4261500,
    "sellingGeneralAndAdministrativeExpenses": 66361000,
    "otherExpenses": 14649500,
    "operatingExpenses": 121593500,
    "costAndExpenses": 143982000,
    "interestIncome": 2978500,
    "interestExpense": 0,
    "depreciationAndAmortization": 2475000,
    "ebitda": -3920500,
    "ebitdaratio": -0.028934647,
    "operatingIncome": -6395500,
    "operatingIncomeRatio": -0.0472010037,
    "totalOtherIncomeExpensesNet": -9376000,
    "incomeBeforeTax": -7857000,
    "incomeBeforeTaxRatio": -0.0579873796,
    "incomeTaxExpense": 2599500,
    "netIncome": -5257500,
    "netIncomeRatio": -0.0388021698,
    "eps": -0.0795,
    "epsdiluted": -0.0785,
    "weightedAverageShsOut": 66091074,
    "weightedAverageShsOutDil": 66994000,
    "link": null,
    "finalLink": null
  },
  {
    "date": "2019-03-31",
    "symbol": "COIN",
    "reportedCurrency": "USD",
    "cik": "0001679788",
    "fillingDate": "2019-03-31",
    "acceptedDate": "2019-03-30 20:00:00",
    "calendarYear": "2019",
    "period": "Q1",
    "revenue": 135495000,
    "costOfRevenue": 22388500,
    "grossProfit": 113106500,
    "grossProfitRatio": 0.8347651205,
    "researchAndDevelopmentExpenses": 40583000,
    "generalAndAdministrativeExpenses": 62099500,
    "sellingAndMarketingExpenses": 4261500,
    "sellingGeneralAndAdministrativeExpenses": 66361000,
    "otherExpenses": 14649500,
    "operatingExpenses": 121593500,
    "costAndExpenses": 143982000,
    "interestIncome": 2978500,
    "interestExpense": 0,
    "depreciationAndAmortization": 2475000,
    "ebitda": -3920500,
    "ebitdaratio": -0.028934647,
    "operatingIncome": -6395500,
    "operatingIncomeRatio": -0.0472010037,
    "totalOtherIncomeExpensesNet": 496000,
    "incomeBeforeTax": -7857000,
    "incomeBeforeTaxRatio": -0.0579873796,
    "incomeTaxExpense": 2599500,
    "netIncome": -5257500,
    "netIncomeRatio": -0.0388021698,
    "eps": -0.0795,
    "epsdiluted": -0.0785,
    "weightedAverageShsOut": 66091074,
    "weightedAverageShsOutDil": 66994000,
    "link": null,
    "finalLink": null
  }
]