[
  {
    "date": "2025-07-31",
    "symbol": "COO",
    "reportedCurrency": "USD",
    "cik": "0000711404",
    "fillingDate": "2025-08-28",
    "acceptedDate": "2025-08-28 16:18:56",
    "calendarYear": "2025",
    "period": "Q3",
    "revenue": 1060300000,
    "costOfRevenue": 368300000,
    "grossProfit": 692000000,
    "grossProfitRatio": 0.6526454777,
    "researchAndDevelopmentExpenses": 44600000,
    "generalAndAdministrativeExpenses": 0,
    "sellingAndMarketingExpenses": 0,
    "sellingGeneralAndAdministrativeExpenses": 421700000,
    "otherExpenses": 50000000,
    "operatingExpenses": 516300000,
    "costAndExpenses": 884600000,
    "interestIncome": 0,
    "interestExpense": 25400000,
    "depreciationAndAmortization": 95400000,
    "ebitda": 272700000,
    "ebitdaratio": 0.2571913609,
    "operatingIncome": 175700000,
    "operatingIncomeRatio": 0.1657078185,
    "totalOtherIncomeExpensesNet": -23800000,
    "incomeBeforeTax": 151900000,
    "incomeBeforeTaxRatio": 0.1432613411,
    "incomeTaxExpense": 53600000,
    "netIncome": 98300000,
    "netIncomeRatio": 0.0927096105,
    "eps": 0.49,
    "epsdiluted": 0.49,
    "weightedAverageShsOut": 200600000,
    "weightedAverageShsOutDil": 200600000,
    "link": "https://www.sec.gov/Archives/edgar/data/711404/000071140425000051/0000711404-25-000051-index.htm",
    "finalLink": "https://www.sec.gov/Archives/edgar/data/711404/000071140425000051/coo-20250731.htm"
  },
  {
    "date": "2025-04-30",
    "symbol": "COO",
    "reportedCurrency": "USD",
    "cik": "0000711404",
    "fillingDate": "2025-05-30",
    "acceptedDate": "2025-05-30 16:19:23",
    "calendarYear": "2025",
    "period": "Q2",
    "revenue": 1002300000,
    "costOfRevenue": 323200000,
    "grossProfit": 679100000,
    "grossProfitRatio": 0.6775416542,
    "researchAndDevelopmentExpenses": 45500000,
    "generalAndAdministrativeExpenses": 0,
    "sellingAndMarketingExpenses": 0,
    "sellingGeneralAndAdministrativeExpenses": 399000000,
    "otherExpenses": 49800000,
    "operatingExpenses": 494300000,
    "costAndExpenses": 817500000,
    "interestIncome": 0,
    "interestExpense": 33300000,
    "depreciationAndAmortization": 92600000,
    "ebitda": 261300000,
    "ebitdaratio": 0.2607003891,
    "operatingIncome": 184800000,
    "operatingIncomeRatio": 0.1843759353,
    "totalOtherIncomeExpensesNet": -40300000,
    "incomeBeforeTax": 144500000,
    "incomeBeforeTaxRatio": 0.1441684127,
    "incomeTaxExpense": 56800000,
    "netIncome": 87700000,
    "netIncomeRatio": 0.0874987529,
    "eps": 0.4387,
    "epsdiluted": 0.437,
    "weightedAverageShsOut": 199900000,
    "weightedAverageShsOutDil": 200700000,
    "link": "https://www.sec.gov/Archives/edgar/data/711404/000071140425000040/0000711404-25-000040-index.htm",
    "finalLink": "https://www.sec.gov/Archives/edgar/data/711404/000071140425000040/coo-20250430.htm"
  },
  {
    "date": "2025-01-31",
    "symbol": "COO",
    "reportedCurrency": "USD",
    "cik": "0000711404",
    "fillingDate": "2025-03-07",
    "acceptedDate": "2025-03-07 16:22:17",
    "calendarYear": "2025",
    "period": "Q1",
    "revenue": 964700000,
    "costOfRevenue": 304500000,
    "grossProfit": 660200000,
    "grossProfitRatio": 0.6843578315,
    "researchAndDevelopmentExpenses": 40700000,
    "generalAndAdministrativeExpenses": 0,
    "sellingAndMarketingExpenses": 0,
    "sellingGeneralAndAdministrativeExpenses": 387900000,
    "otherExpenses": 49600000,
    "operatingExpenses": 478200000,
    "costAndExpenses": 782700000,
    "interestIncome": 0,
    "interestExpense": 26000000,
    "depreciationAndAmortization": 91000000,
    "ebitda": 270300000,
    "ebitdaratio": 0.2801907329,
    "operatingIncome": 182000000,
    "operatingIncomeRatio": 0.1886596869,
    "totalOtherIncomeExpensesNet": -28700000,
    "incomeBeforeTax": 153300000,
    "incomeBeforeTaxRatio": 0.1589095055,
    "incomeTaxExpense": 49000000,
    "netIncome": 104300000,
    "netIncomeRatio": 0.1081165129,
    "eps": 0.52,
    "epsdiluted": 0.52,
    "weightedAverageShsOut": 201200000,
    "weightedAverageShsOutDil": 201200000,
    "link": "https://www.sec.gov/Archives/edgar/data/711404/000071140425000015/0000711404-25-000015-index.htm",
    "finalLink": "https://www.sec.gov/Archives/edgar/data/711404/000071140425000015/coo-20250131.htm"
  },
  {
    "date": "2024-10-31",
    "symbol": "COO",
    "reportedCurrency": "USD",
    "cik": "0000711404",
    "fillingDate": "2024-12-06",
    "acceptedDate": "2024-12-06 16:21:48",
    "calendarYear": "2024",
    "period": "Q4",
    "revenue": 1018400000,
    "costOfRevenue": 340700000,
    "grossProfit": 677700000,
    "grossProfitRatio": 0.6654556167,
    "researchAndDevelopmentExpenses": 37700000,
    "generalAndAdministrativeExpenses": 0,
    "sellingAndMarketingExpenses": 0,
    "sellingGeneralAndAdministrativeExpenses": 391400000,
    "otherExpenses": 50200000,
    "operatingExpenses": 479300000,
    "costAndExpenses": 820000000,
    "interestIncome": 0,
    "interestExpense": 27000000,
    "depreciationAndAmortization": 91000000,
    "ebitda": 286600000,
    "ebitdaratio": 0.2814218382,
    "operatingIncome": 198400000,
    "operatingIncomeRatio": 0.1948153967,
    "totalOtherIncomeExpensesNet": -29800000,
    "incomeBeforeTax": 168600000,
    "incomeBeforeTaxRatio": 0.1655538099,
    "incomeTaxExpense": 51100000,
    "netIncome": 117500000,
    "netIncomeRatio": 0.1153770621,
    "eps": 0.59,
    "epsdiluted": 0.58,
    "weightedAverageShsOut": 201100000,
    "weightedAverageShsOutDil": 201100000,
    "link": "https://www.sec.gov/Archives/edgar/data/711404/000071140424000074/0000711404-24-000074-index.htm",
    "finalLink": "https://www.sec.gov/Archives/edgar/data/711404/000071140424000074/coo-20241031.htm"
  },
  {
    "date": "2024-07-31",
    "symbol": "COO",
    "reportedCurrency": "USD",
    "cik": "0000711404",
    "fillingDate": "2024-08-29",
    "acceptedDate": "2024-08-29 16:17:41",
    "calendarYear": "2024",
    "period": "Q3",
    "revenue": 1002800000,
    "costOfRevenue": 339800000,
    "grossProfit": 663000000,
    "grossProfitRatio": 0.6611487834,
    "researchAndDevelopmentExpenses": 39000000,
    "generalAndAdministrativeExpenses": 0,
    "sellingAndMarketingExpenses": 0,
    "sellingGeneralAndAdministrativeExpenses": 381100000,
    "otherExpenses": 50400000,
    "operatingExpenses": 470500000,
    "costAndExpenses": 810300000,
    "interestIncome": 0,
    "interestExpense": 28500000,
    "depreciationAndAmortization": 89000000,
    "ebitda": 281200000,
    "ebitdaratio": 0.2804148385,
    "operatingIncome": 192500000,
    "operatingIncomeRatio": 0.191962505,
    "totalOtherIncomeExpensesNet": -28800000,
    "incomeBeforeTax": 163700000,
    "incomeBeforeTaxRatio": 0.1632429198,
    "incomeTaxExpense": 59000000,
    "netIncome": 104700000,
    "netIncomeRatio": 0.1044076586,
    "eps": 0.53,
    "epsdiluted": 0.52,
    "weightedAverageShsOut": 199100000,
    "weightedAverageShsOutDil": 200600000,
    "link": "https://www.sec.gov/Archives/edgar/data/711404/000071140424000062/0000711404-24-000062-index.htm",
    "finalLink": "https://www.sec.gov/Archives/edgar/data/711404/000071140424000062/coo-20240731.htm"
  },
  {
    "date": "2024-04-30",
    "symbol": "COO",
    "reportedCurrency": "USD",
    "cik": "0000711404",
    "fillingDate": "2024-05-31",
    "acceptedDate": "2024-05-31 16:18:52",
    "calendarYear": "2024",
    "period": "Q2",
    "revenue": 942600000,
    "costOfRevenue": 311400000,
    "grossProfit": 631200000,
    "grossProfitRatio": 0.6696371738,
    "researchAndDevelopmentExpenses": 38900000,
    "generalAndAdministrativeExpenses": 0,
    "sellingAndMarketingExpenses": 0,
    "sellingGeneralAndAdministrativeExpenses": 380300000,
    "otherExpenses": 50300000,
    "operatingExpenses": 469500000,
    "costAndExpenses": 780900000,
    "interestIncome": 0,
    "interestExpense": 28900000,
    "depreciationAndAmortization": 98300000,
    "ebitda": 257200000,
    "ebitdaratio": 0.2728622958,
    "operatingIncome": 161700000,
    "operatingIncomeRatio": 0.1715467855,
    "totalOtherIncomeExpensesNet": -31700000,
    "incomeBeforeTax": 130000000,
    "incomeBeforeTaxRatio": 0.1379164014,
    "incomeTaxExpense": 41100000,
    "netIncome": 88900000,
    "netIncomeRatio": 0.0943136007,
    "eps": 0.45,
    "epsdiluted": 0.44,
    "weightedAverageShsOut": 198900000,
    "weightedAverageShsOutDil": 200500000,
    "link": "https://www.sec.gov/Archives/edgar/data/711404/000071140424000043/0000711404-24-000043-index.htm",
    "finalLink": "https://www.sec.gov/Archives/edgar/data/711404/000071140424000043/coo-20240430.htm"
  },
  {
    "date": "2024-01-31",
    "symbol": "COO",
    "reportedCurrency": "USD",
    "cik": "0000711404",
    "fillingDate": "2024-03-01",
    "acceptedDate": "2024-03-01 16:17:31",
    "calendarYear": "2024",
    "period": "Q1",
    "revenue": 931600000,
    "costOfRevenue": 307800000,
    "grossProfit": 623800000,
    "grossProfitRatio": 0.669600687,
    "researchAndDevelopmentExpenses": 39500000,
    "generalAndAdministrativeExpenses": 0,
    "sellingAndMarketingExpenses": 0,
    "sellingGeneralAndAdministrativeExpenses": 380900000,
    "otherExpenses": 50300000,
    "operatingExpenses": 470700000,
    "costAndExpenses": 778500000,
    "interestIncome": 0,
    "interestExpense": 29900000,
    "depreciationAndAmortization": 96800000,
    "ebitda": 246700000,
    "ebitdaratio": 0.2648132246,
    "operatingIncome": 153100000,
    "operatingIncomeRatio": 0.1643409188,
    "totalOtherIncomeExpensesNet": -33100000,
    "incomeBeforeTax": 120000000,
    "incomeBeforeTaxRatio": 0.1288106483,
    "incomeTaxExpense": 38800000,
    "netIncome": 81200000,
    "netIncomeRatio": 0.087161872,
    "eps": 0.41,
    "epsdiluted": 0.41,
    "weightedAverageShsOut": 198400000,
    "weightedAverageShsOutDil": 199900000,
    "link": "https://www.sec.gov/Archives/edgar/data/711404/000071140424000020/0000711404-24-000020-index.htm",
    "finalLink": "https://www.sec.gov/Archives/edgar/data/711404/000071140424000020/coo-20240131.htm"
  },
  {
    "date": "2023-10-31",
    "symbol": "COO",
    "reportedCurrency": "USD",
    "cik": "0000711404",
    "fillingDate": "2023-12-08",
    "acceptedDate": "2023-12-08 16:15:18",
    "calendarYear": "2023",
    "period": "Q4",
    "revenue": 927100000,
    "costOfRevenue": 320600000,
    "grossProfit": 606500000,
    "grossProfitRatio": 0.6541904865,
    "researchAndDevelopmentExpenses": 36700000,
    "generalAndAdministrativeExpenses": 0,
    "sellingAndMarketingExpenses": 0,
    "sellingGeneralAndAdministrativeExpenses": 387600000,
    "otherExpenses": 46500000,
    "operatingExpenses": 470800000,
    "costAndExpenses": 791400000,
    "interestIncome": 0,
    "interestExpense": 26300000,
    "depreciationAndAmortization": 92700000,
    "ebitda": 225400000,
    "ebitdaratio": 0.2431237191,
    "operatingIncome": 135700000,
    "operatingIncomeRatio": 0.1463704023,
    "totalOtherIncomeExpensesNet": -29300000,
    "incomeBeforeTax": 106400000,
    "incomeBeforeTaxRatio": 0.1147664761,
    "incomeTaxExpense": 21900000,
    "netIncome": 84500000,
    "netIncomeRatio": 0.0911444289,
    "eps": 0.43,
    "epsdiluted": 0.42,
    "weightedAverageShsOut": 198000000,
    "weightedAverageShsOutDil": 199600000,
    "link": "https://www.sec.gov/Archives/edgar/data/711404/000071140423000072/0000711404-23-000072-index.htm",
    "finalLink": "https://www.sec.gov/Archives/edgar/data/711404/000071140423000072/coo-20231031.htm"
  },
  {
    "date": "2023-07-31",
    "symbol": "COO",
    "reportedCurrency": "USD",
    "cik": "0000711404",
    "fillingDate": "2023-08-31",
    "acceptedDate": "2023-08-31 16:17:02",
    "calendarYear": "2023",
    "period": "Q3",
    "revenue": 930200000,
    "costOfRevenue": 320200000,
    "grossProfit": 610000000,
    "grossProfitRatio": 0.6557729521,
    "researchAndDevelopmentExpenses": 36500000,
    "generalAndAdministrativeExpenses": 375200000,
    "sellingAndMarketingExpenses": 0,
    "sellingGeneralAndAdministrativeExpenses": 375200000,
    "otherExpenses": 46700000,
    "operatingExpenses": 458400000,
    "costAndExpenses": 778600000,
    "interestIncome": 0,
    "interestExpense": 26800000,
    "depreciationAndAmortization": 94500000,
    "ebitda": 240100000,
    "ebitdaratio": 0.2581165341,
    "operatingIncome": 151600000,
    "operatingIncomeRatio": 0.1629757041,
    "totalOtherIncomeExpensesNet": -32800000,
    "incomeBeforeTax": 118800000,
    "incomeBeforeTaxRatio": 0.12771447,
    "incomeTaxExpense": 33500000,
    "netIncome": 85300000,
    "netIncomeRatio": 0.0917007095,
    "eps": 0.43,
    "epsdiluted": 0.43,
    "weightedAverageShsOut": 198000000,
    "weightedAverageShsOutDil": 199600000,
    "link": "https://www.sec.gov/Archives/edgar/data/711404/000071140423000045/0000711404-23-000045-index.htm",
    "finalLink": "https://www.sec.gov/Archives/edgar/data/711404/000071140423000045/coo-20230731.htm"
  },
  {
    "date": "2023-04-30",
    "symbol": "COO",
    "reportedCurrency": "USD",
    "cik": "0000711404",
    "fillingDate": "2023-06-02",
    "acceptedDate": "2023-06-02 16:17:05",
    "calendarYear": "2023",
    "period": "Q2",
    "revenue": 877400000,
    "costOfRevenue": 294500000,
    "grossProfit": 582900000,
    "grossProfitRatio": 0.6643492136,
    "researchAndDevelopmentExpenses": 32600000,
    "generalAndAdministrativeExpenses": 407500000,
    "sellingAndMarketingExpenses": 0,
    "sellingGeneralAndAdministrativeExpenses": 407500000,
    "otherExpenses": 46500000,
    "operatingExpenses": 486600000,
    "costAndExpenses": 781100000,
    "interestIncome": 0,
    "interestExpense": 26100000,
    "depreciationAndAmortization": 90800000,
    "ebitda": 182500000,
    "ebitdaratio": 0.2080009118,
    "operatingIncome": 96300000,
    "operatingIncomeRatio": 0.1097560976,
    "totalOtherIncomeExpensesNet": -30700000,
    "incomeBeforeTax": 65600000,
    "incomeBeforeTaxRatio": 0.0747663551,
    "incomeTaxExpense": 25800000,
    "netIncome": 39800000,
    "netIncomeRatio": 0.0453612947,
    "eps": 0.2,
    "epsdiluted": 0.2,
    "weightedAverageShsOut": 198000000,
    "weightedAverageShsOutDil": 199200000,
    "link": "https://www.sec.gov/Archives/edgar/data/711404/000071140423000033/0000711404-23-000033-index.htm",
    "finalLink": "https://www.sec.gov/Archives/edgar/data/711404/000071140423000033/coo-20230430.htm"
  },
  {
    "date": "2023-01-31",
    "symbol": "COO",
    "reportedCurrency": "USD",
    "cik": "0000711404",
    "fillingDate": "2023-03-03",
    "acceptedDate": "2023-03-03 16:16:44",
    "calendarYear": "2023",
    "period": "Q1",
    "revenue": 858500000,
    "costOfRevenue": 300000000,
    "grossProfit": 558500000,
    "grossProfitRatio": 0.6505532906,
    "researchAndDevelopmentExpenses": 31600000,
    "generalAndAdministrativeExpenses": 0,
    "sellingAndMarketingExpenses": 0,
    "sellingGeneralAndAdministrativeExpenses": 330900000,
    "otherExpenses": 46500000,
    "operatingExpenses": 409000000,
    "costAndExpenses": 709000000,
    "interestIncome": 0,
    "interestExpense": 26100000,
    "depreciationAndAmortization": 89700000,
    "ebitda": 237900000,
    "ebitdaratio": 0.2771112405,
    "operatingIncome": 149500000,
    "operatingIncomeRatio": 0.1741409435,
    "totalOtherIncomeExpensesNet": -27400000,
    "incomeBeforeTax": 122100000,
    "incomeBeforeTaxRatio": 0.1422248107,
    "incomeTaxExpense": 37500000,
    "netIncome": 84600000,
    "netIncomeRatio": 0.098543972,
    "eps": 0.43,
    "epsdiluted": 0.43,
    "weightedAverageShsOut": 197600000,
    "weightedAverageShsOutDil": 198800000,
    "link": "https://www.sec.gov/Archives/edgar/data/711404/000071140423000013/0000711404-23-000013-index.htm",
    "finalLink": "https://www.sec.gov/Archives/edgar/data/711404/000071140423000013/coo-20230131.htm"
  },
  {
    "date": "2022-10-31",
    "symbol": "COO",
    "reportedCurrency": "USD",
    "cik": "0000711404",
    "fillingDate": "2022-12-09",
    "acceptedDate": "2022-12-09 16:16:43",
    "calendarYear": "2022",
    "period": "Q4",
    "revenue": 848100000,
    "costOfRevenue": 311500000,
    "grossProfit": 536600000,
    "grossProfitRatio": 0.632708407,
    "researchAndDevelopmentExpenses": 29100000,
    "generalAndAdministrativeExpenses": 0,
    "sellingAndMarketingExpenses": 0,
    "sellingGeneralAndAdministrativeExpenses": 358000000,
    "otherExpenses": 46000000,
    "operatingExpenses": 433100000,
    "costAndExpenses": 744600000,
    "interestIncome": 0,
    "interestExpense": 22800000,
    "depreciationAndAmortization": 89000000,
    "ebitda": 184200000,
    "ebitdaratio": 0.2171913689,
    "operatingIncome": 103500000,
    "operatingIncomeRatio": 0.1220374956,
    "totalOtherIncomeExpensesNet": -31100000,
    "incomeBeforeTax": 72400000,
    "incomeBeforeTaxRatio": 0.0853672916,
    "incomeTaxExpense": 6800000,
    "netIncome": 65600000,
    "netIncomeRatio": 0.0773493692,
    "eps": 0.33,
    "epsdiluted": 0.33,
    "weightedAverageShsOut": 197200000,
    "weightedAverageShsOutDil": 198400000,
    "link": "https://www.sec.gov/Archives/edgar/data/711404/000071140422000053/0000711404-22-000053-index.htm",
    "finalLink": "https://www.sec.gov/Archives/edgar/data/711404/000071140422000053/coo-20221031.htm"
  },
  {
    "date": "2022-07-31",
    "symbol": "COO",
    "reportedCurrency": "USD",
    "cik": "0000711404",
    "fillingDate": "2022-09-01",
    "acceptedDate": "2022-09-01 16:14:58",
    "calendarYear": "2022",
    "period": "Q3",
    "revenue": 843400000,
    "costOfRevenue": 291300000,
    "grossProfit": 552100000,
    "grossProfitRatio": 0.6546122836,
    "researchAndDevelopmentExpenses": 28700000,
    "generalAndAdministrativeExpenses": 342700000,
    "sellingAndMarketingExpenses": 0,
    "sellingGeneralAndAdministrativeExpenses": 342700000,
    "otherExpenses": 40100000,
    "operatingExpenses": 411500000,
    "costAndExpenses": 702800000,
    "interestIncome": 0,
    "interestExpense": 17100000,
    "depreciationAndAmortization": 81700000,
    "ebitda": 216100000,
    "ebitdaratio": 0.2562248044,
    "operatingIncome": 140600000,
    "operatingIncomeRatio": 0.1667061892,
    "totalOtherIncomeExpensesNet": -23300000,
    "incomeBeforeTax": 117300000,
    "incomeBeforeTaxRatio": 0.1390799146,
    "incomeTaxExpense": 18900000,
    "netIncome": 98400000,
    "netIncomeRatio": 0.1166706189,
    "eps": 2,
    "epsdiluted": 1.98,
    "weightedAverageShsOut": 49300000,
    "weightedAverageShsOutDil": 49600000,
    "link": "https://www.sec.gov/Archives/edgar/data/711404/000071140422000042/0000711404-22-000042-index.htm",
    "finalLink": "https://www.sec.gov/Archives/edgar/data/711404/000071140422000042/coo-20220731.htm"
  },
  {
    "date": "2022-04-30",
    "symbol": "COO",
    "reportedCurrency": "USD",
    "cik": "0000711404",
    "fillingDate": "2022-06-03",
    "acceptedDate": "2022-06-03 16:18:56",
    "calendarYear": "2022",
    "period": "Q2",
    "revenue": 829800000,
    "costOfRevenue": 297300000,
    "grossProfit": 532500000,
    "grossProfitRatio": 0.6417208966,
    "researchAndDevelopmentExpenses": 26300000,
    "generalAndAdministrativeExpenses": 322400000,
    "sellingAndMarketingExpenses": 0,
    "sellingGeneralAndAdministrativeExpenses": 322400000,
    "otherExpenses": 51100000,
    "operatingExpenses": 399800000,
    "costAndExpenses": 697100000,
    "interestIncome": 0,
    "interestExpense": 10800000,
    "depreciationAndAmortization": 93400000,
    "ebitda": 267900000,
    "ebitdaratio": 0.3228488792,
    "operatingIncome": 132700000,
    "operatingIncomeRatio": 0.1599180525,
    "totalOtherIncomeExpensesNet": 31000000,
    "incomeBeforeTax": 163700000,
    "incomeBeforeTaxRatio": 0.1972764522,
    "incomeTaxExpense": 37100000,
    "netIncome": 126600000,
    "netIncomeRatio": 0.1525668836,
    "eps": 2.57,
    "epsdiluted": 2.55,
    "weightedAverageShsOut": 49300000,
    "weightedAverageShsOutDil": 49700000,
    "link": "https://www.sec.gov/Archives/edgar/data/711404/000071140422000030/0000711404-22-000030-index.htm",
    "finalLink": "https://www.sec.gov/Archives/edgar/data/711404/000071140422000030/coo-20220430.htm"
  },
  {
    "date": "2022-01-31",
    "symbol": "COO",
    "reportedCurrency": "USD",
    "cik": "0000711404",
    "fillingDate": "2022-03-04",
    "acceptedDate": "2022-03-04 16:16:19",
    "calendarYear": "2022",
    "period": "Q1",
    "revenue": 787200000,
    "costOfRevenue": 268800000,
    "grossProfit": 518400000,
    "grossProfitRatio": 0.6585365854,
    "researchAndDevelopmentExpenses": 26200000,
    "generalAndAdministrativeExpenses": 0,
    "sellingAndMarketingExpenses": 0,
    "sellingGeneralAndAdministrativeExpenses": 319100000,
    "otherExpenses": 42300000,
    "operatingExpenses": 387600000,
    "costAndExpenses": 656400000,
    "interestIncome": 0,
    "interestExpense": 6600000,
    "depreciationAndAmortization": 82000000,
    "ebitda": 210500000,
    "ebitdaratio": 0.2674034553,
    "operatingIncome": 130800000,
    "operatingIncomeRatio": 0.1661585366,
    "totalOtherIncomeExpensesNet": -8900000,
    "incomeBeforeTax": 121900000,
    "incomeBeforeTaxRatio": 0.1548526423,
    "incomeTaxExpense": 26600000,
    "netIncome": 95300000,
    "netIncomeRatio": 0.1210619919,
    "eps": 1.93,
    "epsdiluted": 1.91,
    "weightedAverageShsOut": 49400000,
    "weightedAverageShsOutDil": 49900000,
    "link": "https://www.sec.gov/Archives/edgar/data/711404/000071140422000015/0000711404-22-000015-index.htm",
    "finalLink": "https://www.sec.gov/Archives/edgar/data/711404/000071140422000015/coo-20220131.htm"
  },
  {
    "date": "2021-10-31",
    "symbol": "COO",
    "reportedCurrency": "USD",
    "cik": "0000711404",
    "fillingDate": "2021-12-10",
    "acceptedDate": "2021-12-10 16:17:53",
    "calendarYear": "2021",
    "period": "Q4",
    "revenue": 759100000,
    "costOfRevenue": 257200000,
    "grossProfit": 501900000,
    "grossProfitRatio": 0.6611777104,
    "researchAndDevelopmentExpenses": 25700000,
    "generalAndAdministrativeExpenses": 0,
    "sellingAndMarketingExpenses": 0,
    "sellingGeneralAndAdministrativeExpenses": 311600000,
    "otherExpenses": 36100000,
    "operatingExpenses": 373400000,
    "costAndExpenses": 630600000,
    "interestIncome": 0,
    "interestExpense": 5000000,
    "depreciationAndAmortization": 77400000,
    "ebitda": 204000000,
    "ebitdaratio": 0.2687392965,
    "operatingIncome": 128500000,
    "operatingIncomeRatio": 0.1692794098,
    "totalOtherIncomeExpensesNet": -6900000,
    "incomeBeforeTax": 121600000,
    "incomeBeforeTaxRatio": 0.1601896983,
    "incomeTaxExpense": 11300000,
    "netIncome": 110300000,
    "netIncomeRatio": 0.1453036491,
    "eps": 2.24,
    "epsdiluted": 2.21,
    "weightedAverageShsOut": 49300000,
    "weightedAverageShsOutDil": 49900000,
    "link": "https://www.sec.gov/Archives/edgar/data/711404/000071140421000038/0000711404-21-000038-index.htm",
    "finalLink": "https://www.sec.gov/Archives/edgar/data/711404/000071140421000038/coo-20211031.htm"
  },
  {
    "date": "2021-07-31",
    "symbol": "COO",
    "reportedCurrency": "USD",
    "cik": "0000711404",
    "fillingDate": "2021-09-03",
    "acceptedDate": "2021-09-03 16:17:27",
    "calendarYear": "2021",
    "period": "Q3",
    "revenue": 763400000,
    "costOfRevenue": 247300000,
    "grossProfit": 516100000,
    "grossProfitRatio": 0.6760544931,
    "researchAndDevelopmentExpenses": 24800000,
    "generalAndAdministrativeExpenses": 352500000,
    "sellingAndMarketingExpenses": 0,
    "sellingGeneralAndAdministrativeExpenses": 352500000,
    "otherExpenses": 38200000,
    "operatingExpenses": 415500000,
    "costAndExpenses": 662800000,
    "interestIncome": 0,
    "interestExpense": 5600000,
    "depreciationAndAmortization": 78900000,
    "ebitda": 178500000,
    "ebitdaratio": 0.2338223736,
    "operatingIncome": 100600000,
    "operatingIncomeRatio": 0.1317788839,
    "totalOtherIncomeExpensesNet": -6600000,
    "incomeBeforeTax": 94000000,
    "incomeBeforeTaxRatio": 0.1231333508,
    "incomeTaxExpense": -521800000,
    "netIncome": 615800000,
    "netIncomeRatio": 0.8066544407,
    "eps": 12.5,
    "epsdiluted": 12.37,
    "weightedAverageShsOut": 49300000,
    "weightedAverageShsOutDil": 49800000,
    "link": "https://www.sec.gov/Archives/edgar/data/711404/000071140421000025/0000711404-21-000025-index.htm",
    "finalLink": "https://www.sec.gov/Archives/edgar/data/711404/000071140421000025/coo-20210731.htm"
  },
  {
    "date": "2021-04-30",
    "symbol": "COO",
    "reportedCurrency": "USD",
    "cik": "0000711404",
    "fillingDate": "2021-06-04",
    "acceptedDate": "2021-06-04 16:02:54",
    "calendarYear": "2021",
    "period": "Q2",
    "revenue": 719500000,
    "costOfRevenue": 232400000,
    "grossProfit": 487100000,
    "grossProfitRatio": 0.6769979152,
    "researchAndDevelopmentExpenses": 21000000,
    "generalAndAdministrativeExpenses": 0,
    "sellingAndMarketingExpenses": 0,
    "sellingGeneralAndAdministrativeExpenses": 285800000,
    "otherExpenses": 37100000,
    "operatingExpenses": 343900000,
    "costAndExpenses": 576300000,
    "interestIncome": 0,
    "interestExpense": 6100000,
    "depreciationAndAmortization": 77500000,
    "ebitda": 220000000,
    "ebitdaratio": 0.3057678944,
    "operatingIncome": 143200000,
    "operatingIncomeRatio": 0.1990271022,
    "totalOtherIncomeExpensesNet": -6800000,
    "incomeBeforeTax": 136400000,
    "incomeBeforeTaxRatio": 0.1895760945,
    "incomeTaxExpense": 18900000,
    "netIncome": 117500000,
    "netIncomeRatio": 0.1633078527,
    "eps": 2.39,
    "epsdiluted": 2.36,
    "weightedAverageShsOut": 49200000,
    "weightedAverageShsOutDil": 49700000,
    "link": "https://www.sec.gov/Archives/edgar/data/711404/000071140421000016/0000711404-21-000016-index.htm",
    "finalLink": "https://www.sec.gov/Archives/edgar/data/711404/000071140421000016/coo-20210430.htm"
  },
  {
    "date": "2021-01-31",
    "symbol": "COO",
    "reportedCurrency": "USD",
    "cik": "0000711404",
    "fillingDate": "2021-03-05",
    "acceptedDate": "2021-03-05 16:02:45",
    "calendarYear": "2021",
    "period": "Q1",
    "revenue": 680500000,
    "costOfRevenue": 229800000,
    "grossProfit": 450700000,
    "grossProfitRatio": 0.6623071271,
    "researchAndDevelopmentExpenses": 21400000,
    "generalAndAdministrativeExpenses": 0,
    "sellingAndMarketingExpenses": 0,
    "sellingGeneralAndAdministrativeExpenses": 261200000,
    "otherExpenses": 34700000,
    "operatingExpenses": 317300000,
    "costAndExpenses": 547100000,
    "interestIncome": 0,
    "interestExpense": 6400000,
    "depreciationAndAmortization": 75500000,
    "ebitda": 221400000,
    "ebitdaratio": 0.3253490081,
    "operatingIncome": 133400000,
    "operatingIncomeRatio": 0.1960323292,
    "totalOtherIncomeExpensesNet": 6100000,
    "incomeBeforeTax": 139500000,
    "incomeBeforeTaxRatio": 0.2049963262,
    "incomeTaxExpense": -1961600000,
    "netIncome": 2101100000,
    "netIncomeRatio": 3.0875826598,
    "eps": 42.77,
    "epsdiluted": 42.31,
    "weightedAverageShsOut": 49100000,
    "weightedAverageShsOutDil": 49700000,
    "link": "https://www.sec.gov/Archives/edgar/data/711404/000071140421000008/0000711404-21-000008-index.htm",
    "finalLink": "https://www.sec.gov/Archives/edgar/data/711404/000071140421000008/coo-20210131.htm"
  },
  {
    "date": "2020-10-31",
    "symbol": "COO",
    "reportedCurrency": "USD",
    "cik": "0000711404",
    "fillingDate": "2020-12-11",
    "acceptedDate": "2020-12-11 16:37:31",
    "calendarYear": "2020",
    "period": "Q4",
    "revenue": 681600000,
    "costOfRevenue": 257600000,
    "grossProfit": 424000000,
    "grossProfitRatio": 0.6220657277,
    "researchAndDevelopmentExpenses": 25500000,
    "generalAndAdministrativeExpenses": 0,
    "sellingAndMarketingExpenses": 0,
    "sellingGeneralAndAdministrativeExpenses": 264200000,
    "otherExpenses": 34200000,
    "operatingExpenses": 323900000,
    "costAndExpenses": 581500000,
    "interestIncome": 0,
    "interestExpense": 6700000,
    "depreciationAndAmortization": 77100000,
    "ebitda": 177500000,
    "ebitdaratio": 0.2604166667,
    "operatingIncome": 100100000,
    "operatingIncomeRatio": 0.1468603286,
    "totalOtherIncomeExpensesNet": -6400000,
    "incomeBeforeTax": 93700000,
    "incomeBeforeTaxRatio": 0.1374706573,
    "incomeTaxExpense": 12500000,
    "netIncome": 81200000,
    "netIncomeRatio": 0.1191314554,
    "eps": 1.65,
    "epsdiluted": 1.64,
    "weightedAverageShsOut": 49100000,
    "weightedAverageShsOutDil": 49600000,
    "link": "https://www.sec.gov/Archives/edgar/data/711404/000071140420000042/0000711404-20-000042-index.htm",
    "finalLink": "https://www.sec.gov/Archives/edgar/data/711404/000071140420000042/coo20201031-10k.htm"
  },
  {
    "date": "2020-07-31",
    "symbol": "COO",
    "reportedCurrency": "USD",
    "cik": "0000711404",
    "fillingDate": "2020-09-04",
    "acceptedDate": "2020-09-04 16:25:20",
    "calendarYear": "2020",
    "period": "Q3",
    "revenue": 578200000,
    "costOfRevenue": 217400000,
    "grossProfit": 360800000,
    "grossProfitRatio": 0.6240055344,
    "researchAndDevelopmentExpenses": 21800000,
    "generalAndAdministrativeExpenses": 232800000,
    "sellingAndMarketingExpenses": 0,
    "sellingGeneralAndAdministrativeExpenses": 232800000,
    "otherExpenses": 34200000,
    "operatingExpenses": 288800000,
    "costAndExpenses": 506200000,
    "interestIncome": 0,
    "interestExpense": 5700000,
    "depreciationAndAmortization": 70600000,
    "ebitda": 142700000,
    "ebitdaratio": 0.2468004151,
    "operatingIncome": 72000000,
    "operatingIncomeRatio": 0.124524386,
    "totalOtherIncomeExpensesNet": -5600000,
    "incomeBeforeTax": 66400000,
    "incomeBeforeTaxRatio": 0.114839156,
    "incomeTaxExpense": 11200000,
    "netIncome": 55200000,
    "netIncomeRatio": 0.095468696,
    "eps": 1.13,
    "epsdiluted": 1.12,
    "weightedAverageShsOut": 49100000,
    "weightedAverageShsOutDil": 49500000,
    "link": "https://www.sec.gov/Archives/edgar/data/711404/000071140420000032/0000711404-20-000032-index.htm",
    "finalLink": "https://www.sec.gov/Archives/edgar/data/711404/000071140420000032/coo10-q32073120.htm"
  },
  {
    "date": "2020-04-30",
    "symbol": "COO",
    "reportedCurrency": "USD",
    "cik": "0000711404",
    "fillingDate": "2020-06-05",
    "acceptedDate": "2020-06-05 16:22:55",
    "calendarYear": "2020",
    "period": "Q2",
    "revenue": 524900000,
    "costOfRevenue": 201400000,
    "grossProfit": 323500000,
    "grossProfitRatio": 0.6163078682,
    "researchAndDevelopmentExpenses": 23800000,
    "generalAndAdministrativeExpenses": 0,
    "sellingAndMarketingExpenses": 0,
    "sellingGeneralAndAdministrativeExpenses": 237200000,
    "otherExpenses": 33900000,
    "operatingExpenses": 294900000,
    "costAndExpenses": 496300000,
    "interestIncome": 0,
    "interestExpense": 12800000,
    "depreciationAndAmortization": 68800000,
    "ebitda": 90600000,
    "ebitdaratio": 0.1726043056,
    "operatingIncome": 28600000,
    "operatingIncomeRatio": 0.0544865689,
    "totalOtherIncomeExpensesNet": -19600000,
    "incomeBeforeTax": 9000000,
    "incomeBeforeTaxRatio": 0.0171461231,
    "incomeTaxExpense": -2500000,
    "netIncome": 11500000,
    "netIncomeRatio": 0.021908935,
    "eps": 0.23,
    "epsdiluted": 0.23,
    "weightedAverageShsOut": 49200000,
    "weightedAverageShsOutDil": 49600000,
    "link": "https://www.sec.gov/Archives/edgar/data/711404/000071140420000021/0000711404-20-000021-index.htm",
    "finalLink": "https://www.sec.gov/Archives/edgar/data/711404/000071140420000021/coo10-q22043020.htm"
  },
  {
    "date": "2020-01-31",
    "symbol": "COO",
    "reportedCurrency": "USD",
    "cik": "0000711404",
    "fillingDate": "2020-03-06",
    "acceptedDate": "2020-03-06 16:18:14",
    "calendarYear": "2020",
    "period": "Q1",
    "revenue": 646200000,
    "costOfRevenue": 219700000,
    "grossProfit": 426500000,
    "grossProfitRatio": 0.6600123801,
    "researchAndDevelopmentExpenses": 22200000,
    "generalAndAdministrativeExpenses": 258300000,
    "sellingAndMarketingExpenses": 0,
    "sellingGeneralAndAdministrativeExpenses": 258300000,
    "otherExpenses": 34900000,
    "operatingExpenses": 315400000,
    "costAndExpenses": 535100000,
    "interestIncome": 0,
    "interestExpense": 11600000,
    "depreciationAndAmortization": 70600000,
    "ebitda": 179600000,
    "ebitdaratio": 0.2779325286,
    "operatingIncome": 111100000,
    "operatingIncomeRatio": 0.1719281956,
    "totalOtherIncomeExpensesNet": -13700000,
    "incomeBeforeTax": 97400000,
    "incomeBeforeTaxRatio": 0.150727329,
    "incomeTaxExpense": 6900000,
    "netIncome": 90500000,
    "netIncomeRatio": 0.1400495203,
    "eps": 1.84,
    "epsdiluted": 1.82,
    "weightedAverageShsOut": 49100000,
    "weightedAverageShsOutDil": 49700000,
    "link": "https://www.sec.gov/Archives/edgar/data/711404/000071140420000011/0000711404-20-000011-index.htm",
    "finalLink": "https://www.sec.gov/Archives/edgar/data/711404/000071140420000011/coo2020013110qq12020.htm"
  },
  {
    "date": "2019-10-31",
    "symbol": "COO",
    "reportedCurrency": "USD",
    "cik": "0000711404",
    "fillingDate": "2019-12-20",
    "acceptedDate": "2019-12-20 08:32:37",
    "calendarYear": "2019",
    "period": "Q4",
    "revenue": 691600000,
    "costOfRevenue": 236600000,
    "grossProfit": 455000000,
    "grossProfitRatio": 0.6578947368,
    "researchAndDevelopmentExpenses": 23300000,
    "generalAndAdministrativeExpenses": 0,
    "sellingAndMarketingExpenses": 0,
    "sellingGeneralAndAdministrativeExpenses": 250000000,
    "otherExpenses": 35100000,
    "operatingExpenses": 308000000,
    "costAndExpenses": 544600000,
    "interestIncome": 0,
    "interestExpense": 14600000,
    "depreciationAndAmortization": 70600000,
    "ebitda": 213800000,
    "ebitdaratio": 0.3091382302,
    "operatingIncome": 146600000,
    "operatingIncomeRatio": 0.2119722383,
    "totalOtherIncomeExpensesNet": -18100000,
    "incomeBeforeTax": 128500000,
    "incomeBeforeTaxRatio": 0.1858010411,
    "incomeTaxExpense": 7500000,
    "netIncome": 121000000,
    "netIncomeRatio": 0.1749566223,
    "eps": 2.46,
    "epsdiluted": 2.42,
    "weightedAverageShsOut": 49100000,
    "weightedAverageShsOutDil": 50000000,
    "link": "https://www.sec.gov/Archives/edgar/data/711404/000071140419000051/0000711404-19-000051-index.htm",
    "finalLink": "https://www.sec.gov/Archives/edgar/data/711404/000071140419000051/coo20191031-10k.htm"
  },
  {
    "date": "2019-07-31",
    "symbol": "COO",
    "reportedCurrency": "USD",
    "cik": "0000711404",
    "fillingDate": "2019-08-30",
    "acceptedDate": "2019-08-30 16:14:40",
    "calendarYear": "2019",
    "period": "Q3",
    "revenue": 679400000,
    "costOfRevenue": 228700000,
    "grossProfit": 450700000,
    "grossProfitRatio": 0.6633794525,
    "researchAndDevelopmentExpenses": 21500000,
    "generalAndAdministrativeExpenses": 249800000,
    "sellingAndMarketingExpenses": 0,
    "sellingGeneralAndAdministrativeExpenses": 249800000,
    "otherExpenses": 37200000,
    "operatingExpenses": 308500000,
    "costAndExpenses": 537200000,
    "interestIncome": 0,
    "interestExpense": 16700000,
    "depreciationAndAmortization": 70700000,
    "ebitda": 214400000,
    "ebitdaratio": 0.315572564,
    "operatingIncome": 142200000,
    "operatingIncomeRatio": 0.2093023256,
    "totalOtherIncomeExpensesNet": -15200000,
    "incomeBeforeTax": 127000000,
    "incomeBeforeTaxRatio": 0.1869296438,
    "incomeTaxExpense": 6900000,
    "netIncome": 120100000,
    "netIncomeRatio": 0.1767736238,
    "eps": 2.43,
    "epsdiluted": 2.4,
    "weightedAverageShsOut": 49500000,
    "weightedAverageShsOutDil": 50100000,
    "link": "https://www.sec.gov/Archives/edgar/data/711404/000071140419000039/0000711404-19-000039-index.htm",
    "finalLink": "https://www.sec.gov/Archives/edgar/data/711404/000071140419000039/coo2019073110qq32019.htm"
  },
  {
    "date": "2019-04-30",
    "symbol": "COO",
    "reportedCurrency": "USD",
    "cik": "0000711404",
    "fillingDate": "2019-05-31",
    "acceptedDate": "2019-05-31 16:20:14",
    "calendarYear": "2019",
    "period": "Q2",
    "revenue": 654300000,
    "costOfRevenue": 221700000,
    "grossProfit": 432600000,
    "grossProfitRatio": 0.6611646034,
    "researchAndDevelopmentExpenses": 21000000,
    "generalAndAdministrativeExpenses": 246800000,
    "sellingAndMarketingExpenses": 0,
    "sellingGeneralAndAdministrativeExpenses": 246800000,
    "otherExpenses": 36900000,
    "operatingExpenses": 304700000,
    "costAndExpenses": 526400000,
    "interestIncome": 0,
    "interestExpense": 18500000,
    "depreciationAndAmortization": 70700000,
    "ebitda": 217300000,
    "ebitdaratio": 0.3321106526,
    "operatingIncome": 146900000,
    "operatingIncomeRatio": 0.2245147486,
    "totalOtherIncomeExpensesNet": -18800000,
    "incomeBeforeTax": 128100000,
    "incomeBeforeTaxRatio": 0.1957817515,
    "incomeTaxExpense": 5700000,
    "netIncome": 122400000,
    "netIncomeRatio": 0.1870701513,
    "eps": 2.48,
    "epsdiluted": 2.45,
    "weightedAverageShsOut": 49400000,
    "weightedAverageShsOutDil": 50000000,
    "link": "https://www.sec.gov/Archives/edgar/data/711404/000071140419000026/0000711404-19-000026-index.htm",
    "finalLink": "https://www.sec.gov/Archives/edgar/data/711404/000071140419000026/coo_2019x04x30x10qq22019.htm"
  },
  {
    "date": "2019-01-31",
    "symbol": "COO",
    "reportedCurrency": "USD",
    "cik": "0000711404",
    "fillingDate": "2019-03-06",
    "acceptedDate": "2019-03-06 16:22:56",
    "calendarYear": "2019",
    "period": "Q1",
    "revenue": 628100000,
    "costOfRevenue": 209600000,
    "grossProfit": 418500000,
    "grossProfitRatio": 0.6662951759,
    "researchAndDevelopmentExpenses": 21000000,
    "generalAndAdministrativeExpenses": 250000000,
    "sellingAndMarketingExpenses": 0,
    "sellingGeneralAndAdministrativeExpenses": 250000000,
    "otherExpenses": 36600000,
    "operatingExpenses": 307600000,
    "costAndExpenses": 517200000,
    "interestIncome": 0,
    "interestExpense": 18200000,
    "depreciationAndAmortization": 68800000,
    "ebitda": 180800000,
    "ebitdaratio": 0.2878522528,
    "operatingIncome": 110900000,
    "operatingIncomeRatio": 0.1765642414,
    "totalOtherIncomeExpensesNet": -17100000,
    "incomeBeforeTax": 93800000,
    "incomeBeforeTaxRatio": 0.1493392772,
    "incomeTaxExpense": -9400000,
    "netIncome": 103200000,
    "netIncomeRatio": 0.164305047,
    "eps": 2.09,
    "epsdiluted": 2.07,
    "weightedAverageShsOut": 49300000,
    "weightedAverageShsOutDil": 49900000,
    "link": "https://www.sec.gov/Archives/edgar/data/711404/000071140419000012/0000711404-19-000012-index.htm",
    "finalLink": "https://www.sec.gov/Archives/edgar/data/711404/000071140419000012/coo_2019x01x31x10qq12019.htm"
  },
  {
    "date": "2018-10-31",
    "symbol": "COO",
    "reportedCurrency": "USD",
    "cik": "0000711404",
    "fillingDate": "2018-12-21",
    "acceptedDate": "2018-12-21 16:36:20",
    "calendarYear": "2018",
    "period": "Q4",
    "revenue": 651500000,
    "costOfRevenue": 221400000,
    "grossProfit": 430100000,
    "grossProfitRatio": 0.6601688411,
    "researchAndDevelopmentExpenses": 22600000,
    "generalAndAdministrativeExpenses": 248600000,
    "sellingAndMarketingExpenses": 0,
    "sellingGeneralAndAdministrativeExpenses": 248600000,
    "otherExpenses": 36200000,
    "operatingExpenses": 307400000,
    "costAndExpenses": 528800000,
    "interestIncome": 0,
    "interestExpense": 22800000,
    "depreciationAndAmortization": 70500000,
    "ebitda": 206000000,
    "ebitdaratio": 0.3161933998,
    "operatingIncome": 122700000,
    "operatingIncomeRatio": 0.1883346124,
    "totalOtherIncomeExpensesNet": -10000000,
    "incomeBeforeTax": 112700000,
    "incomeBeforeTaxRatio": 0.1729854183,
    "incomeTaxExpense": 12100000,
    "netIncome": 100600000,
    "netIncomeRatio": 0.1544128933,
    "eps": 2.04,
    "epsdiluted": 2.02,
    "weightedAverageShsOut": 49200000,
    "weightedAverageShsOutDil": 49900000,
    "link": "https://www.sec.gov/Archives/edgar/data/711404/000071140418000047/0000711404-18-000047-index.htm",
    "finalLink": "https://www.sec.gov/Archives/edgar/data/711404/000071140418000047/coo_20181031-10k.htm"
  },
  {
    "date": "2018-07-31",
    "symbol": "COO",
    "reportedCurrency": "USD",
    "cik": "0000711404",
    "fillingDate": "2018-08-31",
    "acceptedDate": "2018-08-31 16:11:25",
    "calendarYear": "2018",
    "period": "Q3",
    "revenue": 660000000,
    "costOfRevenue": 233200000,
    "grossProfit": 426800000,
    "grossProfitRatio": 0.6466666667,
    "researchAndDevelopmentExpenses": 22500000,
    "generalAndAdministrativeExpenses": 251000000,
    "sellingAndMarketingExpenses": 0,
    "sellingGeneralAndAdministrativeExpenses": 251000000,
    "otherExpenses": 37700000,
    "operatingExpenses": 311200000,
    "costAndExpenses": 544400000,
    "interestIncome": 0,
    "interestExpense": 22800000,
    "depreciationAndAmortization": 69000000,
    "ebitda": 182200000,
    "ebitdaratio": 0.2760606061,
    "operatingIncome": 115600000,
    "operatingIncomeRatio": 0.1751515152,
    "totalOtherIncomeExpensesNet": -25200000,
    "incomeBeforeTax": 90400000,
    "incomeBeforeTaxRatio": 0.136969697,
    "incomeTaxExpense": -10400000,
    "netIncome": 100800000,
    "netIncomeRatio": 0.1527272727,
    "eps": 2.05,
    "epsdiluted": 2.03,
    "weightedAverageShsOut": 49100000,
    "weightedAverageShsOutDil": 49700000,
    "link": "https://www.sec.gov/Archives/edgar/data/711404/000071140418000035/0000711404-18-000035-index.htm",
    "finalLink": "https://www.sec.gov/Archives/edgar/data/711404/000071140418000035/coo_2018x07x31x10qq32018.htm"
  },
  {
    "date": "2018-04-30",
    "symbol": "COO",
    "reportedCurrency": "USD",
    "cik": "0000711404",
    "fillingDate": "2018-06-08",
    "acceptedDate": "2018-06-08 16:18:43",
    "calendarYear": "2018",
    "period": "Q2",
    "revenue": 631300000,
    "costOfRevenue": 226800000,
    "grossProfit": 404500000,
    "grossProfitRatio": 0.6407413274,
    "researchAndDevelopmentExpenses": 20800000,
    "generalAndAdministrativeExpenses": 247900000,
    "sellingAndMarketingExpenses": 0,
    "sellingGeneralAndAdministrativeExpenses": 247900000,
    "otherExpenses": 36700000,
    "operatingExpenses": 305400000,
    "costAndExpenses": 532200000,
    "interestIncome": 0,
    "interestExpense": 18700000,
    "depreciationAndAmortization": 69000000,
    "ebitda": 141700000,
    "ebitdaratio": 0.2244574687,
    "operatingIncome": 74700000,
    "operatingIncomeRatio": 0.1183272612,
    "totalOtherIncomeExpensesNet": -20700000,
    "incomeBeforeTax": 54000000,
    "incomeBeforeTaxRatio": 0.0855377792,
    "incomeTaxExpense": -6900000,
    "netIncome": 60900000,
    "netIncomeRatio": 0.0964676065,
    "eps": 1.24,
    "epsdiluted": 1.23,
    "weightedAverageShsOut": 49100000,
    "weightedAverageShsOutDil": 49600000,
    "link": "https://www.sec.gov/Archives/edgar/data/711404/000071140418000022/0000711404-18-000022-index.htm",
    "finalLink": "https://www.sec.gov/Archives/edgar/data/711404/000071140418000022/coo_2018x04x30x10qq22018.htm"
  },
  {
    "date": "2018-01-31",
    "symbol": "COO",
    "reportedCurrency": "USD",
    "cik": "0000711404",
    "fillingDate": "2018-03-09",
    "acceptedDate": "2018-03-09 16:20:14",
    "calendarYear": "2018",
    "period": "Q1",
    "revenue": 590000000,
    "costOfRevenue": 219100000,
    "grossProfit": 370900000,
    "grossProfitRatio": 0.6286440678,
    "researchAndDevelopmentExpenses": 18800000,
    "generalAndAdministrativeExpenses": 225900000,
    "sellingAndMarketingExpenses": 0,
    "sellingGeneralAndAdministrativeExpenses": 225900000,
    "otherExpenses": 36000000,
    "operatingExpenses": 280700000,
    "costAndExpenses": 499800000,
    "interestIncome": 0,
    "interestExpense": 18400000,
    "depreciationAndAmortization": 66600000,
    "ebitda": 159800000,
    "ebitdaratio": 0.2708474576,
    "operatingIncome": 90200000,
    "operatingIncomeRatio": 0.1528813559,
    "totalOtherIncomeExpensesNet": -15400000,
    "incomeBeforeTax": 74800000,
    "incomeBeforeTaxRatio": 0.126779661,
    "incomeTaxExpense": 197300000,
    "netIncome": -122500000,
    "netIncomeRatio": -0.2076271186,
    "eps": -2.51,
    "epsdiluted": -2.51,
    "weightedAverageShsOut": 48900000,
    "weightedAverageShsOutDil": 48900000,
    "link": "https://www.sec.gov/Archives/edgar/data/711404/000071140418000014/0000711404-18-000014-index.htm",
    "finalLink": "https://www.sec.gov/Archives/edgar/data/711404/000071140418000014/coo_20180131-10qq12018.htm"
  },
  {
    "date": "2017-10-31",
    "symbol": "COO",
    "reportedCurrency": "USD",
    "cik": "0000711404",
    "fillingDate": "2017-12-22",
    "acceptedDate": "2017-12-22 16:08:35",
    "calendarYear": "2017",
    "period": "Q4",
    "revenue": 561500000,
    "costOfRevenue": 208100000,
    "grossProfit": 353400000,
    "grossProfitRatio": 0.6293855744,
    "researchAndDevelopmentExpenses": 18600000,
    "generalAndAdministrativeExpenses": 208500000,
    "sellingAndMarketingExpenses": 0,
    "sellingGeneralAndAdministrativeExpenses": 208500000,
    "otherExpenses": 17800000,
    "operatingExpenses": 244900000,
    "costAndExpenses": 453000000,
    "interestIncome": 0,
    "interestExpense": 10100000,
    "depreciationAndAmortization": 47200000,
    "ebitda": 153900000,
    "ebitdaratio": 0.2740872663,
    "operatingIncome": 108500000,
    "operatingIncomeRatio": 0.1932324132,
    "totalOtherIncomeExpensesNet": -11900000,
    "incomeBeforeTax": 96600000,
    "incomeBeforeTaxRatio": 0.1720391808,
    "incomeTaxExpense": 8000000,
    "netIncome": 88600000,
    "netIncomeRatio": 0.1577916296,
    "eps": 1.82,
    "epsdiluted": 1.78,
    "weightedAverageShsOut": 48800000,
    "weightedAverageShsOutDil": 49700000,
    "link": "https://www.sec.gov/Archives/edgar/data/711404/000071140417000044/0000711404-17-000044-index.htm",
    "finalLink": "https://www.sec.gov/Archives/edgar/data/711404/000071140417000044/coo_20171031-10k.htm"
  },
  {
    "date": "2017-07-31",
    "symbol": "COO",
    "reportedCurrency": "USD",
    "cik": "0000711404",
    "fillingDate": "2017-09-01",
    "acceptedDate": "2017-09-01 16:19:40",
    "calendarYear": "2017",
    "period": "Q3",
    "revenue": 556000000,
    "costOfRevenue": 199800000,
    "grossProfit": 356200000,
    "grossProfitRatio": 0.640647482,
    "researchAndDevelopmentExpenses": 17500000,
    "generalAndAdministrativeExpenses": 208700000,
    "sellingAndMarketingExpenses": 0,
    "sellingGeneralAndAdministrativeExpenses": 208700000,
    "otherExpenses": 17200000,
    "operatingExpenses": 243400000,
    "costAndExpenses": 443200000,
    "interestIncome": 0,
    "interestExpense": 8300000,
    "depreciationAndAmortization": 47200000,
    "ebitda": 163200000,
    "ebitdaratio": 0.2935251799,
    "operatingIncome": 112800000,
    "operatingIncomeRatio": 0.2028776978,
    "totalOtherIncomeExpensesNet": -5100000,
    "incomeBeforeTax": 107700000,
    "incomeBeforeTaxRatio": 0.193705036,
    "incomeTaxExpense": 4100000,
    "netIncome": 103600000,
    "netIncomeRatio": 0.1863309353,
    "eps": 2.12,
    "epsdiluted": 2.09,
    "weightedAverageShsOut": 48900000,
    "weightedAverageShsOutDil": 49600000,
    "link": "https://www.sec.gov/Archives/edgar/data/711404/000071140417000031/0000711404-17-000031-index.htm",
    "finalLink": "https://www.sec.gov/Archives/edgar/data/711404/000071140417000031/coo_20170731-10qq32017.htm"
  },
  {
    "date": "2017-04-30",
    "symbol": "COO",
    "reportedCurrency": "USD",
    "cik": "0000711404",
    "fillingDate": "2017-06-02",
    "acceptedDate": "2017-06-02 16:12:41",
    "calendarYear": "2017",
    "period": "Q2",
    "revenue": 522400000,
    "costOfRevenue": 178500000,
    "grossProfit": 343900000,
    "grossProfitRatio": 0.6583078101,
    "researchAndDevelopmentExpenses": 16800000,
    "generalAndAdministrativeExpenses": 193300000,
    "sellingAndMarketingExpenses": 0,
    "sellingGeneralAndAdministrativeExpenses": 193300000,
    "otherExpenses": 16700000,
    "operatingExpenses": 226800000,
    "costAndExpenses": 405300000,
    "interestIncome": 0,
    "interestExpense": 7700000,
    "depreciationAndAmortization": 46200000,
    "ebitda": 163400000,
    "ebitdaratio": 0.3127871363,
    "operatingIncome": 117100000,
    "operatingIncomeRatio": 0.2241577335,
    "totalOtherIncomeExpensesNet": -7600000,
    "incomeBeforeTax": 109500000,
    "incomeBeforeTaxRatio": 0.2096094946,
    "incomeTaxExpense": 4600000,
    "netIncome": 104900000,
    "netIncomeRatio": 0.2008039816,
    "eps": 2.14,
    "epsdiluted": 2.12,
    "weightedAverageShsOut": 49000000,
    "weightedAverageShsOutDil": 49500000,
    "link": "https://www.sec.gov/Archives/edgar/data/711404/000071140417000021/0000711404-17-000021-index.htm",
    "finalLink": "https://www.sec.gov/Archives/edgar/data/711404/000071140417000021/coo_20170430-10qq22017.htm"
  },
  {
    "date": "2017-01-31",
    "symbol": "COO",
    "reportedCurrency": "USD",
    "cik": "0000711404",
    "fillingDate": "2017-03-03",
    "acceptedDate": "2017-03-03 16:08:05",
    "calendarYear": "2017",
    "period": "Q1",
    "revenue": 499100000,
    "costOfRevenue": 186700000,
    "grossProfit": 312400000,
    "grossProfitRatio": 0.625926668,
    "researchAndDevelopmentExpenses": 16300000,
    "generalAndAdministrativeExpenses": 188600000,
    "sellingAndMarketingExpenses": 0,
    "sellingGeneralAndAdministrativeExpenses": 188600000,
    "otherExpenses": 16800000,
    "operatingExpenses": 221700000,
    "costAndExpenses": 408400000,
    "interestIncome": 0,
    "interestExpense": 7300000,
    "depreciationAndAmortization": 47800000,
    "ebitda": 135200000,
    "ebitdaratio": 0.2708875977,
    "operatingIncome": 90700000,
    "operatingIncomeRatio": 0.1817271088,
    "totalOtherIncomeExpensesNet": -10600000,
    "incomeBeforeTax": 80100000,
    "incomeBeforeTaxRatio": 0.16048888,
    "incomeTaxExpense": 4300000,
    "netIncome": 75800000,
    "netIncomeRatio": 0.1518733721,
    "eps": 1.55,
    "epsdiluted": 1.53,
    "weightedAverageShsOut": 48800000,
    "weightedAverageShsOutDil": 49400000,
    "link": "https://www.sec.gov/Archives/edgar/data/711404/000071140417000010/0000711404-17-000010-index.htm",
    "finalLink": "https://www.sec.gov/Archives/edgar/data/711404/000071140417000010/coo_20170131-10qq12017.htm"
  },
  {
    "date": "2016-10-31",
    "symbol": "COO",
    "reportedCurrency": "USD",
    "cik": "0000711404",
    "fillingDate": "2016-12-22",
    "acceptedDate": "2016-12-22 16:09:33",
    "calendarYear": "2016",
    "period": "Q4",
    "revenue": 518654000,
    "costOfRevenue": 222678000,
    "grossProfit": 295976000,
    "grossProfitRatio": 0.5706617514,
    "researchAndDevelopmentExpenses": 17941000,
    "generalAndAdministrativeExpenses": 189132000,
    "sellingAndMarketingExpenses": 0,
    "sellingGeneralAndAdministrativeExpenses": 189131000,
    "otherExpenses": 14722000,
    "operatingExpenses": 221795000,
    "costAndExpenses": 444473000,
    "interestIncome": 0,
    "interestExpense": 5321000,
    "depreciationAndAmortization": 47344000,
    "ebitda": 121515000,
    "ebitdaratio": 0.2342891407,
    "operatingIncome": 74181000,
    "operatingIncomeRatio": 0.1430259865,
    "totalOtherIncomeExpensesNet": -5331000,
    "incomeBeforeTax": 68851000,
    "incomeBeforeTaxRatio": 0.1327493859,
    "incomeTaxExpense": 8357000,
    "netIncome": 60508000,
    "netIncomeRatio": 0.1166635175,
    "eps": 1.24,
    "epsdiluted": 1.23,
    "weightedAverageShsOut": 48785000,
    "weightedAverageShsOutDil": 49281000,
    "link": "https://www.sec.gov/Archives/edgar/data/711404/000071140416000042/0000711404-16-000042-index.htm",
    "finalLink": "https://www.sec.gov/Archives/edgar/data/711404/000071140416000042/coo_20161031-10k.htm"
  },
  {
    "date": "2016-07-31",
    "symbol": "COO",
    "reportedCurrency": "USD",
    "cik": "0000711404",
    "fillingDate": "2016-09-02",
    "acceptedDate": "2016-09-02 16:13:34",
    "calendarYear": "2016",
    "period": "Q3",
    "revenue": 514726000,
    "costOfRevenue": 198100000,
    "grossProfit": 316600000,
    "grossProfitRatio": 0.6150845304,
    "researchAndDevelopmentExpenses": 15900000,
    "generalAndAdministrativeExpenses": 182400000,
    "sellingAndMarketingExpenses": 0,
    "sellingGeneralAndAdministrativeExpenses": 182403000,
    "otherExpenses": 15600000,
    "operatingExpenses": 213900000,
    "costAndExpenses": 412000000,
    "interestIncome": 0,
    "interestExpense": 7983000,
    "depreciationAndAmortization": 49500000,
    "ebitda": 150900000,
    "ebitdaratio": 0.2931656843,
    "operatingIncome": 102700000,
    "operatingIncomeRatio": 0.19952363,
    "totalOtherIncomeExpensesNet": -9300000,
    "incomeBeforeTax": 93415000,
    "incomeBeforeTaxRatio": 0.1814849065,
    "incomeTaxExpense": 5172000,
    "netIncome": 87928000,
    "netIncomeRatio": 0.170824866,
    "eps": 1.81,
    "epsdiluted": 1.79,
    "weightedAverageShsOut": 48600000,
    "weightedAverageShsOutDil": 49000000,
    "link": "https://www.sec.gov/Archives/edgar/data/711404/000071140416000035/0000711404-16-000035-index.htm",
    "finalLink": "https://www.sec.gov/Archives/edgar/data/711404/000071140416000035/coo_20160731-10qq32016.htm"
  },
  {
    "date": "2016-04-30",
    "symbol": "COO",
    "reportedCurrency": "USD",
    "cik": "0000711404",
    "fillingDate": "2016-06-03",
    "acceptedDate": "2016-06-03 16:08:57",
    "calendarYear": "2016",
    "period": "Q2",
    "revenue": 483793000,
    "costOfRevenue": 185300000,
    "grossProfit": 298500000,
    "grossProfitRatio": 0.6169994192,
    "researchAndDevelopmentExpenses": 16700000,
    "generalAndAdministrativeExpenses": 177700000,
    "sellingAndMarketingExpenses": 0,
    "sellingGeneralAndAdministrativeExpenses": 177659000,
    "otherExpenses": 14300000,
    "operatingExpenses": 208700000,
    "costAndExpenses": 394000000,
    "interestIncome": 0,
    "interestExpense": 7611000,
    "depreciationAndAmortization": 47900000,
    "ebitda": 138100000,
    "ebitdaratio": 0.2854526626,
    "operatingIncome": 89800000,
    "operatingIncomeRatio": 0.1856165757,
    "totalOtherIncomeExpensesNet": -7200000,
    "incomeBeforeTax": 82638000,
    "incomeBeforeTaxRatio": 0.1708127236,
    "incomeTaxExpense": 8183000,
    "netIncome": 74125000,
    "netIncomeRatio": 0.1532163549,
    "eps": 1.53,
    "epsdiluted": 1.52,
    "weightedAverageShsOut": 48400000,
    "weightedAverageShsOutDil": 48900000,
    "link": "https://www.sec.gov/Archives/edgar/data/711404/000071140416000030/0000711404-16-000030-index.htm",
    "finalLink": "https://www.sec.gov/Archives/edgar/data/711404/000071140416000030/coo_20160430-10qq22016.htm"
  },
  {
    "date": "2016-01-31",
    "symbol": "COO",
    "reportedCurrency": "USD",
    "cik": "0000711404",
    "fillingDate": "2016-03-04",
    "acceptedDate": "2016-03-04 16:24:39",
    "calendarYear": "2016",
    "period": "Q1",
    "revenue": 449641000,
    "costOfRevenue": 187600000,
    "grossProfit": 262000000,
    "grossProfitRatio": 0.582687077,
    "researchAndDevelopmentExpenses": 14800000,
    "generalAndAdministrativeExpenses": 173600000,
    "sellingAndMarketingExpenses": 0,
    "sellingGeneralAndAdministrativeExpenses": 173604000,
    "otherExpenses": 16200000,
    "operatingExpenses": 204600000,
    "costAndExpenses": 392200000,
    "interestIncome": 0,
    "interestExpense": 5274000,
    "depreciationAndAmortization": 53500000,
    "ebitda": 109500000,
    "ebitdaratio": 0.2435276143,
    "operatingIncome": 57400000,
    "operatingIncomeRatio": 0.1276573978,
    "totalOtherIncomeExpensesNet": -6700000,
    "incomeBeforeTax": 50730000,
    "incomeBeforeTaxRatio": 0.1128233413,
    "incomeTaxExpense": -1011000,
    "netIncome": 51356000,
    "netIncomeRatio": 0.1142155631,
    "eps": 1.06,
    "epsdiluted": 1.05,
    "weightedAverageShsOut": 48300000,
    "weightedAverageShsOutDil": 48800000,
    "link": "https://www.sec.gov/Archives/edgar/data/711404/000071140416000026/0000711404-16-000026-index.htm",
    "finalLink": "https://www.sec.gov/Archives/edgar/data/711404/000071140416000026/coo_20160131-10qq12016.htm"
  },
  {
    "date": "2015-10-31",
    "symbol": "COO",
    "reportedCurrency": "USD",
    "cik": "0000711404",
    "fillingDate": "2015-12-18",
    "acceptedDate": "2015-12-18 16:24:23",
    "calendarYear": "2015",
    "period": "Q4",
    "revenue": 455536000,
    "costOfRevenue": 202228000,
    "grossProfit": 253308000,
    "grossProfitRatio": 0.5560658214,
    "researchAndDevelopmentExpenses": 18360000,
    "generalAndAdministrativeExpenses": 179642000,
    "sellingAndMarketingExpenses": 0,
    "sellingGeneralAndAdministrativeExpenses": 179643000,
    "otherExpenses": 13053000,
    "operatingExpenses": 211055000,
    "costAndExpenses": 413283000,
    "interestIncome": 0,
    "interestExpense": 4780000,
    "depreciationAndAmortization": 50105000,
    "ebitda": 91312000,
    "ebitdaratio": 0.2004495803,
    "operatingIncome": 42253000,
    "operatingIncomeRatio": 0.0927544695,
    "totalOtherIncomeExpensesNet": -5826000,
    "incomeBeforeTax": 36427000,
    "incomeBeforeTaxRatio": 0.07996514,
    "incomeTaxExpense": -588000,
    "netIncome": 36679000,
    "netIncomeRatio": 0.0805183344,
    "eps": 0.76,
    "epsdiluted": 0.75,
    "weightedAverageShsOut": 48268000,
    "weightedAverageShsOutDil": 49177000,
    "link": "https://www.sec.gov/Archives/edgar/data/711404/000071140415000021/0000711404-15-000021-index.htm",
    "finalLink": "https://www.sec.gov/Archives/edgar/data/711404/000071140415000021/coo_20151031-10k.htm"
  },
  {
    "date": "2015-07-31",
    "symbol": "COO",
    "reportedCurrency": "USD",
    "cik": "0000711404",
    "fillingDate": "2015-09-04",
    "acceptedDate": "2015-09-04 16:04:57",
    "calendarYear": "2015",
    "period": "Q3",
    "revenue": 461678000,
    "costOfRevenue": 188791000,
    "grossProfit": 272887000,
    "grossProfitRatio": 0.5910764645,
    "researchAndDevelopmentExpenses": 18298000,
    "generalAndAdministrativeExpenses": 191783000,
    "sellingAndMarketingExpenses": 0,
    "sellingGeneralAndAdministrativeExpenses": 191783000,
    "otherExpenses": 12495000,
    "operatingExpenses": 222576000,
    "costAndExpenses": 411367000,
    "interestIncome": 0,
    "interestExpense": 4690000,
    "depreciationAndAmortization": 53909000,
    "ebitda": 103200000,
    "ebitdaratio": 0.2235324187,
    "operatingIncome": 50311000,
    "operatingIncomeRatio": 0.1089742201,
    "totalOtherIncomeExpensesNet": -5710000,
    "incomeBeforeTax": 44601000,
    "incomeBeforeTaxRatio": 0.0966062927,
    "incomeTaxExpense": -642000,
    "netIncome": 44951000,
    "netIncomeRatio": 0.0973643968,
    "eps": 0.92,
    "epsdiluted": 0.91,
    "weightedAverageShsOut": 48600000,
    "weightedAverageShsOutDil": 49244000,
    "link": "https://www.sec.gov/Archives/edgar/data/711404/000071140415000015/0000711404-15-000015-index.htm",
    "finalLink": "https://www.sec.gov/Archives/edgar/data/711404/000071140415000015/coo_20150731-10qq32015.htm"
  },
  {
    "date": "2015-04-30",
    "symbol": "COO",
    "reportedCurrency": "USD",
    "cik": "0000711404",
    "fillingDate": "2015-06-05",
    "acceptedDate": "2015-06-05 16:10:07",
    "calendarYear": "2015",
    "period": "Q2",
    "revenue": 434676000,
    "costOfRevenue": 166960000,
    "grossProfit": 267716000,
    "grossProfitRatio": 0.6158978181,
    "researchAndDevelopmentExpenses": 16819000,
    "generalAndAdministrativeExpenses": 167583000,
    "sellingAndMarketingExpenses": 0,
    "sellingGeneralAndAdministrativeExpenses": 167583000,
    "otherExpenses": 12316000,
    "operatingExpenses": 196718000,
    "costAndExpenses": 363678000,
    "interestIncome": 0,
    "interestExpense": 4692000,
    "depreciationAndAmortization": 44505000,
    "ebitda": 116189000,
    "ebitdaratio": 0.267300242,
    "operatingIncome": 70998000,
    "operatingIncomeRatio": 0.1633354499,
    "totalOtherIncomeExpensesNet": -4006000,
    "incomeBeforeTax": 66992000,
    "incomeBeforeTaxRatio": 0.1541193901,
    "incomeTaxExpense": 5855000,
    "netIncome": 60713000,
    "netIncomeRatio": 0.1396741481,
    "eps": 1.25,
    "epsdiluted": 1.23,
    "weightedAverageShsOut": 48463000,
    "weightedAverageShsOutDil": 49163000,
    "link": "https://www.sec.gov/Archives/edgar/data/711404/000071140415000011/0000711404-15-000011-index.htm",
    "finalLink": "https://www.sec.gov/Archives/edgar/data/711404/000071140415000011/coo_20150430-10qq22015.htm"
  },
  {
    "date": "2015-01-31",
    "symbol": "COO",
    "reportedCurrency": "USD",
    "cik": "0000711404",
    "fillingDate": "2015-03-06",
    "acceptedDate": "2015-03-06 16:19:04",
    "calendarYear": "2015",
    "period": "Q1",
    "revenue": 445171000,
    "costOfRevenue": 168820000,
    "grossProfit": 276351000,
    "grossProfitRatio": 0.6207749382,
    "researchAndDevelopmentExpenses": 16113000,
    "generalAndAdministrativeExpenses": 173535000,
    "sellingAndMarketingExpenses": 0,
    "sellingGeneralAndAdministrativeExpenses": 173535000,
    "otherExpenses": 13595000,
    "operatingExpenses": 203243000,
    "costAndExpenses": 372063000,
    "interestIncome": 0,
    "interestExpense": 3941000,
    "depreciationAndAmortization": 42884000,
    "ebitda": 114290000,
    "ebitdaratio": 0.256732806,
    "operatingIncome": 73108000,
    "operatingIncomeRatio": 0.1642245339,
    "totalOtherIncomeExpensesNet": -5643000,
    "incomeBeforeTax": 67465000,
    "incomeBeforeTaxRatio": 0.1515485061,
    "incomeTaxExpense": 5716000,
    "netIncome": 61179000,
    "netIncomeRatio": 0.1374280894,
    "eps": 1.27,
    "epsdiluted": 1.25,
    "weightedAverageShsOut": 48202000,
    "weightedAverageShsOutDil": 49082000,
    "link": "https://www.sec.gov/Archives/edgar/data/711404/000071140415000004/0000711404-15-000004-index.htm",
    "finalLink": "https://www.sec.gov/Archives/edgar/data/711404/000071140415000004/coo_20150131-10qq12015.htm"
  },
  {
    "date": "2014-10-31",
    "symbol": "COO",
    "reportedCurrency": "USD",
    "cik": "0000711404",
    "fillingDate": "2014-12-19",
    "acceptedDate": "2014-12-19 16:17:09",
    "calendarYear": "2014",
    "period": "Q4",
    "revenue": 467997000,
    "costOfRevenue": 188445000,
    "grossProfit": 279552000,
    "grossProfitRatio": 0.5973371624,
    "researchAndDevelopmentExpenses": 18182000,
    "generalAndAdministrativeExpenses": 208020000,
    "sellingAndMarketingExpenses": 0,
    "sellingGeneralAndAdministrativeExpenses": 208021000,
    "otherExpenses": 13975000,
    "operatingExpenses": 240177000,
    "costAndExpenses": 428622000,
    "interestIncome": 0,
    "interestExpense": 3251000,
    "depreciationAndAmortization": 42554000,
    "ebitda": 80681000,
    "ebitdaratio": 0.1723964043,
    "operatingIncome": 39375000,
    "operatingIncomeRatio": 0.0841351547,
    "totalOtherIncomeExpensesNet": -4500000,
    "incomeBeforeTax": 34875000,
    "incomeBeforeTaxRatio": 0.0745197085,
    "incomeTaxExpense": 3618000,
    "netIncome": 30787000,
    "netIncomeRatio": 0.0657846097,
    "eps": 0.64,
    "epsdiluted": 0.63,
    "weightedAverageShsOut": 48143000,
    "weightedAverageShsOutDil": 49126000,
    "link": "https://www.sec.gov/Archives/edgar/data/711404/000071140414000017/0000711404-14-000017-index.htm",
    "finalLink": "https://www.sec.gov/Archives/edgar/data/711404/000071140414000017/coo_20141031-10k.htm"
  },
  {
    "date": "2014-07-31",
    "symbol": "COO",
    "reportedCurrency": "USD",
    "cik": "0000711404",
    "fillingDate": "2014-09-05",
    "acceptedDate": "2014-09-05 16:02:42",
    "calendarYear": "2014",
    "period": "Q3",
    "revenue": 432482000,
    "costOfRevenue": 151892000,
    "grossProfit": 280590000,
    "grossProfitRatio": 0.6487900074,
    "researchAndDevelopmentExpenses": 16070000,
    "generalAndAdministrativeExpenses": 161203000,
    "sellingAndMarketingExpenses": 0,
    "sellingGeneralAndAdministrativeExpenses": 161203000,
    "otherExpenses": 6752000,
    "operatingExpenses": 184025000,
    "costAndExpenses": 335917000,
    "interestIncome": 0,
    "interestExpense": 1499000,
    "depreciationAndAmortization": 32502000,
    "ebitda": 128384000,
    "ebitdaratio": 0.2968539731,
    "operatingIncome": 96565000,
    "operatingIncomeRatio": 0.2232809689,
    "totalOtherIncomeExpensesNet": -2182000,
    "incomeBeforeTax": 94383000,
    "incomeBeforeTaxRatio": 0.2182356722,
    "incomeTaxExpense": 5711000,
    "netIncome": 88067000,
    "netIncomeRatio": 0.2036315962,
    "eps": 1.83,
    "epsdiluted": 1.8,
    "weightedAverageShsOut": 48042000,
    "weightedAverageShsOutDil": 48922000,
    "link": "https://www.sec.gov/Archives/edgar/data/711404/000071140414000013/0000711404-14-000013-index.htm",
    "finalLink": "https://www.sec.gov/Archives/edgar/data/711404/000071140414000013/coo_20140731-10qq32014.htm"
  },
  {
    "date": "2014-04-30",
    "symbol": "COO",
    "reportedCurrency": "USD",
    "cik": "0000711404",
    "fillingDate": "2014-06-06",
    "acceptedDate": "2014-06-06 16:12:36",
    "calendarYear": "2014",
    "period": "Q2",
    "revenue": 412317000,
    "costOfRevenue": 143818000,
    "grossProfit": 268499000,
    "grossProfitRatio": 0.6511955607,
    "researchAndDevelopmentExpenses": 16295000,
    "generalAndAdministrativeExpenses": 155804000,
    "sellingAndMarketingExpenses": 0,
    "sellingGeneralAndAdministrativeExpenses": 155804000,
    "otherExpenses": 7476000,
    "operatingExpenses": 179575000,
    "costAndExpenses": 323393000,
    "interestIncome": 0,
    "interestExpense": 1558000,
    "depreciationAndAmortization": 31750000,
    "ebitda": 121129000,
    "ebitdaratio": 0.2937763905,
    "operatingIncome": 88924000,
    "operatingIncomeRatio": 0.2156690119,
    "totalOtherIncomeExpensesNet": -1103000,
    "incomeBeforeTax": 87821000,
    "incomeBeforeTaxRatio": 0.2129938858,
    "incomeTaxExpense": 8185000,
    "netIncome": 79160000,
    "netIncomeRatio": 0.1919882033,
    "eps": 1.65,
    "epsdiluted": 1.62,
    "weightedAverageShsOut": 47919000,
    "weightedAverageShsOutDil": 48754000,
    "link": "https://www.sec.gov/Archives/edgar/data/711404/000071140414000009/0000711404-14-000009-index.htm",
    "finalLink": "https://www.sec.gov/Archives/edgar/data/711404/000071140414000009/coo_20140430-10qq22014.htm"
  },
  {
    "date": "2014-01-31",
    "symbol": "COO",
    "reportedCurrency": "USD",
    "cik": "0000711404",
    "fillingDate": "2014-03-07",
    "acceptedDate": "2014-03-07 16:13:24",
    "calendarYear": "2014",
    "period": "Q1",
    "revenue": 404980000,
    "costOfRevenue": 142051000,
    "grossProfit": 262929000,
    "grossProfitRatio": 0.6492394686,
    "researchAndDevelopmentExpenses": 15712000,
    "generalAndAdministrativeExpenses": 158088000,
    "sellingAndMarketingExpenses": 0,
    "sellingGeneralAndAdministrativeExpenses": 158088000,
    "otherExpenses": 7507000,
    "operatingExpenses": 181307000,
    "costAndExpenses": 323358000,
    "interestIncome": 0,
    "interestExpense": 1656000,
    "depreciationAndAmortization": 31395000,
    "ebitda": 112507000,
    "ebitdaratio": 0.2778087807,
    "operatingIncome": 81622000,
    "operatingIncomeRatio": 0.2015457553,
    "totalOtherIncomeExpensesNet": -2166000,
    "incomeBeforeTax": 79456000,
    "incomeBeforeTaxRatio": 0.1961973431,
    "incomeTaxExpense": 7191000,
    "netIncome": 71843000,
    "netIncomeRatio": 0.1773988839,
    "eps": 1.5,
    "epsdiluted": 1.47,
    "weightedAverageShsOut": 48006000,
    "weightedAverageShsOutDil": 49006000,
    "link": "https://www.sec.gov/Archives/edgar/data/711404/000071140414000004/0000711404-14-000004-index.htm",
    "finalLink": "https://www.sec.gov/Archives/edgar/data/711404/000071140414000004/coo_20140131-10qq12014.htm"
  },
  {
    "date": "2013-10-31",
    "symbol": "COO",
    "reportedCurrency": "USD",
    "cik": "0000711404",
    "fillingDate": "2013-12-20",
    "acceptedDate": "2013-12-20 16:09:34",
    "calendarYear": "2013",
    "period": "Q4",
    "revenue": 411852000,
    "costOfRevenue": 147994000,
    "grossProfit": 263858000,
    "grossProfitRatio": 0.6406621796,
    "researchAndDevelopmentExpenses": 15819000,
    "generalAndAdministrativeExpenses": 0,
    "sellingAndMarketingExpenses": 0,
    "sellingGeneralAndAdministrativeExpenses": 157247000,
    "otherExpenses": 7686000,
    "operatingExpenses": 180753000,
    "costAndExpenses": 328747000,
    "interestIncome": 0,
    "interestExpense": 1900000,
    "depreciationAndAmortization": 31763000,
    "ebitda": 94755000,
    "ebitdaratio": 0.2300705108,
    "operatingIncome": 62043000,
    "operatingIncomeRatio": 0.1506439206,
    "totalOtherIncomeExpensesNet": -951000,
    "incomeBeforeTax": 61092000,
    "incomeBeforeTaxRatio": 0.1483348387,
    "incomeTaxExpense": 3779000,
    "netIncome": 57396000,
    "netIncomeRatio": 0.1393607412,
    "eps": 1.2,
    "epsdiluted": 1.15,
    "weightedAverageShsOut": 47995000,
    "weightedAverageShsOutDil": 49723000,
    "link": "https://www.sec.gov/Archives/edgar/data/711404/000071140413000012/0000711404-13-000012-index.htm",
    "finalLink": "https://www.sec.gov/Archives/edgar/data/711404/000071140413000012/coo_20131031-10k.htm"
  },
  {
    "date": "2013-07-31",
    "symbol": "COO",
    "reportedCurrency": "USD",
    "cik": "0000711404",
    "fillingDate": "2013-09-06",
    "acceptedDate": "2013-09-06 16:01:59",
    "calendarYear": "2013",
    "period": "Q3",
    "revenue": 411993000,
    "costOfRevenue": 143719000,
    "grossProfit": 268274000,
    "grossProfitRatio": 0.6511615489,
    "researchAndDevelopmentExpenses": 14865000,
    "generalAndAdministrativeExpenses": 152141000,
    "sellingAndMarketingExpenses": 0,
    "sellingGeneralAndAdministrativeExpenses": 152141000,
    "otherExpenses": 7660000,
    "operatingExpenses": 174666000,
    "costAndExpenses": 318385000,
    "interestIncome": 0,
    "interestExpense": 2258000,
    "depreciationAndAmortization": 31117000,
    "ebitda": 124639000,
    "ebitdaratio": 0.3025269847,
    "operatingIncome": 93608000,
    "operatingIncomeRatio": 0.2272077438,
    "totalOtherIncomeExpensesNet": -2344000,
    "incomeBeforeTax": 91264000,
    "incomeBeforeTaxRatio": 0.2215183268,
    "incomeTaxExpense": 2072000,
    "netIncome": 88951000,
    "netIncomeRatio": 0.2159041537,
    "eps": 1.82,
    "epsdiluted": 1.79,
    "weightedAverageShsOut": 48791000,
    "weightedAverageShsOutDil": 49754000,
    "link": "https://www.sec.gov/Archives/edgar/data/711404/000071140413000008/0000711404-13-000008-index.htm",
    "finalLink": "https://www.sec.gov/Archives/edgar/data/711404/000071140413000008/coo_20130731-10q.htm"
  },
  {
    "date": "2013-04-30",
    "symbol": "COO",
    "reportedCurrency": "USD",
    "cik": "0000711404",
    "fillingDate": "2013-06-07",
    "acceptedDate": "2013-06-07 16:21:48",
    "calendarYear": "2013",
    "period": "Q2",
    "revenue": 384041000,
    "costOfRevenue": 129862000,
    "grossProfit": 254179000,
    "grossProfitRatio": 0.6618538125,
    "researchAndDevelopmentExpenses": 14490000,
    "generalAndAdministrativeExpenses": 150693000,
    "sellingAndMarketingExpenses": 0,
    "sellingGeneralAndAdministrativeExpenses": 150693000,
    "otherExpenses": 7523000,
    "operatingExpenses": 172706000,
    "costAndExpenses": 302568000,
    "interestIncome": 0,
    "interestExpense": 2444000,
    "depreciationAndAmortization": 30944000,
    "ebitda": 112328000,
    "ebitdaratio": 0.292489604,
    "operatingIncome": 81473000,
    "operatingIncomeRatio": 0.2121466198,
    "totalOtherIncomeExpensesNet": -2533000,
    "incomeBeforeTax": 78940000,
    "incomeBeforeTaxRatio": 0.2055509698,
    "incomeTaxExpense": 3473000,
    "netIncome": 75136000,
    "netIncomeRatio": 0.1956457774,
    "eps": 1.55,
    "epsdiluted": 1.52,
    "weightedAverageShsOut": 48494000,
    "weightedAverageShsOutDil": 49478000,
    "link": "https://www.sec.gov/Archives/edgar/data/711404/000071140413000006/0000711404-13-000006-index.htm",
    "finalLink": "https://www.sec.gov/Archives/edgar/data/711404/000071140413000006/coo_20130430-10q.htm"
  },
  {
    "date": "2013-01-31",
    "symbol": "COO",
    "reportedCurrency": "USD",
    "cik": "0000711404",
    "fillingDate": "2013-03-08",
    "acceptedDate": "2013-03-08 16:04:00",
    "calendarYear": "2013",
    "period": "Q1",
    "revenue": 379839000,
    "costOfRevenue": 139341000,
    "grossProfit": 240498000,
    "grossProfitRatio": 0.6331577326,
    "researchAndDevelopmentExpenses": 13653000,
    "generalAndAdministrativeExpenses": -14084000,
    "sellingAndMarketingExpenses": 0,
    "sellingGeneralAndAdministrativeExpenses": 136569000,
    "otherExpenses": 7371000,
    "operatingExpenses": 157593000,
    "costAndExpenses": 296934000,
    "interestIncome": 0,
    "interestExpense": 2567000,
    "depreciationAndAmortization": 31525000,
    "ebitda": 115068000,
    "ebitdaratio": 0.3029388767,
    "operatingIncome": 68821000,
    "operatingIncomeRatio": 0.1811846598,
    "totalOtherIncomeExpensesNet": 12155000,
    "incomeBeforeTax": 80976000,
    "incomeBeforeTaxRatio": 0.21318506,
    "incomeTaxExpense": 6041000,
    "netIncome": 74667000,
    "netIncomeRatio": 0.1965753912,
    "eps": 1.54,
    "epsdiluted": 1.5,
    "weightedAverageShsOut": 48476000,
    "weightedAverageShsOutDil": 49633000,
    "link": "https://www.sec.gov/Archives/edgar/data/711404/000071140413000003/0000711404-13-000003-index.htm",
    "finalLink": "https://www.sec.gov/Archives/edgar/data/711404/000071140413000003/coo_20130131-10q.htm"
  },
  {
    "date": "2012-10-31",
    "symbol": "COO",
    "reportedCurrency": "USD",
    "cik": "0000711404",
    "fillingDate": "2012-12-20",
    "acceptedDate": "2012-12-19 19:21:01",
    "calendarYear": "2012",
    "period": "Q4",
    "revenue": 396301000,
    "costOfRevenue": 143537000,
    "grossProfit": 252764000,
    "grossProfitRatio": 0.6378081307,
    "researchAndDevelopmentExpenses": 14119000,
    "generalAndAdministrativeExpenses": 0,
    "sellingAndMarketingExpenses": 0,
    "sellingGeneralAndAdministrativeExpenses": 147363000,
    "otherExpenses": 7302000,
    "operatingExpenses": 168784000,
    "costAndExpenses": 312321000,
    "interestIncome": 0,
    "interestExpense": 2723000,
    "depreciationAndAmortization": 30819000,
    "ebitda": 116258000,
    "ebitdaratio": 0.2933578265,
    "operatingIncome": 78980000,
    "operatingIncomeRatio": 0.1992929617,
    "totalOtherIncomeExpensesNet": 3737000,
    "incomeBeforeTax": 82639000,
    "incomeBeforeTaxRatio": 0.2085258427,
    "incomeTaxExpense": 10492000,
    "netIncome": 71920000,
    "netIncomeRatio": 0.1814782198,
    "eps": 1.48,
    "epsdiluted": 1.46,
    "weightedAverageShsOut": 48440000,
    "weightedAverageShsOutDil": 49386000,
    "link": "https://www.sec.gov/Archives/edgar/data/711404/000071140412000011/0000711404-12-000011-index.htm",
    "finalLink": "https://www.sec.gov/Archives/edgar/data/711404/000071140412000011/coo_20121031-10k.htm"
  },
  {
    "date": "2012-07-31",
    "symbol": "COO",
    "reportedCurrency": "USD",
    "cik": "0000711404",
    "fillingDate": "2012-09-07",
    "acceptedDate": "2012-09-07 16:16:05",
    "calendarYear": "2012",
    "period": "Q3",
    "revenue": 378186000,
    "costOfRevenue": 138089000,
    "grossProfit": 240097000,
    "grossProfitRatio": 0.6348648549,
    "researchAndDevelopmentExpenses": 13156000,
    "generalAndAdministrativeExpenses": 143830000,
    "sellingAndMarketingExpenses": 0,
    "sellingGeneralAndAdministrativeExpenses": 143830000,
    "otherExpenses": 5861000,
    "operatingExpenses": 162847000,
    "costAndExpenses": 300936000,
    "interestIncome": 0,
    "interestExpense": 2315000,
    "depreciationAndAmortization": 27825000,
    "ebitda": 101527000,
    "ebitdaratio": 0.2684578488,
    "operatingIncome": 77250000,
    "operatingIncomeRatio": 0.2042645682,
    "totalOtherIncomeExpensesNet": -5863000,
    "incomeBeforeTax": 71308000,
    "incomeBeforeTaxRatio": 0.1885527227,
    "incomeTaxExpense": 4433000,
    "netIncome": 66875000,
    "netIncomeRatio": 0.1768309773,
    "eps": 1.39,
    "epsdiluted": 1.36,
    "weightedAverageShsOut": 48110000,
    "weightedAverageShsOutDil": 49302000,
    "link": "https://www.sec.gov/Archives/edgar/data/711404/000071140412000004/0000711404-12-000004-index.htm",
    "finalLink": "https://www.sec.gov/Archives/edgar/data/711404/000071140412000004/coo_2012731-10q.htm"
  },
  {
    "date": "2012-04-30",
    "symbol": "COO",
    "reportedCurrency": "USD",
    "cik": "0000711404",
    "fillingDate": "2012-06-08",
    "acceptedDate": "2012-06-08 16:06:55",
    "calendarYear": "2012",
    "period": "Q2",
    "revenue": 344589000,
    "costOfRevenue": 123893000,
    "grossProfit": 220696000,
    "grossProfitRatio": 0.6404615353,
    "researchAndDevelopmentExpenses": 13031000,
    "generalAndAdministrativeExpenses": 136962000,
    "sellingAndMarketingExpenses": 0,
    "sellingGeneralAndAdministrativeExpenses": 136962000,
    "otherExpenses": 5263000,
    "operatingExpenses": 155256000,
    "costAndExpenses": 279149000,
    "interestIncome": 0,
    "interestExpense": 3071000,
    "depreciationAndAmortization": 26754000,
    "ebitda": 92504000,
    "ebitdaratio": 0.2684473387,
    "operatingIncome": 65440000,
    "operatingIncomeRatio": 0.1899073969,
    "totalOtherIncomeExpensesNet": -2761000,
    "incomeBeforeTax": 62679000,
    "incomeBeforeTaxRatio": 0.1818949531,
    "incomeTaxExpense": 7758000,
    "netIncome": 54921000,
    "netIncomeRatio": 0.1593811758,
    "eps": 1.15,
    "epsdiluted": 1.12,
    "weightedAverageShsOut": 47708000,
    "weightedAverageShsOutDil": 49007000,
    "link": "https://www.sec.gov/Archives/edgar/data/711404/000119312512265149/0001193125-12-265149-index.htm",
    "finalLink": "https://www.sec.gov/Archives/edgar/data/711404/000119312512265149/d341475d10q.htm"
  },
  {
    "date": "2012-01-31",
    "symbol": "COO",
    "reportedCurrency": "USD",
    "cik": "0000711404",
    "fillingDate": "2012-03-09",
    "acceptedDate": "2012-03-09 16:05:57",
    "calendarYear": "2012",
    "period": "Q1",
    "revenue": 326060000,
    "costOfRevenue": 115607000,
    "grossProfit": 210453000,
    "grossProfitRatio": 0.6454425566,
    "researchAndDevelopmentExpenses": 11425000,
    "generalAndAdministrativeExpenses": 131748000,
    "sellingAndMarketingExpenses": 0,
    "sellingGeneralAndAdministrativeExpenses": 131748000,
    "otherExpenses": 5552000,
    "operatingExpenses": 148725000,
    "costAndExpenses": 264332000,
    "interestIncome": 0,
    "interestExpense": 3662000,
    "depreciationAndAmortization": 25816000,
    "ebitda": 88225000,
    "ebitdaratio": 0.2705790345,
    "operatingIncome": 61728000,
    "operatingIncomeRatio": 0.18931485,
    "totalOtherIncomeExpensesNet": -2981000,
    "incomeBeforeTax": 58747000,
    "incomeBeforeTaxRatio": 0.1801723609,
    "incomeTaxExpense": 4124000,
    "netIncome": 54623000,
    "netIncomeRatio": 0.167524382,
    "eps": 1.15,
    "epsdiluted": 1.12,
    "weightedAverageShsOut": 47674000,
    "weightedAverageShsOutDil": 48792000,
    "link": "https://www.sec.gov/Archives/edgar/data/711404/000119312512106892/0001193125-12-106892-index.htm",
    "finalLink": "https://www.sec.gov/Archives/edgar/data/711404/000119312512106892/d287933d10q.htm"
  },
  {
    "date": "2011-10-31",
    "symbol": "COO",
    "reportedCurrency": "USD",
    "cik": "0000711404",
    "fillingDate": "2011-12-16",
    "acceptedDate": "2011-12-16 16:17:25",
    "calendarYear": "2011",
    "period": "Q4",
    "revenue": 360909000,
    "costOfRevenue": 137276000,
    "grossProfit": 223633000,
    "grossProfitRatio": 0.6196381913,
    "researchAndDevelopmentExpenses": 11738000,
    "generalAndAdministrativeExpenses": 0,
    "sellingAndMarketingExpenses": 0,
    "sellingGeneralAndAdministrativeExpenses": 139685000,
    "otherExpenses": 5589000,
    "operatingExpenses": 157012000,
    "costAndExpenses": 294288000,
    "interestIncome": 0,
    "interestExpense": 2906000,
    "depreciationAndAmortization": 26339000,
    "ebitda": 92125000,
    "ebitdaratio": 0.2552582507,
    "operatingIncome": 66621000,
    "operatingIncomeRatio": 0.1845922379,
    "totalOtherIncomeExpensesNet": -3741000,
    "incomeBeforeTax": 62880000,
    "incomeBeforeTaxRatio": 0.1742267441,
    "incomeTaxExpense": 6242000,
    "netIncome": 56638000,
    "netIncomeRatio": 0.1569315257,
    "eps": 1.2,
    "epsdiluted": 1.2,
    "weightedAverageShsOut": 47355596,
    "weightedAverageShsOutDil": 47355596,
    "link": "https://www.sec.gov/Archives/edgar/data/711404/000119312511343993/0001193125-11-343993-index.htm",
    "finalLink": "https://www.sec.gov/Archives/edgar/data/711404/000119312511343993/d238160d10k.htm"
  },
  {
    "date": "2011-07-31",
    "symbol": "COO",
    "reportedCurrency": "USD",
    "cik": "0000711404",
    "fillingDate": "2011-09-02",
    "acceptedDate": "2011-09-02 17:22:31",
    "calendarYear": "2011",
    "period": "Q3",
    "revenue": 351396000,
    "costOfRevenue": 148594000,
    "grossProfit": 202802000,
    "grossProfitRatio": 0.5771323521,
    "researchAndDevelopmentExpenses": 11725000,
    "generalAndAdministrativeExpenses": 0,
    "sellingAndMarketingExpenses": 0,
    "sellingGeneralAndAdministrativeExpenses": 133617000,
    "otherExpenses": 5493000,
    "operatingExpenses": 150835000,
    "costAndExpenses": 299429000,
    "interestIncome": 0,
    "interestExpense": 3217000,
    "depreciationAndAmortization": 25405000,
    "ebitda": 77758000,
    "ebitdaratio": 0.2212831108,
    "operatingIncome": 51967000,
    "operatingIncomeRatio": 0.1478872839,
    "totalOtherIncomeExpensesNet": -2831000,
    "incomeBeforeTax": 43056000,
    "incomeBeforeTaxRatio": 0.1225284295,
    "incomeTaxExpense": 4919000,
    "netIncome": 38137000,
    "netIncomeRatio": 0.1085299776,
    "eps": 0.93,
    "epsdiluted": 0.9,
    "weightedAverageShsOut": 47322000,
    "weightedAverageShsOutDil": 49009000,
    "link": "https://www.sec.gov/Archives/edgar/data/711404/000119312511240289/0001193125-11-240289-index.htm",
    "finalLink": "https://www.sec.gov/Archives/edgar/data/711404/000119312511240289/d10q.htm"
  },
  {
    "date": "2011-04-30",
    "symbol": "COO",
    "reportedCurrency": "USD",
    "cik": "0000711404",
    "fillingDate": "2011-06-03",
    "acceptedDate": "2011-06-03 16:06:50",
    "calendarYear": "2011",
    "period": "Q2",
    "revenue": 325301000,
    "costOfRevenue": 123539000,
    "grossProfit": 201762000,
    "grossProfitRatio": 0.6202317238,
    "researchAndDevelopmentExpenses": 10390000,
    "generalAndAdministrativeExpenses": 0,
    "sellingAndMarketingExpenses": 0,
    "sellingGeneralAndAdministrativeExpenses": 126382000,
    "otherExpenses": 4734000,
    "operatingExpenses": 141506000,
    "costAndExpenses": 265045000,
    "interestIncome": 0,
    "interestExpense": 4268000,
    "depreciationAndAmortization": 23511000,
    "ebitda": 67499000,
    "ebitdaratio": 0.2074970566,
    "operatingIncome": 60256000,
    "operatingIncomeRatio": 0.185231524,
    "totalOtherIncomeExpensesNet": -20536000,
    "incomeBeforeTax": 39720000,
    "incomeBeforeTaxRatio": 0.1221022991,
    "incomeTaxExpense": 4360000,
    "netIncome": 35360000,
    "netIncomeRatio": 0.1086993277,
    "eps": 0.76,
    "epsdiluted": 0.73,
    "weightedAverageShsOut": 46506000,
    "weightedAverageShsOutDil": 48239000,
    "link": "https://www.sec.gov/Archives/edgar/data/711404/000119312511158432/0001193125-11-158432-index.htm",
    "finalLink": "https://www.sec.gov/Archives/edgar/data/711404/000119312511158432/d10q.htm"
  },
  {
    "date": "2011-01-31",
    "symbol": "COO",
    "reportedCurrency": "USD",
    "cik": "0000711404",
    "fillingDate": "2011-03-04",
    "acceptedDate": "2011-03-04 16:09:53",
    "calendarYear": "2011",
    "period": "Q1",
    "revenue": 293229000,
    "costOfRevenue": 116623000,
    "grossProfit": 176606000,
    "grossProfitRatio": 0.6022801292,
    "researchAndDevelopmentExpenses": 9727000,
    "generalAndAdministrativeExpenses": 0,
    "sellingAndMarketingExpenses": 0,
    "sellingGeneralAndAdministrativeExpenses": 113453000,
    "otherExpenses": 4713000,
    "operatingExpenses": 127893000,
    "costAndExpenses": 244516000,
    "interestIncome": 0,
    "interestExpense": 6951000,
    "depreciationAndAmortization": 22894000,
    "ebitda": 70873000,
    "ebitdaratio": 0.2416984678,
    "operatingIncome": 48713000,
    "operatingIncomeRatio": 0.1661261335,
    "totalOtherIncomeExpensesNet": -7685000,
    "incomeBeforeTax": 47108000,
    "incomeBeforeTaxRatio": 0.1606525958,
    "incomeTaxExpense": 1813000,
    "netIncome": 45295000,
    "netIncomeRatio": 0.1544697148,
    "eps": 0.85,
    "epsdiluted": 0.83,
    "weightedAverageShsOut": 45986000,
    "weightedAverageShsOutDil": 47391000,
    "link": "https://www.sec.gov/Archives/edgar/data/711404/000119312511056256/0001193125-11-056256-index.htm",
    "finalLink": "https://www.sec.gov/Archives/edgar/data/711404/000119312511056256/d10q.htm"
  },
  {
    "date": "2010-10-31",
    "symbol": "COO",
    "reportedCurrency": "USD",
    "cik": "0000711404",
    "fillingDate": "2010-12-17",
    "acceptedDate": "2010-12-17 16:08:16",
    "calendarYear": "2010",
    "period": "Q4",
    "revenue": 313352000,
    "costOfRevenue": 125871000,
    "grossProfit": 187481000,
    "grossProfitRatio": 0.5983079731,
    "researchAndDevelopmentExpenses": 10486000,
    "generalAndAdministrativeExpenses": 0,
    "sellingAndMarketingExpenses": 0,
    "sellingGeneralAndAdministrativeExpenses": 109874000,
    "otherExpenses": 4617000,
    "operatingExpenses": 124977000,
    "costAndExpenses": 250848000,
    "interestIncome": 0,
    "interestExpense": 7984000,
    "depreciationAndAmortization": 23216000,
    "ebitda": 85076000,
    "ebitdaratio": 0.2715029743,
    "operatingIncome": 62504000,
    "operatingIncomeRatio": 0.1994689678,
    "totalOtherIncomeExpensesNet": -8628000,
    "incomeBeforeTax": 53876000,
    "incomeBeforeTaxRatio": 0.1719344379,
    "incomeTaxExpense": 5678000,
    "netIncome": 48198000,
    "netIncomeRatio": 0.1538142409,
    "eps": 1.04,
    "epsdiluted": 1.04,
    "weightedAverageShsOut": 45743000,
    "weightedAverageShsOutDil": 46191000,
    "link": "https://www.sec.gov/Archives/edgar/data/711404/000119312510283357/0001193125-10-283357-index.htm",
    "finalLink": "https://www.sec.gov/Archives/edgar/data/711404/000119312510283357/d10k.htm"
  },
  {
    "date": "2010-07-31",
    "symbol": "COO",
    "reportedCurrency": "USD",
    "cik": "0000711404",
    "fillingDate": "2010-09-03",
    "acceptedDate": "2010-09-03 16:01:12",
    "calendarYear": "2010",
    "period": "Q3",
    "revenue": 295635000,
    "costOfRevenue": 119649000,
    "grossProfit": 175986000,
    "grossProfitRatio": 0.5952813435,
    "researchAndDevelopmentExpenses": 8588000,
    "generalAndAdministrativeExpenses": 0,
    "sellingAndMarketingExpenses": 0,
    "sellingGeneralAndAdministrativeExpenses": 111265000,
    "otherExpenses": 4723000,
    "operatingExpenses": 124576000,
    "costAndExpenses": 244225000,
    "interestIncome": 0,
    "interestExpense": 8729000,
    "depreciationAndAmortization": 23888000,
    "ebitda": 76269000,
    "ebitdaratio": 0.2579836623,
    "operatingIncome": 51396000,
    "operatingIncomeRatio": 0.1738495104,
    "totalOtherIncomeExpensesNet": -7744000,
    "incomeBeforeTax": 43652000,
    "incomeBeforeTaxRatio": 0.1476550476,
    "incomeTaxExpense": 3925000,
    "netIncome": 39727000,
    "netIncomeRatio": 0.1343785411,
    "eps": 0.87,
    "epsdiluted": 0.86,
    "weightedAverageShsOut": 45605000,
    "weightedAverageShsOutDil": 46402000,
    "link": "https://www.sec.gov/Archives/edgar/data/711404/000119312510204827/0001193125-10-204827-index.htm",
    "finalLink": "https://www.sec.gov/Archives/edgar/data/711404/000119312510204827/d10q.htm"
  },
  {
    "date": "2010-04-30",
    "symbol": "COO",
    "reportedCurrency": "USD",
    "cik": "0000711404",
    "fillingDate": "2010-06-04",
    "acceptedDate": "2010-06-04 16:06:32",
    "calendarYear": "2010",
    "period": "Q2",
    "revenue": 289271000,
    "costOfRevenue": 125778000,
    "grossProfit": 163493000,
    "grossProfitRatio": 0.5651897356,
    "researchAndDevelopmentExpenses": 8573000,
    "generalAndAdministrativeExpenses": 0,
    "sellingAndMarketingExpenses": 0,
    "sellingGeneralAndAdministrativeExpenses": 111340000,
    "otherExpenses": 4499000,
    "operatingExpenses": 124412000,
    "costAndExpenses": 250190000,
    "interestIncome": 0,
    "interestExpense": 9730000,
    "depreciationAndAmortization": 23992000,
    "ebitda": 36194000,
    "ebitdaratio": 0.1251214259,
    "operatingIncome": 39034000,
    "operatingIncomeRatio": 0.1349392093,
    "totalOtherIncomeExpensesNet": -36562000,
    "incomeBeforeTax": 2472000,
    "incomeBeforeTaxRatio": 0.0085456199,
    "incomeTaxExpense": -1984000,
    "netIncome": 4456000,
    "netIncomeRatio": 0.0154042403,
    "eps": 0.1,
    "epsdiluted": 0.1,
    "weightedAverageShsOut": 45481000,
    "weightedAverageShsOutDil": 46367000,
    "link": "https://www.sec.gov/Archives/edgar/data/711404/000119312510132993/0001193125-10-132993-index.htm",
    "finalLink": "https://www.sec.gov/Archives/edgar/data/711404/000119312510132993/d10q.htm"
  },
  {
    "date": "2010-01-31",
    "symbol": "COO",
    "reportedCurrency": "USD",
    "cik": "0000711404",
    "fillingDate": "2010-03-05",
    "acceptedDate": "2010-03-05 16:33:31",
    "calendarYear": "2010",
    "period": "Q1",
    "revenue": 260258000,
    "costOfRevenue": 110495000,
    "grossProfit": 149763000,
    "grossProfitRatio": 0.5754405244,
    "researchAndDevelopmentExpenses": 7626000,
    "generalAndAdministrativeExpenses": 0,
    "sellingAndMarketingExpenses": 0,
    "sellingGeneralAndAdministrativeExpenses": 100578000,
    "otherExpenses": 4217000,
    "operatingExpenses": 112421000,
    "costAndExpenses": 222916000,
    "interestIncome": 0,
    "interestExpense": 10225000,
    "depreciationAndAmortization": 22905000,
    "ebitda": 57556000,
    "ebitdaratio": 0.2211497821,
    "operatingIncome": 36979000,
    "operatingIncomeRatio": 0.1420859301,
    "totalOtherIncomeExpensesNet": -12553000,
    "incomeBeforeTax": 24426000,
    "incomeBeforeTaxRatio": 0.0938530228,
    "incomeTaxExpense": 4003000,
    "netIncome": 20423000,
    "netIncomeRatio": 0.0784721315,
    "eps": 0.45,
    "epsdiluted": 0.44,
    "weightedAverageShsOut": 45293000,
    "weightedAverageShsOutDil": 46123000,
    "link": "https://www.sec.gov/Archives/edgar/data/711404/000119312510048991/0001193125-10-048991-index.htm",
    "finalLink": "https://www.sec.gov/Archives/edgar/data/711404/000119312510048991/d10q.htm"
  },
  {
    "date": "2009-10-31",
    "symbol": "COO",
    "reportedCurrency": "USD",
    "cik": "0000711404",
    "fillingDate": "2009-12-21",
    "acceptedDate": "2009-12-18 19:01:51",
    "calendarYear": "2009",
    "period": "Q4",
    "revenue": 283455000,
    "costOfRevenue": 124547000,
    "grossProfit": 158908000,
    "grossProfitRatio": 0.5606110317,
    "researchAndDevelopmentExpenses": 8266000,
    "generalAndAdministrativeExpenses": 0,
    "sellingAndMarketingExpenses": 0,
    "sellingGeneralAndAdministrativeExpenses": 102858000,
    "otherExpenses": 5370000,
    "operatingExpenses": 116494000,
    "costAndExpenses": 241041000,
    "interestIncome": 0,
    "interestExpense": 10771000,
    "depreciationAndAmortization": 24609000,
    "ebitda": 67418000,
    "ebitdaratio": 0.2378437494,
    "operatingIncome": 41943000,
    "operatingIncomeRatio": 0.1479705773,
    "totalOtherIncomeExpensesNet": -9905000,
    "incomeBeforeTax": 32038000,
    "incomeBeforeTaxRatio": 0.1130267591,
    "incomeTaxExpense": 1920000,
    "netIncome": 30118000,
    "netIncomeRatio": 0.1062531972,
    "eps": 0.66,
    "epsdiluted": 0.66,
    "weightedAverageShsOut": 45200000,
    "weightedAverageShsOutDil": 45413000,
    "link": "https://www.sec.gov/Archives/edgar/data/711404/000119312509256112/0001193125-09-256112-index.htm",
    "finalLink": "https://www.sec.gov/Archives/edgar/data/711404/000119312509256112/d10k.htm"
  },
  {
    "date": "2009-07-31",
    "symbol": "COO",
    "reportedCurrency": "USD",
    "cik": "0000711404",
    "fillingDate": "2009-09-04",
    "acceptedDate": "2009-09-04 16:05:38",
    "calendarYear": "2009",
    "period": "Q3",
    "revenue": 285230000,
    "costOfRevenue": 138835000,
    "grossProfit": 146395000,
    "grossProfitRatio": 0.5132524629,
    "researchAndDevelopmentExpenses": 7737000,
    "generalAndAdministrativeExpenses": 0,
    "sellingAndMarketingExpenses": 0,
    "sellingGeneralAndAdministrativeExpenses": 100038000,
    "otherExpenses": 4233000,
    "operatingExpenses": 112008000,
    "costAndExpenses": 250843000,
    "interestIncome": 0,
    "interestExpense": 11085000,
    "depreciationAndAmortization": 21987000,
    "ebitda": 55757000,
    "ebitdaratio": 0.19548084,
    "operatingIncome": 33925000,
    "operatingIncomeRatio": 0.1189391018,
    "totalOtherIncomeExpensesNet": -11240000,
    "incomeBeforeTax": 22685000,
    "incomeBeforeTaxRatio": 0.0795323073,
    "incomeTaxExpense": 777000,
    "netIncome": 21908000,
    "netIncomeRatio": 0.0768081899,
    "eps": 0.48,
    "epsdiluted": 0.48,
    "weightedAverageShsOut": 45180000,
    "weightedAverageShsOutDil": 45694000,
    "link": "https://www.sec.gov/Archives/edgar/data/711404/000119312509187782/0001193125-09-187782-index.htm",
    "finalLink": "https://www.sec.gov/Archives/edgar/data/711404/000119312509187782/d10q.htm"
  },
  {
    "date": "2009-04-30",
    "symbol": "COO",
    "reportedCurrency": "USD",
    "cik": "0000711404",
    "fillingDate": "2009-06-05",
    "acceptedDate": "2009-06-05 16:06:09",
    "calendarYear": "2009",
    "period": "Q2",
    "revenue": 260594000,
    "costOfRevenue": 111537000,
    "grossProfit": 149057000,
    "grossProfitRatio": 0.5719893781,
    "researchAndDevelopmentExpenses": 10065000,
    "generalAndAdministrativeExpenses": 0,
    "sellingAndMarketingExpenses": 0,
    "sellingGeneralAndAdministrativeExpenses": 93705000,
    "otherExpenses": 4080000,
    "operatingExpenses": 107850000,
    "costAndExpenses": 219387000,
    "interestIncome": 0,
    "interestExpense": 10830000,
    "depreciationAndAmortization": 21006000,
    "ebitda": 62473000,
    "ebitdaratio": 0.2397330714,
    "operatingIncome": 41207000,
    "operatingIncomeRatio": 0.1581272017,
    "totalOtherIncomeExpensesNet": -10570000,
    "incomeBeforeTax": 30637000,
    "incomeBeforeTaxRatio": 0.1175660222,
    "incomeTaxExpense": 5988000,
    "netIncome": 24649000,
    "netIncomeRatio": 0.0945877495,
    "eps": 0.55,
    "epsdiluted": 0.54,
    "weightedAverageShsOut": 45170000,
    "weightedAverageShsOutDil": 45523000,
    "link": "https://www.sec.gov/Archives/edgar/data/711404/000119312509126167/0001193125-09-126167-index.htm",
    "finalLink": "https://www.sec.gov/Archives/edgar/data/711404/000119312509126167/d10q.htm"
  },
  {
    "date": "2009-01-31",
    "symbol": "COO",
    "reportedCurrency": "USD",
    "cik": "0000711404",
    "fillingDate": "2009-03-06",
    "acceptedDate": "2009-03-06 16:24:02",
    "calendarYear": "2009",
    "period": "Q1",
    "revenue": 251142000,
    "costOfRevenue": 109007000,
    "grossProfit": 142135000,
    "grossProfitRatio": 0.5659547188,
    "researchAndDevelopmentExpenses": 7232000,
    "generalAndAdministrativeExpenses": 0,
    "sellingAndMarketingExpenses": 0,
    "sellingGeneralAndAdministrativeExpenses": 94992000,
    "otherExpenses": 4177000,
    "operatingExpenses": 106401000,
    "costAndExpenses": 215408000,
    "interestIncome": 0,
    "interestExpense": 11457000,
    "depreciationAndAmortization": 25000000,
    "ebitda": 65925000,
    "ebitdaratio": 0.2625008959,
    "operatingIncome": 32780000,
    "operatingIncomeRatio": 0.1305237674,
    "totalOtherIncomeExpensesNet": -3312000,
    "incomeBeforeTax": 29468000,
    "incomeBeforeTaxRatio": 0.1173360091,
    "incomeTaxExpense": 5595000,
    "netIncome": 23873000,
    "netIncomeRatio": 0.0950577761,
    "eps": 0.53,
    "epsdiluted": 0.53,
    "weightedAverageShsOut": 45141000,
    "weightedAverageShsOutDil": 45141000,
    "link": "https://www.sec.gov/Archives/edgar/data/711404/000119312509047552/0001193125-09-047552-index.htm",
    "finalLink": "https://www.sec.gov/Archives/edgar/data/711404/000119312509047552/d10q.htm"
  },
  {
    "date": "2008-10-31",
    "symbol": "COO",
    "reportedCurrency": "USD",
    "cik": "0000711404",
    "fillingDate": "2008-12-19",
    "acceptedDate": "2008-12-19 16:17:14",
    "calendarYear": "2008",
    "period": "Q4",
    "revenue": 268809000,
    "costOfRevenue": 106765000,
    "grossProfit": 162044000,
    "grossProfitRatio": 0.6028220781,
    "researchAndDevelopmentExpenses": 9190000,
    "generalAndAdministrativeExpenses": 0,
    "sellingAndMarketingExpenses": 0,
    "sellingGeneralAndAdministrativeExpenses": 101256000,
    "otherExpenses": 4096000,
    "operatingExpenses": 114542000,
    "costAndExpenses": 221307000,
    "interestIncome": 0,
    "interestExpense": 16145000,
    "depreciationAndAmortization": 19794000,
    "ebitda": 67296000,
    "ebitdaratio": 0.2503487606,
    "operatingIncome": 47502000,
    "operatingIncomeRatio": 0.1767128333,
    "totalOtherIncomeExpensesNet": -14244000,
    "incomeBeforeTax": 33258000,
    "incomeBeforeTaxRatio": 0.123723536,
    "incomeTaxExpense": 3779000,
    "netIncome": 29479000,
    "netIncomeRatio": 0.109665227,
    "eps": 0.65,
    "epsdiluted": 0.65,
    "weightedAverageShsOut": 45058000,
    "weightedAverageShsOutDil": 45166742,
    "link": "https://www.sec.gov/Archives/edgar/data/711404/000119312508257120/0001193125-08-257120-index.htm",
    "finalLink": "https://www.sec.gov/Archives/edgar/data/711404/000119312508257120/d10k.htm"
  },
  {
    "date": "2008-07-31",
    "symbol": "COO",
    "reportedCurrency": "USD",
    "cik": "0000711404",
    "fillingDate": "2008-09-08",
    "acceptedDate": "2008-09-08 10:17:50",
    "calendarYear": "2008",
    "period": "Q3",
    "revenue": 285884000,
    "costOfRevenue": 123416000,
    "grossProfit": 155097000,
    "grossProfitRatio": 0.5425172448,
    "researchAndDevelopmentExpenses": 9030000,
    "generalAndAdministrativeExpenses": 0,
    "sellingAndMarketingExpenses": 0,
    "sellingGeneralAndAdministrativeExpenses": 110639000,
    "otherExpenses": 4211000,
    "operatingExpenses": 123880000,
    "costAndExpenses": 247296000,
    "interestIncome": 0,
    "interestExpense": 12136000,
    "depreciationAndAmortization": 21263000,
    "ebitda": 54045000,
    "ebitdaratio": 0.1890452071,
    "operatingIncome": 31044000,
    "operatingIncomeRatio": 0.1085894978,
    "totalOtherIncomeExpensesNet": -13528000,
    "incomeBeforeTax": 17516000,
    "incomeBeforeTaxRatio": 0.0612696059,
    "incomeTaxExpense": -363000,
    "netIncome": 17879000,
    "netIncomeRatio": 0.0625393516,
    "eps": 0.4,
    "epsdiluted": 0.39,
    "weightedAverageShsOut": 44993000,
    "weightedAverageShsOutDil": 46934000,
    "link": "https://www.sec.gov/Archives/edgar/data/711404/000119312508191734/0001193125-08-191734-index.htm",
    "finalLink": "https://www.sec.gov/Archives/edgar/data/711404/000119312508191734/d10q.htm"
  },
  {
    "date": "2008-04-30",
    "symbol": "COO",
    "reportedCurrency": "USD",
    "cik": "0000711404",
    "fillingDate": "2008-06-06",
    "acceptedDate": "2008-06-06 17:14:16",
    "calendarYear": "2008",
    "period": "Q2",
    "revenue": 263451000,
    "costOfRevenue": 109240000,
    "grossProfit": 150008000,
    "grossProfitRatio": 0.5693962065,
    "researchAndDevelopmentExpenses": 9116000,
    "generalAndAdministrativeExpenses": 0,
    "sellingAndMarketingExpenses": 0,
    "sellingGeneralAndAdministrativeExpenses": 107529000,
    "otherExpenses": 4371000,
    "operatingExpenses": 121016000,
    "costAndExpenses": 230256000,
    "interestIncome": 0,
    "interestExpense": 14022000,
    "depreciationAndAmortization": 21016000,
    "ebitda": 49032000,
    "ebitdaratio": 0.1861143059,
    "operatingIncome": 28466000,
    "operatingIncomeRatio": 0.1080504534,
    "totalOtherIncomeExpensesNet": -12520000,
    "incomeBeforeTax": 15946000,
    "incomeBeforeTaxRatio": 0.0605273846,
    "incomeTaxExpense": 4705000,
    "netIncome": 11241000,
    "netIncomeRatio": 0.0426682761,
    "eps": 0.25,
    "epsdiluted": 0.25,
    "weightedAverageShsOut": 44989000,
    "weightedAverageShsOutDil": 47740000,
    "link": "https://www.sec.gov/Archives/edgar/data/711404/000119312508129729/0001193125-08-129729-index.htm",
    "finalLink": "https://www.sec.gov/Archives/edgar/data/711404/000119312508129729/d10q.htm"
  },
  {
    "date": "2008-01-31",
    "symbol": "COO",
    "reportedCurrency": "USD",
    "cik": "0000711404",
    "fillingDate": "2008-03-07",
    "acceptedDate": "2008-03-07 16:06:47",
    "calendarYear": "2008",
    "period": "Q1",
    "revenue": 245033000,
    "costOfRevenue": 99890000,
    "grossProfit": 142882000,
    "grossProfitRatio": 0.5831132949,
    "researchAndDevelopmentExpenses": 8131000,
    "generalAndAdministrativeExpenses": 0,
    "sellingAndMarketingExpenses": 0,
    "sellingGeneralAndAdministrativeExpenses": 109880000,
    "otherExpenses": 4097000,
    "operatingExpenses": 122108000,
    "costAndExpenses": 221998000,
    "interestIncome": 0,
    "interestExpense": 11468000,
    "depreciationAndAmortization": 20112000,
    "ebitda": 40705000,
    "ebitdaratio": 0.1661204817,
    "operatingIncome": 19951000,
    "operatingIncomeRatio": 0.0814216861,
    "totalOtherIncomeExpensesNet": -10464000,
    "incomeBeforeTax": 9487000,
    "incomeBeforeTaxRatio": 0.038717234,
    "incomeTaxExpense": 2610000,
    "netIncome": 6877000,
    "netIncomeRatio": 0.0280656075,
    "eps": 0.15,
    "epsdiluted": 0.15,
    "weightedAverageShsOut": 44941000,
    "weightedAverageShsOutDil": 45129000,
    "link": "https://www.sec.gov/Archives/edgar/data/711404/000119312508050192/0001193125-08-050192-index.htm",
    "finalLink": "https://www.sec.gov/Archives/edgar/data/711404/000119312508050192/d10q.htm"
  },
  {
    "date": "2007-10-31",
    "symbol": "COO",
    "reportedCurrency": "USD",
    "cik": "0000711404",
    "fillingDate": "2007-12-26",
    "acceptedDate": "2007-12-26 06:08:08",
    "calendarYear": "2007",
    "period": "Q4",
    "revenue": 253824000,
    "costOfRevenue": 136584000,
    "grossProfit": 117240000,
    "grossProfitRatio": 0.4618948563,
    "researchAndDevelopmentExpenses": 9277000,
    "generalAndAdministrativeExpenses": 0,
    "sellingAndMarketingExpenses": 0,
    "sellingGeneralAndAdministrativeExpenses": 104974000,
    "otherExpenses": 4191000,
    "operatingExpenses": 118442000,
    "costAndExpenses": 255026000,
    "interestIncome": 0,
    "interestExpense": 24830000,
    "depreciationAndAmortization": 28860000,
    "ebitda": 27658000,
    "ebitdaratio": 0.1089652673,
    "operatingIncome": -4097000,
    "operatingIncomeRatio": -0.0161411056,
    "totalOtherIncomeExpensesNet": -14727000,
    "incomeBeforeTax": -18824000,
    "incomeBeforeTaxRatio": -0.0741616238,
    "incomeTaxExpense": 5369000,
    "netIncome": -24193000,
    "netIncomeRatio": -0.0953140759,
    "eps": -0.54,
    "epsdiluted": -0.54,
    "weightedAverageShsOut": 44836000,
    "weightedAverageShsOutDil": 44941000,
    "link": "https://www.sec.gov/Archives/edgar/data/711404/000119312507270797/0001193125-07-270797-index.htm",
    "finalLink": "https://www.sec.gov/Archives/edgar/data/711404/000119312507270797/d10k.htm"
  },
  {
    "date": "2007-07-31",
    "symbol": "COO",
    "reportedCurrency": "USD",
    "cik": "0000711404",
    "fillingDate": "2007-09-10",
    "acceptedDate": "2007-09-07 20:18:01",
    "calendarYear": "2007",
    "period": "Q3",
    "revenue": 251862000,
    "costOfRevenue": 105938000,
    "grossProfit": 145924000,
    "grossProfitRatio": 0.579380772,
    "researchAndDevelopmentExpenses": 11513000,
    "generalAndAdministrativeExpenses": 0,
    "sellingAndMarketingExpenses": 0,
    "sellingGeneralAndAdministrativeExpenses": 104521000,
    "otherExpenses": 4160000,
    "operatingExpenses": 120194000,
    "costAndExpenses": 226132000,
    "interestIncome": 0,
    "interestExpense": 14205000,
    "depreciationAndAmortization": 22712000,
    "ebitda": 48442000,
    "ebitdaratio": 0.1923354853,
    "operatingIncome": 23658000,
    "operatingIncomeRatio": 0.0939323915,
    "totalOtherIncomeExpensesNet": -10573000,
    "incomeBeforeTax": 13085000,
    "incomeBeforeTaxRatio": 0.0519530537,
    "incomeTaxExpense": 4905000,
    "netIncome": 8180000,
    "netIncomeRatio": 0.0324781031,
    "eps": 0.18,
    "epsdiluted": 0.18,
    "weightedAverageShsOut": 44778000,
    "weightedAverageShsOutDil": 47785000,
    "link": "https://www.sec.gov/Archives/edgar/data/711404/000119312507197691/0001193125-07-197691-index.htm",
    "finalLink": "https://www.sec.gov/Archives/edgar/data/711404/000119312507197691/d10q.htm"
  },
  {
    "date": "2007-04-30",
    "symbol": "COO",
    "reportedCurrency": "USD",
    "cik": "0000711404",
    "fillingDate": "2007-06-08",
    "acceptedDate": "2007-06-08 17:21:01",
    "calendarYear": "2007",
    "period": "Q2",
    "revenue": 225535000,
    "costOfRevenue": 99079000,
    "grossProfit": 126456000,
    "grossProfitRatio": 0.5606934622,
    "researchAndDevelopmentExpenses": 7957000,
    "generalAndAdministrativeExpenses": 0,
    "sellingAndMarketingExpenses": 0,
    "sellingGeneralAndAdministrativeExpenses": 100934000,
    "otherExpenses": 4192000,
    "operatingExpenses": 113083000,
    "costAndExpenses": 212162000,
    "interestIncome": 0,
    "interestExpense": 16584000,
    "depreciationAndAmortization": 16873000,
    "ebitda": 30246000,
    "ebitdaratio": 0.1341077881,
    "operatingIncome": 10531000,
    "operatingIncomeRatio": 0.0466934179,
    "totalOtherIncomeExpensesNet": -10909000,
    "incomeBeforeTax": -378000,
    "incomeBeforeTaxRatio": -0.0016760148,
    "incomeTaxExpense": 149000,
    "netIncome": -527000,
    "netIncomeRatio": -0.0023366661,
    "eps": -0.0118,
    "epsdiluted": -0.0118,
    "weightedAverageShsOut": 44645000,
    "weightedAverageShsOutDil": 44645000,
    "link": "https://www.sec.gov/Archives/edgar/data/711404/000119312507132671/0001193125-07-132671-index.htm",
    "finalLink": "https://www.sec.gov/Archives/edgar/data/711404/000119312507132671/d10q.htm"
  },
  {
    "date": "2007-01-31",
    "symbol": "COO",
    "reportedCurrency": "USD",
    "cik": "0000711404",
    "fillingDate": "2007-03-09",
    "acceptedDate": "2007-03-09 16:19:08",
    "calendarYear": "2007",
    "period": "Q1",
    "revenue": 219420000,
    "costOfRevenue": 89508000,
    "grossProfit": 129912000,
    "grossProfitRatio": 0.5920700027,
    "researchAndDevelopmentExpenses": 11111000,
    "generalAndAdministrativeExpenses": 0,
    "sellingAndMarketingExpenses": 0,
    "sellingGeneralAndAdministrativeExpenses": 97523000,
    "otherExpenses": 3651000,
    "operatingExpenses": 112285000,
    "costAndExpenses": 201793000,
    "interestIncome": 0,
    "interestExpense": 11884000,
    "depreciationAndAmortization": 16066000,
    "ebitda": 33693000,
    "ebitdaratio": 0.1535548264,
    "operatingIncome": 15762000,
    "operatingIncomeRatio": 0.0718348373,
    "totalOtherIncomeExpensesNet": -8973000,
    "incomeBeforeTax": 6789000,
    "incomeBeforeTaxRatio": 0.0309406617,
    "incomeTaxExpense": 1441000,
    "netIncome": 5348000,
    "netIncomeRatio": 0.0243733479,
    "eps": 0.12,
    "epsdiluted": 0.12,
    "weightedAverageShsOut": 44568000,
    "weightedAverageShsOutDil": 47574000,
    "link": "https://www.sec.gov/Archives/edgar/data/711404/000119312507050922/0001193125-07-050922-index.htm",
    "finalLink": "https://www.sec.gov/Archives/edgar/data/711404/000119312507050922/d10q.htm"
  },
  {
    "date": "2006-10-31",
    "symbol": "COO",
    "reportedCurrency": "USD",
    "cik": "0000711404",
    "fillingDate": "2006-12-26",
    "acceptedDate": "2006-12-22 17:43:35",
    "calendarYear": "2006",
    "period": "Q4",
    "revenue": 216026000,
    "costOfRevenue": 88334000,
    "grossProfit": 127692000,
    "grossProfitRatio": 0.5910955163,
    "researchAndDevelopmentExpenses": 8437000,
    "generalAndAdministrativeExpenses": 0,
    "sellingAndMarketingExpenses": 0,
    "sellingGeneralAndAdministrativeExpenses": 94757000,
    "otherExpenses": 3541000,
    "operatingExpenses": 106735000,
    "costAndExpenses": 195069000,
    "interestIncome": 0,
    "interestExpense": 6472000,
    "depreciationAndAmortization": 16627000,
    "ebitda": 37584000,
    "ebitdaratio": 0.1739790581,
    "operatingIncome": 22406000,
    "operatingIncomeRatio": 0.1037189968,
    "totalOtherIncomeExpensesNet": -9074000,
    "incomeBeforeTax": 13332000,
    "incomeBeforeTaxRatio": 0.0617147936,
    "incomeTaxExpense": -270000,
    "netIncome": 13602000,
    "netIncomeRatio": 0.0629646431,
    "eps": 0.31,
    "epsdiluted": 0.31,
    "weightedAverageShsOut": 44540000,
    "weightedAverageShsOutDil": 44568000,
    "link": "https://www.sec.gov/Archives/edgar/data/711404/000119312506259322/0001193125-06-259322-index.htm",
    "finalLink": "https://www.sec.gov/Archives/edgar/data/711404/000119312506259322/d10k.htm"
  },
  {
    "date": "2006-07-31",
    "symbol": "COO",
    "reportedCurrency": "USD",
    "cik": "0000711404",
    "fillingDate": "2006-09-08",
    "acceptedDate": "2006-09-08 16:14:32",
    "calendarYear": "2006",
    "period": "Q3",
    "revenue": 225798000,
    "costOfRevenue": 88037000,
    "grossProfit": 137761000,
    "grossProfitRatio": 0.610107264,
    "researchAndDevelopmentExpenses": 6264000,
    "generalAndAdministrativeExpenses": 0,
    "sellingAndMarketingExpenses": 0,
    "sellingGeneralAndAdministrativeExpenses": 90039000,
    "otherExpenses": 3530000,
    "operatingExpenses": 99833000,
    "costAndExpenses": 187870000,
    "interestIncome": 0,
    "interestExpense": 18847000,
    "depreciationAndAmortization": 15747000,
    "ebitda": 53675000,
    "ebitdaratio": 0.2377124687,
    "operatingIncome": 32300000,
    "operatingIncomeRatio": 0.1430482112,
    "totalOtherIncomeExpensesNet": -8011000,
    "incomeBeforeTax": 24289000,
    "incomeBeforeTaxRatio": 0.1075695976,
    "incomeTaxExpense": 3312000,
    "netIncome": 20977000,
    "netIncomeRatio": 0.09290162,
    "eps": 0.47,
    "epsdiluted": 0.45,
    "weightedAverageShsOut": 44531000,
    "weightedAverageShsOutDil": 47482000,
    "link": "https://www.sec.gov/Archives/edgar/data/711404/000119312506187878/0001193125-06-187878-index.htm",
    "finalLink": "https://www.sec.gov/Archives/edgar/data/711404/000119312506187878/d10q.htm"
  },
  {
    "date": "2006-04-30",
    "symbol": "COO",
    "reportedCurrency": "USD",
    "cik": "0000711404",
    "fillingDate": "2006-06-09",
    "acceptedDate": "2006-06-09 16:07:31",
    "calendarYear": "2006",
    "period": "Q2",
    "revenue": 211397000,
    "costOfRevenue": 80034000,
    "grossProfit": 131363000,
    "grossProfitRatio": 0.6214042773,
    "researchAndDevelopmentExpenses": 13914000,
    "generalAndAdministrativeExpenses": 0,
    "sellingAndMarketingExpenses": 0,
    "sellingGeneralAndAdministrativeExpenses": 88600000,
    "otherExpenses": -216497000,
    "operatingExpenses": -113983000,
    "costAndExpenses": -33949000,
    "interestIncome": 0,
    "interestExpense": 231814000,
    "depreciationAndAmortization": 15097000,
    "ebitda": 260443000,
    "ebitdaratio": 1.2320089689,
    "operatingIncome": 244480000,
    "operatingIncomeRatio": 1.1564970175,
    "totalOtherIncomeExpensesNet": -228887000,
    "incomeBeforeTax": 15593000,
    "incomeBeforeTaxRatio": 0.0737616901,
    "incomeTaxExpense": 1892000,
    "netIncome": 13701000,
    "netIncomeRatio": 0.064811705,
    "eps": 0.31,
    "epsdiluted": 0.3,
    "weightedAverageShsOut": 44520000,
    "weightedAverageShsOutDil": 47577000,
    "link": "https://www.sec.gov/Archives/edgar/data/711404/000119312506127574/0001193125-06-127574-index.htm",
    "finalLink": "https://www.sec.gov/Archives/edgar/data/711404/000119312506127574/d10q.htm"
  },
  {
    "date": "2006-01-31",
    "symbol": "COO",
    "reportedCurrency": "USD",
    "cik": "0000711404",
    "fillingDate": "2006-03-13",
    "acceptedDate": "2006-03-13 16:07:37",
    "calendarYear": "2006",
    "period": "Q1",
    "revenue": 205739000,
    "costOfRevenue": 76578000,
    "grossProfit": 129161000,
    "grossProfitRatio": 0.6277905502,
    "researchAndDevelopmentExpenses": 5932000,
    "generalAndAdministrativeExpenses": 0,
    "sellingAndMarketingExpenses": 0,
    "sellingGeneralAndAdministrativeExpenses": 84446000,
    "otherExpenses": 3729000,
    "operatingExpenses": 94107000,
    "costAndExpenses": 170685000,
    "interestIncome": 0,
    "interestExpense": 21517000,
    "depreciationAndAmortization": 14176000,
    "ebitda": 49230000,
    "ebitdaratio": 0.2392837527,
    "operatingIncome": 33714000,
    "operatingIncomeRatio": 0.1638678131,
    "totalOtherIncomeExpensesNet": -13591000,
    "incomeBeforeTax": 20123000,
    "incomeBeforeTaxRatio": 0.0978083883,
    "incomeTaxExpense": 2169000,
    "netIncome": 17954000,
    "netIncomeRatio": 0.0872659049,
    "eps": 0.4,
    "epsdiluted": 0.39,
    "weightedAverageShsOut": 44497000,
    "weightedAverageShsOutDil": 47614000,
    "link": "https://www.sec.gov/Archives/edgar/data/711404/000119312506052281/0001193125-06-052281-index.htm",
    "finalLink": "https://www.sec.gov/Archives/edgar/data/711404/000119312506052281/d10q.htm"
  },
  {
    "date": "2005-10-31",
    "symbol": "COO",
    "reportedCurrency": "USD",
    "cik": "0000711404",
    "fillingDate": "2006-01-17",
    "acceptedDate": "2006-01-17 17:07:56",
    "calendarYear": "2005",
    "period": "Q4",
    "revenue": 220811000,
    "costOfRevenue": 83727000,
    "grossProfit": 137084000,
    "grossProfitRatio": 0.6208205207,
    "researchAndDevelopmentExpenses": 27569000,
    "generalAndAdministrativeExpenses": 0,
    "sellingAndMarketingExpenses": 0,
    "sellingGeneralAndAdministrativeExpenses": 78352000,
    "otherExpenses": 8430000,
    "operatingExpenses": 114351000,
    "costAndExpenses": 198078000,
    "interestIncome": 0,
    "interestExpense": 15206000,
    "depreciationAndAmortization": 18623000,
    "ebitda": 41356000,
    "ebitdaratio": 0.187291394,
    "operatingIncome": 19518000,
    "operatingIncomeRatio": 0.0883923355,
    "totalOtherIncomeExpensesNet": -8459000,
    "incomeBeforeTax": 11059000,
    "incomeBeforeTaxRatio": 0.0500835556,
    "incomeTaxExpense": 4689000,
    "netIncome": 6370000,
    "netIncomeRatio": 0.0288482005,
    "eps": 0.14,
    "epsdiluted": 0.14,
    "weightedAverageShsOut": 44497000,
    "weightedAverageShsOutDil": 44497000,
    "link": "https://www.sec.gov/Archives/edgar/data/711404/000119312506007300/0001193125-06-007300-index.htm",
    "finalLink": "https://www.sec.gov/Archives/edgar/data/711404/000119312506007300/d10k.htm"
  },
  {
    "date": "2005-07-31",
    "symbol": "COO",
    "reportedCurrency": "USD",
    "cik": "0000711404",
    "fillingDate": "2005-09-09",
    "acceptedDate": "2005-09-09 16:18:18",
    "calendarYear": "2005",
    "period": "Q3",
    "revenue": 222142000,
    "costOfRevenue": 84103000,
    "grossProfit": 138829000,
    "grossProfitRatio": 0.6249561092,
    "researchAndDevelopmentExpenses": 7124000,
    "generalAndAdministrativeExpenses": 0,
    "sellingAndMarketingExpenses": 0,
    "sellingGeneralAndAdministrativeExpenses": 80095000,
    "otherExpenses": 3328000,
    "operatingExpenses": 91207000,
    "costAndExpenses": 175310000,
    "interestIncome": 0,
    "interestExpense": 14934000,
    "depreciationAndAmortization": 13666000,
    "ebitda": 61288000,
    "ebitdaratio": 0.2758955983,
    "operatingIncome": 45934000,
    "operatingIncomeRatio": 0.2067776467,
    "totalOtherIncomeExpensesNet": -8897000,
    "incomeBeforeTax": 36684000,
    "incomeBeforeTaxRatio": 0.1651376147,
    "incomeTaxExpense": -672000,
    "netIncome": 37356000,
    "netIncomeRatio": 0.1681627067,
    "eps": 0.85,
    "epsdiluted": 0.8,
    "weightedAverageShsOut": 44122000,
    "weightedAverageShsOutDil": 47854000,
    "link": "https://www.sec.gov/Archives/edgar/data/711404/000119312505183172/0001193125-05-183172-index.htm",
    "finalLink": "https://www.sec.gov/Archives/edgar/data/711404/000119312505183172/d10q.htm"
  },
  {
    "date": "2005-04-30",
    "symbol": "COO",
    "reportedCurrency": "USD",
    "cik": "0000711404",
    "fillingDate": "2005-06-09",
    "acceptedDate": "2005-06-09 16:27:55",
    "calendarYear": "2005",
    "period": "Q2",
    "revenue": 215774000,
    "costOfRevenue": 84785000,
    "grossProfit": 130709000,
    "grossProfitRatio": 0.6057680721,
    "researchAndDevelopmentExpenses": 5356000,
    "generalAndAdministrativeExpenses": 0,
    "sellingAndMarketingExpenses": 0,
    "sellingGeneralAndAdministrativeExpenses": 79317000,
    "otherExpenses": 3391000,
    "operatingExpenses": 88221000,
    "costAndExpenses": 173006000,
    "interestIncome": 0,
    "interestExpense": 7022000,
    "depreciationAndAmortization": 12878000,
    "ebitda": 55366000,
    "ebitdaratio": 0.2565925459,
    "operatingIncome": 40747000,
    "operatingIncomeRatio": 0.1888411023,
    "totalOtherIncomeExpensesNet": -5546000,
    "incomeBeforeTax": 37355000,
    "incomeBeforeTaxRatio": 0.1731209506,
    "incomeTaxExpense": 7845000,
    "netIncome": 29510000,
    "netIncomeRatio": 0.1367634655,
    "eps": 0.63,
    "epsdiluted": 0.59,
    "weightedAverageShsOut": 43980000,
    "weightedAverageShsOutDil": 48104000,
    "link": "https://www.sec.gov/Archives/edgar/data/711404/000119312505122983/0001193125-05-122983-index.htm",
    "finalLink": "https://www.sec.gov/Archives/edgar/data/711404/000119312505122983/d10q.htm"
  },
  {
    "date": "2005-01-31",
    "symbol": "COO",
    "reportedCurrency": "USD",
    "cik": "0000711404",
    "fillingDate": "2005-03-11",
    "acceptedDate": "2005-03-11 16:27:37",
    "calendarYear": "2005",
    "period": "Q1",
    "revenue": 147890000,
    "costOfRevenue": 55432000,
    "grossProfit": 92118000,
    "grossProfitRatio": 0.6228818717,
    "researchAndDevelopmentExpenses": 2830000,
    "generalAndAdministrativeExpenses": 0,
    "sellingAndMarketingExpenses": 0,
    "sellingGeneralAndAdministrativeExpenses": 60189000,
    "otherExpenses": 1610000,
    "operatingExpenses": 64835000,
    "costAndExpenses": 120267000,
    "interestIncome": 0,
    "interestExpense": 6393000,
    "depreciationAndAmortization": 8182000,
    "ebitda": 35465000,
    "ebitdaratio": 0.239806613,
    "operatingIncome": 26617000,
    "operatingIncomeRatio": 0.1799783623,
    "totalOtherIncomeExpensesNet": -4262000,
    "incomeBeforeTax": 23359000,
    "incomeBeforeTaxRatio": 0.1579484752,
    "incomeTaxExpense": 4873000,
    "netIncome": 18486000,
    "netIncomeRatio": 0.1249983096,
    "eps": 0.5,
    "epsdiluted": 0.46,
    "weightedAverageShsOut": 35209000,
    "weightedAverageShsOutDil": 39479000,
    "link": "https://www.sec.gov/Archives/edgar/data/711404/000119312505047928/0001193125-05-047928-index.htm",
    "finalLink": "https://www.sec.gov/Archives/edgar/data/711404/000119312505047928/d10q.htm"
  },
  {
    "date": "2004-10-31",
    "symbol": "COO",
    "reportedCurrency": "USD",
    "cik": "0000711404",
    "fillingDate": "2005-01-14",
    "acceptedDate": "2005-01-14 12:33:35",
    "calendarYear": "2004",
    "period": "Q4",
    "revenue": 130811000,
    "costOfRevenue": 46456000,
    "grossProfit": 84355000,
    "grossProfitRatio": 0.6448616707,
    "researchAndDevelopmentExpenses": 1921000,
    "generalAndAdministrativeExpenses": 0,
    "sellingAndMarketingExpenses": 0,
    "sellingGeneralAndAdministrativeExpenses": 49408000,
    "otherExpenses": 615000,
    "operatingExpenses": 51944000,
    "costAndExpenses": 98400000,
    "interestIncome": 0,
    "interestExpense": 493000,
    "depreciationAndAmortization": 4096000,
    "ebitda": 36507000,
    "ebitdaratio": 0.2790820344,
    "operatingIncome": 32411000,
    "operatingIncomeRatio": 0.247769683,
    "totalOtherIncomeExpensesNet": -1032000,
    "incomeBeforeTax": 31379000,
    "incomeBeforeTaxRatio": 0.2398804382,
    "incomeTaxExpense": 2656000,
    "netIncome": 28723000,
    "netIncomeRatio": 0.2195763353,
    "eps": 0.82,
    "epsdiluted": 0.82,
    "weightedAverageShsOut": 35209000,
    "weightedAverageShsOutDil": 35209000,
    "link": "https://www.sec.gov/Archives/edgar/data/711404/000119312505006454/0001193125-05-006454-index.htm",
    "finalLink": "https://www.sec.gov/Archives/edgar/data/711404/000119312505006454/d10k.htm"
  },
  {
    "date": "2004-07-31",
    "symbol": "COO",
    "reportedCurrency": "USD",
    "cik": "0000711404",
    "fillingDate": "2004-09-14",
    "acceptedDate": "2004-09-14 16:44:31",
    "calendarYear": "2004",
    "period": "Q3",
    "revenue": 129079000,
    "costOfRevenue": 45945000,
    "grossProfit": 83134000,
    "grossProfitRatio": 0.644055191,
    "researchAndDevelopmentExpenses": 1825000,
    "generalAndAdministrativeExpenses": 0,
    "sellingAndMarketingExpenses": 0,
    "sellingGeneralAndAdministrativeExpenses": 49012000,
    "otherExpenses": 629000,
    "operatingExpenses": 51466000,
    "costAndExpenses": 97411000,
    "interestIncome": 0,
    "interestExpense": 2372000,
    "depreciationAndAmortization": 4028000,
    "ebitda": 35696000,
    "ebitdaratio": 0.276543822,
    "operatingIncome": 31668000,
    "operatingIncomeRatio": 0.2453381263,
    "totalOtherIncomeExpensesNet": -1913000,
    "incomeBeforeTax": 29755000,
    "incomeBeforeTaxRatio": 0.2305177449,
    "incomeTaxExpense": 5707000,
    "netIncome": 24048000,
    "netIncomeRatio": 0.1863045112,
    "eps": 0.74,
    "epsdiluted": 0.7,
    "weightedAverageShsOut": 32682000,
    "weightedAverageShsOutDil": 34128000,
    "link": "https://www.sec.gov/Archives/edgar/data/711404/000095011704003287/0000950117-04-003287-index.htm",
    "finalLink": "https://www.sec.gov/Archives/edgar/data/711404/000095011704003287/a38350.txt"
  },
  {
    "date": "2004-04-30",
    "symbol": "COO",
    "reportedCurrency": "USD",
    "cik": "0000711404",
    "fillingDate": "2004-06-14",
    "acceptedDate": "2004-06-14 15:49:21",
    "calendarYear": "2004",
    "period": "Q2",
    "revenue": 120552000,
    "costOfRevenue": 42167000,
    "grossProfit": 78385000,
    "grossProfitRatio": 0.6502173336,
    "researchAndDevelopmentExpenses": 1222000,
    "generalAndAdministrativeExpenses": 0,
    "sellingAndMarketingExpenses": 0,
    "sellingGeneralAndAdministrativeExpenses": 48877000,
    "otherExpenses": 463000,
    "operatingExpenses": 50562000,
    "costAndExpenses": 92729000,
    "interestIncome": 0,
    "interestExpense": 0,
    "depreciationAndAmortization": 3938000,
    "ebitda": 31761000,
    "ebitdaratio": 0.2634630699,
    "operatingIncome": 27823000,
    "operatingIncomeRatio": 0.2307966687,
    "totalOtherIncomeExpensesNet": -306000,
    "incomeBeforeTax": 27517000,
    "incomeBeforeTaxRatio": 0.2282583449,
    "incomeTaxExpense": 5818000,
    "netIncome": 21699000,
    "netIncomeRatio": 0.1799970137,
    "eps": 0.67,
    "epsdiluted": 0.61,
    "weightedAverageShsOut": 32554000,
    "weightedAverageShsOutDil": 36521000,
    "link": "https://www.sec.gov/Archives/edgar/data/711404/000095011704002162/0000950117-04-002162-index.htm",
    "finalLink": "https://www.sec.gov/Archives/edgar/data/711404/000095011704002162/a37847.txt"
  },
  {
    "date": "2004-01-31",
    "symbol": "COO",
    "reportedCurrency": "USD",
    "cik": "0000711404",
    "fillingDate": "2004-03-12",
    "acceptedDate": "2004-03-12 17:17:42",
    "calendarYear": "2004",
    "period": "Q1",
    "revenue": 109734000,
    "costOfRevenue": 39778000,
    "grossProfit": 69956000,
    "grossProfitRatio": 0.6375052399,
    "researchAndDevelopmentExpenses": 1525000,
    "generalAndAdministrativeExpenses": 0,
    "sellingAndMarketingExpenses": 0,
    "sellingGeneralAndAdministrativeExpenses": 43237000,
    "otherExpenses": 345000,
    "operatingExpenses": 45107000,
    "costAndExpenses": 84885000,
    "interestIncome": 0,
    "interestExpense": 531000,
    "depreciationAndAmortization": 3589000,
    "ebitda": 28438000,
    "ebitdaratio": 0.2591539541,
    "operatingIncome": 24849000,
    "operatingIncomeRatio": 0.2264475914,
    "totalOtherIncomeExpensesNet": -1011000,
    "incomeBeforeTax": 23838000,
    "incomeBeforeTaxRatio": 0.2172344032,
    "incomeTaxExpense": 5483000,
    "netIncome": 18355000,
    "netIncomeRatio": 0.1672681211,
    "eps": 0.57,
    "epsdiluted": 0.55,
    "weightedAverageShsOut": 32167000,
    "weightedAverageShsOutDil": 33543000,
    "link": "https://www.sec.gov/Archives/edgar/data/711404/000095011704000969/0000950117-04-000969-index.htm",
    "finalLink": "https://www.sec.gov/Archives/edgar/data/711404/000095011704000969/a37257.txt"
  },
  {
    "date": "2003-10-31",
    "symbol": "COO",
    "reportedCurrency": "USD",
    "cik": "0000711404",
    "fillingDate": "2004-01-28",
    "acceptedDate": "2004-01-28 13:11:10",
    "calendarYear": "2003",
    "period": "Q4",
    "revenue": 112966000,
    "costOfRevenue": 38183000,
    "grossProfit": 74783000,
    "grossProfitRatio": 0.6619956447,
    "researchAndDevelopmentExpenses": 1579000,
    "generalAndAdministrativeExpenses": 0,
    "sellingAndMarketingExpenses": 0,
    "sellingGeneralAndAdministrativeExpenses": 43867000,
    "otherExpenses": 392000,
    "operatingExpenses": 45838000,
    "costAndExpenses": 84021000,
    "interestIncome": 0,
    "interestExpense": 721000,
    "depreciationAndAmortization": 3433000,
    "ebitda": 32378000,
    "ebitdaratio": 0.2866172123,
    "operatingIncome": 28945000,
    "operatingIncomeRatio": 0.2562275375,
    "totalOtherIncomeExpensesNet": -1259000,
    "incomeBeforeTax": 27686000,
    "incomeBeforeTaxRatio": 0.2450825912,
    "incomeTaxExpense": 6645000,
    "netIncome": 21041000,
    "netIncomeRatio": 0.1862595825,
    "eps": 0.65,
    "epsdiluted": 0.65,
    "weightedAverageShsOut": 31742000,
    "weightedAverageShsOutDil": 32167000,
    "link": "https://www.sec.gov/Archives/edgar/data/711404/000095011704000415/0000950117-04-000415-index.htm",
    "finalLink": "https://www.sec.gov/Archives/edgar/data/711404/000095011704000415/a36926.txt"
  },
  {
    "date": "2003-07-31",
    "symbol": "COO",
    "reportedCurrency": "USD",
    "cik": "0000711404",
    "fillingDate": "2003-09-05",
    "acceptedDate": "2003-09-05 13:40:15",
    "calendarYear": "2003",
    "period": "Q3",
    "revenue": 108442000,
    "costOfRevenue": 39810000,
    "grossProfit": 68632000,
    "grossProfitRatio": 0.6328913152,
    "researchAndDevelopmentExpenses": 1400000,
    "generalAndAdministrativeExpenses": 0,
    "sellingAndMarketingExpenses": 0,
    "sellingGeneralAndAdministrativeExpenses": 41518000,
    "otherExpenses": 388000,
    "operatingExpenses": 43306000,
    "costAndExpenses": 83116000,
    "interestIncome": 0,
    "interestExpense": 905000,
    "depreciationAndAmortization": 3144000,
    "ebitda": 28470000,
    "ebitdaratio": 0.2625366555,
    "operatingIncome": 25326000,
    "operatingIncomeRatio": 0.2335441987,
    "totalOtherIncomeExpensesNet": -1280000,
    "incomeBeforeTax": 24046000,
    "incomeBeforeTaxRatio": 0.221740654,
    "incomeTaxExpense": 5383000,
    "netIncome": 18663000,
    "netIncomeRatio": 0.1721012154,
    "eps": 0.6,
    "epsdiluted": 0.58,
    "weightedAverageShsOut": 31253000,
    "weightedAverageShsOutDil": 32398000,
    "link": "https://www.sec.gov/Archives/edgar/data/711404/000095011703003974/0000950117-03-003974-index.htm",
    "finalLink": "https://www.sec.gov/Archives/edgar/data/711404/000095011703003974/a36129.txt"
  },
  {
    "date": "2003-04-30",
    "symbol": "COO",
    "reportedCurrency": "USD",
    "cik": "0000711404",
    "fillingDate": "2003-06-06",
    "acceptedDate": "2003-06-06 17:25:12",
    "calendarYear": "2003",
    "period": "Q2",
    "revenue": 96368000,
    "costOfRevenue": 33948000,
    "grossProfit": 62420000,
    "grossProfitRatio": 0.647725386,
    "researchAndDevelopmentExpenses": 1279000,
    "generalAndAdministrativeExpenses": 0,
    "sellingAndMarketingExpenses": 0,
    "sellingGeneralAndAdministrativeExpenses": 39590000,
    "otherExpenses": 399000,
    "operatingExpenses": 41268000,
    "costAndExpenses": 75216000,
    "interestIncome": 0,
    "interestExpense": 52000,
    "depreciationAndAmortization": 2977000,
    "ebitda": 24129000,
    "ebitdaratio": 0.2503839449,
    "operatingIncome": 21152000,
    "operatingIncomeRatio": 0.2194919475,
    "totalOtherIncomeExpensesNet": -870000,
    "incomeBeforeTax": 20282000,
    "incomeBeforeTaxRatio": 0.2104640545,
    "incomeTaxExpense": 5071000,
    "netIncome": 15211000,
    "netIncomeRatio": 0.1578428524,
    "eps": 0.49,
    "epsdiluted": 0.48,
    "weightedAverageShsOut": 31003000,
    "weightedAverageShsOutDil": 31789000,
    "link": "https://www.sec.gov/Archives/edgar/data/711404/000095011703002468/0000950117-03-002468-index.htm",
    "finalLink": "https://www.sec.gov/Archives/edgar/data/711404/000095011703002468/a35518.txt"
  },
  {
    "date": "2003-01-31",
    "symbol": "COO",
    "reportedCurrency": "USD",
    "cik": "0000711404",
    "fillingDate": "2003-03-17",
    "acceptedDate": "2003-03-17 15:52:14",
    "calendarYear": "2003",
    "period": "Q1",
    "revenue": 94014000,
    "costOfRevenue": 34647000,
    "grossProfit": 59367000,
    "grossProfitRatio": 0.6314697811,
    "researchAndDevelopmentExpenses": 1315000,
    "generalAndAdministrativeExpenses": 0,
    "sellingAndMarketingExpenses": 0,
    "sellingGeneralAndAdministrativeExpenses": 37877000,
    "otherExpenses": 356000,
    "operatingExpenses": 39548000,
    "costAndExpenses": 74195000,
    "interestIncome": 0,
    "interestExpense": 868000,
    "depreciationAndAmortization": 2971000,
    "ebitda": 22790000,
    "ebitdaratio": 0.2424107048,
    "operatingIncome": 19819000,
    "operatingIncomeRatio": 0.2108090284,
    "totalOtherIncomeExpensesNet": -1346000,
    "incomeBeforeTax": 18473000,
    "incomeBeforeTaxRatio": 0.1964920118,
    "incomeTaxExpense": 4618000,
    "netIncome": 13855000,
    "netIncomeRatio": 0.147371668,
    "eps": 0.45,
    "epsdiluted": 0.44,
    "weightedAverageShsOut": 30904000,
    "weightedAverageShsOutDil": 31601000,
    "link": "https://www.sec.gov/Archives/edgar/data/711404/000095011703001001/0000950117-03-001001-index.htm",
    "finalLink": "https://www.sec.gov/Archives/edgar/data/711404/000095011703001001/a34764.txt"
  },
  {
    "date": "2002-10-31",
    "symbol": "COO",
    "reportedCurrency": "USD",
    "cik": "0000711404",
    "fillingDate": "2003-01-27",
    "acceptedDate": "2003-01-27 14:49:12",
    "calendarYear": "2002",
    "period": "Q4",
    "revenue": 94721000,
    "costOfRevenue": 32596000,
    "grossProfit": 62125000,
    "grossProfitRatio": 0.6558735655,
    "researchAndDevelopmentExpenses": 1422000,
    "generalAndAdministrativeExpenses": 0,
    "sellingAndMarketingExpenses": 0,
    "sellingGeneralAndAdministrativeExpenses": 38291000,
    "otherExpenses": 215000,
    "operatingExpenses": 39928000,
    "costAndExpenses": 72524000,
    "interestIncome": 0,
    "interestExpense": 1418000,
    "depreciationAndAmortization": 2880000,
    "ebitda": 25077000,
    "ebitdaratio": 0.2647459381,
    "operatingIncome": 22200000,
    "operatingIncomeRatio": 0.2343725256,
    "totalOtherIncomeExpensesNet": -1807000,
    "incomeBeforeTax": 20393000,
    "incomeBeforeTaxRatio": 0.2152954466,
    "incomeTaxExpense": 4202000,
    "netIncome": 16191000,
    "netIncomeRatio": 0.1709335839,
    "eps": 0.52,
    "epsdiluted": 0.52,
    "weightedAverageShsOut": 30690000,
    "weightedAverageShsOutDil": 30904000,
    "link": "https://www.sec.gov/Archives/edgar/data/711404/000095011703000230/0000950117-03-000230-index.htm",
    "finalLink": "https://www.sec.gov/Archives/edgar/data/711404/000095011703000230/a34226.txt"
  },
  {
    "date": "2002-07-31",
    "symbol": "COO",
    "reportedCurrency": "USD",
    "cik": "0000711404",
    "fillingDate": "2002-09-13",
    "acceptedDate": "2002-09-13 12:51:26",
    "calendarYear": "2002",
    "period": "Q3",
    "revenue": 90563000,
    "costOfRevenue": 34844000,
    "grossProfit": 55719000,
    "grossProfitRatio": 0.6152512616,
    "researchAndDevelopmentExpenses": 1118000,
    "generalAndAdministrativeExpenses": 0,
    "sellingAndMarketingExpenses": 0,
    "sellingGeneralAndAdministrativeExpenses": 37055000,
    "otherExpenses": 565000,
    "operatingExpenses": 38738000,
    "costAndExpenses": 73582000,
    "interestIncome": 0,
    "interestExpense": 0,
    "depreciationAndAmortization": 3344000,
    "ebitda": 20325000,
    "ebitdaratio": 0.2244294027,
    "operatingIncome": 16981000,
    "operatingIncomeRatio": 0.1875048309,
    "totalOtherIncomeExpensesNet": 1321000,
    "incomeBeforeTax": 18302000,
    "incomeBeforeTaxRatio": 0.2020913618,
    "incomeTaxExpense": 4941000,
    "netIncome": 13361000,
    "netIncomeRatio": 0.1475326568,
    "eps": 0.44,
    "epsdiluted": 0.43,
    "weightedAverageShsOut": 30616000,
    "weightedAverageShsOutDil": 31210000,
    "link": "https://www.sec.gov/Archives/edgar/data/711404/000095011702002159/0000950117-02-002159-index.htm",
    "finalLink": "https://www.sec.gov/Archives/edgar/data/711404/000095011702002159/a33360.txt"
  },
  {
    "date": "2002-04-30",
    "symbol": "COO",
    "reportedCurrency": "USD",
    "cik": "0000711404",
    "fillingDate": "2002-06-13",
    "acceptedDate": "2002-06-13 13:25:08",
    "calendarYear": "2002",
    "period": "Q2",
    "revenue": 71910000,
    "costOfRevenue": 27746000,
    "grossProfit": 44164000,
    "grossProfitRatio": 0.6141565846,
    "researchAndDevelopmentExpenses": 918000,
    "generalAndAdministrativeExpenses": 0,
    "sellingAndMarketingExpenses": 0,
    "sellingGeneralAndAdministrativeExpenses": 28171000,
    "otherExpenses": 392000,
    "operatingExpenses": 29481000,
    "costAndExpenses": 57227000,
    "interestIncome": 0,
    "interestExpense": 1477000,
    "depreciationAndAmortization": 3052000,
    "ebitda": 17735000,
    "ebitdaratio": 0.2466277291,
    "operatingIncome": 14683000,
    "operatingIncomeRatio": 0.2041857878,
    "totalOtherIncomeExpensesNet": -1459000,
    "incomeBeforeTax": 13224000,
    "incomeBeforeTaxRatio": 0.1838965373,
    "incomeTaxExpense": 3306000,
    "netIncome": 9918000,
    "netIncomeRatio": 0.137922403,
    "eps": 0.33,
    "epsdiluted": 0.32,
    "weightedAverageShsOut": 30486000,
    "weightedAverageShsOutDil": 31128000,
    "link": "https://www.sec.gov/Archives/edgar/data/711404/000095011702001446/0000950117-02-001446-index.htm",
    "finalLink": "https://www.sec.gov/Archives/edgar/data/711404/000095011702001446/a32876.txt"
  },
  {
    "date": "2002-01-31",
    "symbol": "COO",
    "reportedCurrency": "USD",
    "cik": "0000711404",
    "fillingDate": "2002-03-13",
    "acceptedDate": "2002-03-13 00:00:00",
    "calendarYear": "2002",
    "period": "Q1",
    "revenue": 58112000,
    "costOfRevenue": 20625000,
    "grossProfit": 37487000,
    "grossProfitRatio": 0.6450819108,
    "researchAndDevelopmentExpenses": 857000,
    "generalAndAdministrativeExpenses": 0,
    "sellingAndMarketingExpenses": 0,
    "sellingGeneralAndAdministrativeExpenses": 23215000,
    "otherExpenses": 308000,
    "operatingExpenses": 24380000,
    "costAndExpenses": 45005000,
    "interestIncome": 0,
    "interestExpense": 0,
    "depreciationAndAmortization": 2093000,
    "ebitda": 15200000,
    "ebitdaratio": 0.2615638767,
    "operatingIncome": 13107000,
    "operatingIncomeRatio": 0.2255472192,
    "totalOtherIncomeExpensesNet": 143000,
    "incomeBeforeTax": 13250000,
    "incomeBeforeTaxRatio": 0.2280079846,
    "incomeTaxExpense": 3845000,
    "netIncome": 9405000,
    "netIncomeRatio": 0.1618426487,
    "eps": 0.31,
    "epsdiluted": 0.31,
    "weightedAverageShsOut": 30440000,
    "weightedAverageShsOutDil": 31076000,
    "link": "https://www.sec.gov/Archives/edgar/data/711404/000095011702000501/0000950117-02-000501-index.htm",
    "finalLink": "https://www.sec.gov/Archives/edgar/data/711404/000095011702000501/a32241.txt"
  },
  {
    "date": "2001-10-31",
    "symbol": "COO",
    "reportedCurrency": "USD",
    "cik": "0000711404",
    "fillingDate": "2002-01-25",
    "acceptedDate": "2002-01-25 00:00:00",
    "calendarYear": "2001",
    "period": "Q4",
    "revenue": 69685000,
    "costOfRevenue": 22365000,
    "grossProfit": 47320000,
    "grossProfitRatio": 0.6790557509,
    "researchAndDevelopmentExpenses": 822000,
    "generalAndAdministrativeExpenses": 0,
    "sellingAndMarketingExpenses": 0,
    "sellingGeneralAndAdministrativeExpenses": 27720000,
    "otherExpenses": 1316000,
    "operatingExpenses": 29858000,
    "costAndExpenses": 52223000,
    "interestIncome": 0,
    "interestExpense": 524000,
    "depreciationAndAmortization": 3082000,
    "ebitda": 20544000,
    "ebitdaratio": 0.29481237,
    "operatingIncome": 17462000,
    "operatingIncomeRatio": 0.2505847743,
    "totalOtherIncomeExpensesNet": -724000,
    "incomeBeforeTax": 16738000,
    "incomeBeforeTaxRatio": 0.240195164,
    "incomeTaxExpense": 4982000,
    "netIncome": 11756000,
    "netIncomeRatio": 0.1687020162,
    "eps": 0.39,
    "epsdiluted": 0.39,
    "weightedAverageShsOut": 30292000,
    "weightedAverageShsOutDil": 30440000,
    "link": "https://www.sec.gov/Archives/edgar/data/711404/000095011702000121/0000950117-02-000121-index.htm",
    "finalLink": "https://www.sec.gov/Archives/edgar/data/711404/000095011702000121/a31923.txt"
  },
  {
    "date": "2001-07-31",
    "symbol": "COO",
    "reportedCurrency": "USD",
    "cik": "0000711404",
    "fillingDate": "2001-09-07",
    "acceptedDate": "2001-09-07 00:00:00",
    "calendarYear": "2001",
    "period": "Q3",
    "revenue": 59961000,
    "costOfRevenue": 22336000,
    "grossProfit": 37625000,
    "grossProfitRatio": 0.6274912026,
    "researchAndDevelopmentExpenses": 1055000,
    "generalAndAdministrativeExpenses": 0,
    "sellingAndMarketingExpenses": 0,
    "sellingGeneralAndAdministrativeExpenses": 21112000,
    "otherExpenses": 1457000,
    "operatingExpenses": 23624000,
    "costAndExpenses": 45960000,
    "interestIncome": 0,
    "interestExpense": 652000,
    "depreciationAndAmortization": 2838000,
    "ebitda": 16839000,
    "ebitdaratio": 0.2808325412,
    "operatingIncome": 14001000,
    "operatingIncomeRatio": 0.2335017762,
    "totalOtherIncomeExpensesNet": -783000,
    "incomeBeforeTax": 13218000,
    "incomeBeforeTaxRatio": 0.2204432881,
    "incomeTaxExpense": 2857000,
    "netIncome": 10361000,
    "netIncomeRatio": 0.1727956505,
    "eps": 0.35,
    "epsdiluted": 0.34,
    "weightedAverageShsOut": 29984000,
    "weightedAverageShsOutDil": 30768000,
    "link": "https://www.sec.gov/Archives/edgar/data/711404/000095011701501144/0000950117-01-501144-index.htm",
    "finalLink": "https://www.sec.gov/Archives/edgar/data/711404/000095011701501144/a31312.txt"
  },
  {
    "date": "2001-04-30",
    "symbol": "COO",
    "reportedCurrency": "USD",
    "cik": "0000711404",
    "fillingDate": "2001-06-14",
    "acceptedDate": "2001-06-14 00:00:00",
    "calendarYear": "2001",
    "period": "Q2",
    "revenue": 56027000,
    "costOfRevenue": 19713000,
    "grossProfit": 36314000,
    "grossProfitRatio": 0.648151784,
    "researchAndDevelopmentExpenses": 897000,
    "generalAndAdministrativeExpenses": 0,
    "sellingAndMarketingExpenses": 0,
    "sellingGeneralAndAdministrativeExpenses": 20600000,
    "otherExpenses": 1187000,
    "operatingExpenses": 22684000,
    "costAndExpenses": 42397000,
    "interestIncome": 0,
    "interestExpense": 999000,
    "depreciationAndAmortization": 2532000,
    "ebitda": 16162000,
    "ebitdaratio": 0.28846806,
    "operatingIncome": 13630000,
    "operatingIncomeRatio": 0.2432755636,
    "totalOtherIncomeExpensesNet": -950000,
    "incomeBeforeTax": 12680000,
    "incomeBeforeTaxRatio": 0.2263194531,
    "incomeTaxExpense": 3970000,
    "netIncome": 8710000,
    "netIncomeRatio": 0.15546076,
    "eps": 0.3,
    "epsdiluted": 0.29,
    "weightedAverageShsOut": 29434000,
    "weightedAverageShsOutDil": 30248000,
    "link": "https://www.sec.gov/Archives/edgar/data/711404/000095011701500579/0000950117-01-500579-index.htm",
    "finalLink": "https://www.sec.gov/Archives/edgar/data/711404/000095011701500579/a29902.txt"
  },
  {
    "date": "2001-01-31",
    "symbol": "COO",
    "reportedCurrency": "USD",
    "cik": "0000711404",
    "fillingDate": "2001-03-13",
    "acceptedDate": "2001-03-13 00:00:00",
    "calendarYear": "2001",
    "period": "Q1",
    "revenue": 48899000,
    "costOfRevenue": 16790000,
    "grossProfit": 33186000,
    "grossProfitRatio": 0.6786641854,
    "researchAndDevelopmentExpenses": 884000,
    "generalAndAdministrativeExpenses": 0,
    "sellingAndMarketingExpenses": 0,
    "sellingGeneralAndAdministrativeExpenses": 20338000,
    "otherExpenses": 1222000,
    "operatingExpenses": 23521000,
    "costAndExpenses": 40311000,
    "interestIncome": 0,
    "interestExpense": 0,
    "depreciationAndAmortization": 2536000,
    "ebitda": 12201000,
    "ebitdaratio": 0.249514305,
    "operatingIncome": 9665000,
    "operatingIncomeRatio": 0.1976523037,
    "totalOtherIncomeExpensesNet": -173000,
    "incomeBeforeTax": 9492000,
    "incomeBeforeTaxRatio": 0.1941143991,
    "incomeTaxExpense": 3183000,
    "netIncome": 6309000,
    "netIncomeRatio": 0.1290210434,
    "eps": 0.22,
    "epsdiluted": 0.22,
    "weightedAverageShsOut": 28986000,
    "weightedAverageShsOutDil": 29636000,
    "link": "https://www.sec.gov/Archives/edgar/data/711404/000095011701000497/0000950117-01-000497-index.htm",
    "finalLink": "https://www.sec.gov/Archives/edgar/data/711404/000095011701000497/0000950117-01-000497-0001.txt"
  },
  {
    "date": "2000-10-31",
    "symbol": "COO",
    "reportedCurrency": "USD",
    "cik": "0000711404",
    "fillingDate": "2001-01-26",
    "acceptedDate": "2001-01-26 00:00:00",
    "calendarYear": "2000",
    "period": "Q4",
    "revenue": 55236000,
    "costOfRevenue": 17386000,
    "grossProfit": 37850000,
    "grossProfitRatio": 0.6852415092,
    "researchAndDevelopmentExpenses": 684000,
    "generalAndAdministrativeExpenses": 0,
    "sellingAndMarketingExpenses": 0,
    "sellingGeneralAndAdministrativeExpenses": 20623000,
    "otherExpenses": 2340000,
    "operatingExpenses": 23647000,
    "costAndExpenses": 41033000,
    "interestIncome": 0,
    "interestExpense": 567000,
    "depreciationAndAmortization": 2340000,
    "ebitda": 16543000,
    "ebitdaratio": 0.299496705,
    "operatingIncome": 14203000,
    "operatingIncomeRatio": 0.2571330292,
    "totalOtherIncomeExpensesNet": -749000,
    "incomeBeforeTax": 13454000,
    "incomeBeforeTaxRatio": 0.2435730321,
    "incomeTaxExpense": 4305000,
    "netIncome": 9149000,
    "netIncomeRatio": 0.165634731,
    "eps": 0.32,
    "epsdiluted": 0.32,
    "weightedAverageShsOut": 28646000,
    "weightedAverageShsOutDil": 28986000,
    "link": "https://www.sec.gov/Archives/edgar/data/711404/000095011701000155/0000950117-01-000155-index.htm",
    "finalLink": "https://www.sec.gov/Archives/edgar/data/711404/000095011701000155/0000950117-01-000155-0001.txt"
  },
  {
    "date": "2000-07-31",
    "symbol": "COO",
    "reportedCurrency": "USD",
    "cik": "0000711404",
    "fillingDate": "2000-09-08",
    "acceptedDate": "2000-09-08 00:00:00",
    "calendarYear": "2000",
    "period": "Q3",
    "revenue": 50908000,
    "costOfRevenue": 14136000,
    "grossProfit": 36772000,
    "grossProfitRatio": 0.7223226212,
    "researchAndDevelopmentExpenses": 703000,
    "generalAndAdministrativeExpenses": 0,
    "sellingAndMarketingExpenses": 0,
    "sellingGeneralAndAdministrativeExpenses": 18717000,
    "otherExpenses": 4303000,
    "operatingExpenses": 23723000,
    "costAndExpenses": 37859000,
    "interestIncome": 0,
    "interestExpense": 2444000,
    "depreciationAndAmortization": 4303000,
    "ebitda": 17352000,
    "ebitdaratio": 0.3408501611,
    "operatingIncome": 13049000,
    "operatingIncomeRatio": 0.2563251355,
    "totalOtherIncomeExpensesNet": -1804000,
    "incomeBeforeTax": 11245000,
    "incomeBeforeTaxRatio": 0.2208886619,
    "incomeTaxExpense": 2584000,
    "netIncome": 8661000,
    "netIncomeRatio": 0.1701304314,
    "eps": 0.31,
    "epsdiluted": 0.3,
    "weightedAverageShsOut": 28462000,
    "weightedAverageShsOutDil": 29192000,
    "link": "https://www.sec.gov/Archives/edgar/data/711404/000095011700002112/0000950117-00-002112-index.htm",
    "finalLink": "https://www.sec.gov/Archives/edgar/data/711404/000095011700002112/0000950117-00-002112-0001.txt"
  },
  {
    "date": "2000-04-30",
    "symbol": "COO",
    "reportedCurrency": "USD",
    "cik": "0000711404",
    "fillingDate": "2000-06-09",
    "acceptedDate": "2000-06-09 00:00:00",
    "calendarYear": "2000",
    "period": "Q2",
    "revenue": 50769000,
    "costOfRevenue": 18285000,
    "grossProfit": 32484000,
    "grossProfitRatio": 0.639839272,
    "researchAndDevelopmentExpenses": 676000,
    "generalAndAdministrativeExpenses": 0,
    "sellingAndMarketingExpenses": 0,
    "sellingGeneralAndAdministrativeExpenses": 19320000,
    "otherExpenses": 1111000,
    "operatingExpenses": 21107000,
    "costAndExpenses": 39392000,
    "interestIncome": 0,
    "interestExpense": 1148000,
    "depreciationAndAmortization": 1111000,
    "ebitda": 12488000,
    "ebitdaratio": 0.2459768757,
    "operatingIncome": 11377000,
    "operatingIncomeRatio": 0.2240934428,
    "totalOtherIncomeExpensesNet": -1208000,
    "incomeBeforeTax": 10169000,
    "incomeBeforeTaxRatio": 0.2002993953,
    "incomeTaxExpense": 3406000,
    "netIncome": 6763000,
    "netIncomeRatio": 0.1332112116,
    "eps": 0.24,
    "epsdiluted": 0.24,
    "weightedAverageShsOut": 28260000,
    "weightedAverageShsOutDil": 28876000,
    "link": "https://www.sec.gov/Archives/edgar/data/711404/000095011700001408/0000950117-00-001408-index.htm",
    "finalLink": "https://www.sec.gov/Archives/edgar/data/711404/000095011700001408/0000950117-00-001408-0001.txt"
  },
  {
    "date": "2000-01-31",
    "symbol": "COO",
    "reportedCurrency": "USD",
    "cik": "0000711404",
    "fillingDate": "2000-03-10",
    "acceptedDate": "2000-03-10 00:00:00",
    "calendarYear": "2000",
    "period": "Q1",
    "revenue": 40400000,
    "costOfRevenue": 14800000,
    "grossProfit": 25600000,
    "grossProfitRatio": 0.6336633663,
    "researchAndDevelopmentExpenses": 600000,
    "generalAndAdministrativeExpenses": 0,
    "sellingAndMarketingExpenses": 0,
    "sellingGeneralAndAdministrativeExpenses": 16800000,
    "otherExpenses": 0,
    "operatingExpenses": 17400000,
    "costAndExpenses": 32200000,
    "interestIncome": 0,
    "interestExpense": 1400000,
    "depreciationAndAmortization": 0,
    "ebitda": 8200000,
    "ebitdaratio": 0.202970297,
    "operatingIncome": 8200000,
    "operatingIncomeRatio": 0.202970297,
    "totalOtherIncomeExpensesNet": -1000000,
    "incomeBeforeTax": 7200000,
    "incomeBeforeTaxRatio": 0.1782178218,
    "incomeTaxExpense": 2400000,
    "netIncome": 4400000,
    "netIncomeRatio": 0.1089108911,
    "eps": 0.16,
    "epsdiluted": 0.15,
    "weightedAverageShsOut": 28138000,
    "weightedAverageShsOutDil": 28718000,
    "link": "https://www.sec.gov/Archives/edgar/data/711404/000095011700000584/0000950117-00-000584-index.html",
    "finalLink": "https://www.sec.gov/Archives/edgar/data/711404/000095011700000584/"
  },
  {
    "date": "1999-10-31",
    "symbol": "COO",
    "reportedCurrency": "USD",
    "cik": "0000711404",
    "fillingDate": "2000-01-28",
    "acceptedDate": "2000-01-28 00:00:00",
    "calendarYear": "1999",
    "period": "Q4",
    "revenue": 45200000,
    "costOfRevenue": 10700000,
    "grossProfit": 34500000,
    "grossProfitRatio": 0.7632743363,
    "researchAndDevelopmentExpenses": 700000,
    "generalAndAdministrativeExpenses": 0,
    "sellingAndMarketingExpenses": 0,
    "sellingGeneralAndAdministrativeExpenses": 15900000,
    "otherExpenses": 5500000,
    "operatingExpenses": 22100000,
    "costAndExpenses": 32800000,
    "interestIncome": 0,
    "interestExpense": 1200000,
    "depreciationAndAmortization": 5500000,
    "ebitda": 17900000,
    "ebitdaratio": 0.3960176991,
    "operatingIncome": 12400000,
    "operatingIncomeRatio": 0.2743362832,
    "totalOtherIncomeExpensesNet": -1300000,
    "incomeBeforeTax": 11100000,
    "incomeBeforeTaxRatio": 0.2455752212,
    "incomeTaxExpense": 3600000,
    "netIncome": 7500000,
    "netIncomeRatio": 0.1659292035,
    "eps": 0.27,
    "epsdiluted": 0.27,
    "weightedAverageShsOut": 28138000,
    "weightedAverageShsOutDil": 28138000,
    "link": "https://www.sec.gov/Archives/edgar/data/711404/000095011700000158/0000950117-00-000158-index.html",
    "finalLink": "https://www.sec.gov/Archives/edgar/data/711404/000095011700000158/"
  },
  {
    "date": "1999-07-31",
    "symbol": "COO",
    "reportedCurrency": "USD",
    "cik": "0000711404",
    "fillingDate": "1999-09-13",
    "acceptedDate": "1999-09-13 00:00:00",
    "calendarYear": "1999",
    "period": "Q3",
    "revenue": 43400000,
    "costOfRevenue": 15100000,
    "grossProfit": 28300000,
    "grossProfitRatio": 0.6520737327,
    "researchAndDevelopmentExpenses": 400000,
    "generalAndAdministrativeExpenses": 0,
    "sellingAndMarketingExpenses": 0,
    "sellingGeneralAndAdministrativeExpenses": 16000000,
    "otherExpenses": 1000000,
    "operatingExpenses": 17400000,
    "costAndExpenses": 32500000,
    "interestIncome": 0,
    "interestExpense": 1200000,
    "depreciationAndAmortization": 1000000,
    "ebitda": 11900000,
    "ebitdaratio": 0.2741935484,
    "operatingIncome": 10900000,
    "operatingIncomeRatio": 0.2511520737,
    "totalOtherIncomeExpensesNet": -1300000,
    "incomeBeforeTax": 9600000,
    "incomeBeforeTaxRatio": 0.2211981567,
    "incomeTaxExpense": 3100000,
    "netIncome": 6500000,
    "netIncomeRatio": 0.1497695853,
    "eps": 0.12,
    "epsdiluted": 0.12,
    "weightedAverageShsOut": 28048000,
    "weightedAverageShsOutDil": 28048000,
    "link": "https://www.sec.gov/Archives/edgar/data/711404/000095011799001908/0000950117-99-001908-index.html",
    "finalLink": "https://www.sec.gov/Archives/edgar/data/711404/000095011799001908/"
  },
  {
    "date": "1999-04-30",
    "symbol": "COO",
    "reportedCurrency": "USD",
    "cik": "0000711404",
    "fillingDate": "1999-06-11",
    "acceptedDate": "1999-06-11 00:00:00",
    "calendarYear": "1999",
    "period": "Q2",
    "revenue": 41700000,
    "costOfRevenue": 15200000,
    "grossProfit": 26500000,
    "grossProfitRatio": 0.6354916067,
    "researchAndDevelopmentExpenses": 400000,
    "generalAndAdministrativeExpenses": 0,
    "sellingAndMarketingExpenses": 0,
    "sellingGeneralAndAdministrativeExpenses": 15500000,
    "otherExpenses": 1000000,
    "operatingExpenses": 16900000,
    "costAndExpenses": 32100000,
    "interestIncome": 0,
    "interestExpense": 0,
    "depreciationAndAmortization": 1000000,
    "ebitda": 10600000,
    "ebitdaratio": 0.2541966427,
    "operatingIncome": 9600000,
    "operatingIncomeRatio": 0.2302158273,
    "totalOtherIncomeExpensesNet": -1700000,
    "incomeBeforeTax": 7900000,
    "incomeBeforeTaxRatio": 0.1894484412,
    "incomeTaxExpense": 2600000,
    "netIncome": 7100000,
    "netIncomeRatio": 0.170263789,
    "eps": 0.13,
    "epsdiluted": 0.13,
    "weightedAverageShsOut": 27842000,
    "weightedAverageShsOutDil": 27842000,
    "link": "https://www.sec.gov/Archives/edgar/data/711404/000095011799001224/0000950117-99-001224-index.html",
    "finalLink": "https://www.sec.gov/Archives/edgar/data/711404/000095011799001224/"
  },
  {
    "date": "1999-01-31",
    "symbol": "COO",
    "reportedCurrency": "USD",
    "cik": "0000711404",
    "fillingDate": "1999-03-11",
    "acceptedDate": "1999-03-11 00:00:00",
    "calendarYear": "1999",
    "period": "Q1",
    "revenue": 35000000,
    "costOfRevenue": 14400000,
    "grossProfit": 20600000,
    "grossProfitRatio": 0.5885714286,
    "researchAndDevelopmentExpenses": 500000,
    "generalAndAdministrativeExpenses": 0,
    "sellingAndMarketingExpenses": 0,
    "sellingGeneralAndAdministrativeExpenses": 14200000,
    "otherExpenses": 0,
    "operatingExpenses": 14700000,
    "costAndExpenses": 29100000,
    "interestIncome": 0,
    "interestExpense": 600000,
    "depreciationAndAmortization": 0,
    "ebitda": 5900000,
    "ebitdaratio": 0.1685714286,
    "operatingIncome": 5900000,
    "operatingIncomeRatio": 0.1685714286,
    "totalOtherIncomeExpensesNet": -1900000,
    "incomeBeforeTax": 4000000,
    "incomeBeforeTaxRatio": 0.1142857143,
    "incomeTaxExpense": 1400000,
    "netIncome": 3900000,
    "netIncomeRatio": 0.1114285714,
    "eps": 0.0675,
    "epsdiluted": 0.0675,
    "weightedAverageShsOut": 27884000,
    "weightedAverageShsOutDil": 27884000,
    "link": "https://www.sec.gov/Archives/edgar/data/711404/000095011799000478/0000950117-99-000478-index.html",
    "finalLink": "https://www.sec.gov/Archives/edgar/data/711404/"
  },
  {
    "date": "1998-10-31",
    "symbol": "COO",
    "reportedCurrency": "USD",
    "cik": "0000711404",
    "fillingDate": "1999-01-27",
    "acceptedDate": "1999-01-27 00:00:00",
    "calendarYear": "1998",
    "period": "Q4",
    "revenue": -1600000,
    "costOfRevenue": -26700000,
    "grossProfit": 25100000,
    "grossProfitRatio": -15.6875,
    "researchAndDevelopmentExpenses": 400000,
    "generalAndAdministrativeExpenses": 0,
    "sellingAndMarketingExpenses": 0,
    "sellingGeneralAndAdministrativeExpenses": 16000000,
    "otherExpenses": 5700000,
    "operatingExpenses": 22100000,
    "costAndExpenses": -4600000,
    "interestIncome": 0,
    "interestExpense": 21900000,
    "depreciationAndAmortization": 5700000,
    "ebitda": 8700000,
    "ebitdaratio": -5.4375,
    "operatingIncome": 3000000,
    "operatingIncomeRatio": -1.875,
    "totalOtherIncomeExpensesNet": -2900000,
    "incomeBeforeTax": 100000,
    "incomeBeforeTaxRatio": -0.0625,
    "incomeTaxExpense": -33000000,
    "netIncome": 15100000,
    "netIncomeRatio": -9.4375,
    "eps": 1.19,
    "epsdiluted": 1.19,
    "weightedAverageShsOut": 27884000,
    "weightedAverageShsOutDil": 27884000,
    "link": "https://www.sec.gov/Archives/edgar/data/711404/000095011799000112/0000950117-99-000112-index.html",
    "finalLink": "https://www.sec.gov/Archives/edgar/data/711404/"
  },
  {
    "date": "1998-07-31",
    "symbol": "COO",
    "reportedCurrency": "USD",
    "cik": "0000711404",
    "fillingDate": "1998-09-04",
    "acceptedDate": "1998-09-04 00:00:00",
    "calendarYear": "1998",
    "period": "Q3",
    "revenue": 54200000,
    "costOfRevenue": 14900000,
    "grossProfit": 24800000,
    "grossProfitRatio": 0.4575645756,
    "researchAndDevelopmentExpenses": 500000,
    "generalAndAdministrativeExpenses": 0,
    "sellingAndMarketingExpenses": 0,
    "sellingGeneralAndAdministrativeExpenses": 14100000,
    "otherExpenses": 900000,
    "operatingExpenses": 15500000,
    "costAndExpenses": 30400000,
    "interestIncome": 0,
    "interestExpense": 2200000,
    "depreciationAndAmortization": 900000,
    "ebitda": 10200000,
    "ebitdaratio": 0.1881918819,
    "operatingIncome": 9300000,
    "operatingIncomeRatio": 0.1715867159,
    "totalOtherIncomeExpensesNet": -1900000,
    "incomeBeforeTax": 9300000,
    "incomeBeforeTaxRatio": 0.1715867159,
    "incomeTaxExpense": -900000,
    "netIncome": 10200000,
    "netIncomeRatio": 0.1881918819,
    "eps": 0.34,
    "epsdiluted": 0.33,
    "weightedAverageShsOut": 29705882,
    "weightedAverageShsOutDil": 30606061,
    "link": "https://www.sec.gov/Archives/edgar/data/711404/000095011798001699/0000950117-98-001699-index.html",
    "finalLink": "https://www.sec.gov/Archives/edgar/data/711404/"
  },
  {
    "date": "1998-04-30",
    "symbol": "COO",
    "reportedCurrency": "USD",
    "cik": "0000711404",
    "fillingDate": "1998-06-11",
    "acceptedDate": "1998-06-11 00:00:00",
    "calendarYear": "1998",
    "period": "Q2",
    "revenue": 51800000,
    "costOfRevenue": 13000000,
    "grossProfit": 24500000,
    "grossProfitRatio": 0.472972973,
    "researchAndDevelopmentExpenses": 500000,
    "generalAndAdministrativeExpenses": 0,
    "sellingAndMarketingExpenses": 0,
    "sellingGeneralAndAdministrativeExpenses": 14500000,
    "otherExpenses": 900000,
    "operatingExpenses": 15900000,
    "costAndExpenses": 28900000,
    "interestIncome": 0,
    "interestExpense": 1500000,
    "depreciationAndAmortization": 900000,
    "ebitda": 9500000,
    "ebitdaratio": 0.1833976834,
    "operatingIncome": 8600000,
    "operatingIncomeRatio": 0.166023166,
    "totalOtherIncomeExpensesNet": -1700000,
    "incomeBeforeTax": 8000000,
    "incomeBeforeTaxRatio": 0.1544401544,
    "incomeTaxExpense": -500000,
    "netIncome": 8500000,
    "netIncomeRatio": 0.1640926641,
    "eps": 0.28,
    "epsdiluted": 0.28,
    "weightedAverageShsOut": 29824561,
    "weightedAverageShsOutDil": 30909091,
    "link": "https://www.sec.gov/Archives/edgar/data/711404/000095011798001200/0000950117-98-001200-index.html",
    "finalLink": "https://www.sec.gov/Archives/edgar/data/711404/"
  },
  {
    "date": "1998-01-31",
    "symbol": "COO",
    "reportedCurrency": "USD",
    "cik": "0000711404",
    "fillingDate": "1998-03-13",
    "acceptedDate": "1998-03-13 00:00:00",
    "calendarYear": "1998",
    "period": "Q1",
    "revenue": 42800000,
    "costOfRevenue": 12000000,
    "grossProfit": 17400000,
    "grossProfitRatio": 0.4065420561,
    "researchAndDevelopmentExpenses": 500000,
    "generalAndAdministrativeExpenses": 0,
    "sellingAndMarketingExpenses": 0,
    "sellingGeneralAndAdministrativeExpenses": 11700000,
    "otherExpenses": 0,
    "operatingExpenses": 12200000,
    "costAndExpenses": 24200000,
    "interestIncome": 0,
    "interestExpense": 200000,
    "depreciationAndAmortization": 0,
    "ebitda": 5200000,
    "ebitdaratio": 0.1214953271,
    "operatingIncome": 5200000,
    "operatingIncomeRatio": 0.1214953271,
    "totalOtherIncomeExpensesNet": -300000,
    "incomeBeforeTax": 5600000,
    "incomeBeforeTaxRatio": 0.1308411215,
    "incomeTaxExpense": -400000,
    "netIncome": 6000000,
    "netIncomeRatio": 0.1401869159,
    "eps": 0.2,
    "epsdiluted": 0.2,
    "weightedAverageShsOut": 30000000,
    "weightedAverageShsOutDil": 30000000,
    "link": "https://www.sec.gov/Archives/edgar/data/711404/000095011798000519/0000950117-98-000519-index.html",
    "finalLink": "https://www.sec.gov/Archives/edgar/data/711404/"
  },
  {
    "date": "1997-10-31",
    "symbol": "COO",
    "reportedCurrency": "USD",
    "cik": "0000711404",
    "fillingDate": "1998-01-27",
    "acceptedDate": "1998-01-27 00:00:00",
    "calendarYear": "1997",
    "period": "Q4",
    "revenue": 40500000,
    "costOfRevenue": 17300000,
    "grossProfit": 23200000,
    "grossProfitRatio": 0.5728395062,
    "researchAndDevelopmentExpenses": 500000,
    "generalAndAdministrativeExpenses": 0,
    "sellingAndMarketingExpenses": 0,
    "sellingGeneralAndAdministrativeExpenses": 11100000,
    "otherExpenses": 3500000,
    "operatingExpenses": 15100000,
    "costAndExpenses": 32400000,
    "interestIncome": 0,
    "interestExpense": 17300000,
    "depreciationAndAmortization": 3500000,
    "ebitda": 11600000,
    "ebitdaratio": 0.2864197531,
    "operatingIncome": 8100000,
    "operatingIncomeRatio": 0.2,
    "totalOtherIncomeExpensesNet": -300000,
    "incomeBeforeTax": 7800000,
    "incomeBeforeTaxRatio": 0.1925925926,
    "incomeTaxExpense": -24700000,
    "netIncome": 15500000,
    "netIncomeRatio": 0.3827160494,
    "eps": 1.06,
    "epsdiluted": 1.06,
    "weightedAverageShsOut": 30769231,
    "weightedAverageShsOutDil": 30769231,
    "link": "https://www.sec.gov/Archives/edgar/data/711404/000095011798000109/0000950117-98-000109-index.html",
    "finalLink": "https://www.sec.gov/Archives/edgar/data/711404/"
  },
  {
    "date": "1997-07-31",
    "symbol": "COO",
    "reportedCurrency": "USD",
    "cik": "0000711404",
    "fillingDate": "1997-09-02",
    "acceptedDate": "1997-09-02 00:00:00",
    "calendarYear": "1997",
    "period": "Q3",
    "revenue": 38900000,
    "costOfRevenue": 20400000,
    "grossProfit": 18500000,
    "grossProfitRatio": 0.4755784062,
    "researchAndDevelopmentExpenses": 500000,
    "generalAndAdministrativeExpenses": 0,
    "sellingAndMarketingExpenses": 0,
    "sellingGeneralAndAdministrativeExpenses": 10200000,
    "otherExpenses": 500000,
    "operatingExpenses": 11200000,
    "costAndExpenses": 31600000,
    "interestIncome": 0,
    "interestExpense": 1000000,
    "depreciationAndAmortization": 500000,
    "ebitda": 7800000,
    "ebitdaratio": 0.2005141388,
    "operatingIncome": 7300000,
    "operatingIncomeRatio": 0.1876606684,
    "totalOtherIncomeExpensesNet": -1100000,
    "incomeBeforeTax": 6200000,
    "incomeBeforeTaxRatio": 0.1593830334,
    "incomeTaxExpense": -1000000,
    "netIncome": 7200000,
    "netIncomeRatio": 0.1850899743,
    "eps": 0.28,
    "epsdiluted": 0.28,
    "weightedAverageShsOut": 26181818,
    "weightedAverageShsOutDil": 26181818,
    "link": "https://www.sec.gov/Archives/edgar/data/711404/000095011797001464/0000950117-97-001464-index.html",
    "finalLink": "https://www.sec.gov/Archives/edgar/data/711404/"
  },
  {
    "date": "1997-04-30",
    "symbol": "COO",
    "reportedCurrency": "USD",
    "cik": "0000711404",
    "fillingDate": "1997-06-12",
    "acceptedDate": "1997-06-12 00:00:00",
    "calendarYear": "1997",
    "period": "Q2",
    "revenue": 33700000,
    "costOfRevenue": 17500000,
    "grossProfit": 16200000,
    "grossProfitRatio": 0.4807121662,
    "researchAndDevelopmentExpenses": 400000,
    "generalAndAdministrativeExpenses": 0,
    "sellingAndMarketingExpenses": 0,
    "sellingGeneralAndAdministrativeExpenses": 9100000,
    "otherExpenses": 400000,
    "operatingExpenses": 9900000,
    "costAndExpenses": 27400000,
    "interestIncome": 0,
    "interestExpense": 1400000,
    "depreciationAndAmortization": 400000,
    "ebitda": 6700000,
    "ebitdaratio": 0.1988130564,
    "operatingIncome": 6300000,
    "operatingIncomeRatio": 0.1869436202,
    "totalOtherIncomeExpensesNet": -1300000,
    "incomeBeforeTax": 5000000,
    "incomeBeforeTaxRatio": 0.1483679525,
    "incomeTaxExpense": -400000,
    "netIncome": 5400000,
    "netIncomeRatio": 0.1602373887,
    "eps": 0.22,
    "epsdiluted": 0.22,
    "weightedAverageShsOut": 24545455,
    "weightedAverageShsOutDil": 24545455,
    "link": "https://www.sec.gov/Archives/edgar/data/711404/000095011797001034/0000950117-97-001034-index.html",
    "finalLink": "https://www.sec.gov/Archives/edgar/data/711404/"
  },
  {
    "date": "1997-01-31",
    "symbol": "COO",
    "reportedCurrency": "USD",
    "cik": "0000711404",
    "fillingDate": "1997-03-06",
    "acceptedDate": "1997-03-06 00:00:00",
    "calendarYear": "1997",
    "period": "Q1",
    "revenue": 28400000,
    "costOfRevenue": 15700000,
    "grossProfit": 12700000,
    "grossProfitRatio": 0.4471830986,
    "researchAndDevelopmentExpenses": 300000,
    "generalAndAdministrativeExpenses": 0,
    "sellingAndMarketingExpenses": 0,
    "sellingGeneralAndAdministrativeExpenses": 8000000,
    "otherExpenses": 300000,
    "operatingExpenses": 8600000,
    "costAndExpenses": 24300000,
    "interestIncome": 0,
    "interestExpense": 1200000,
    "depreciationAndAmortization": 300000,
    "ebitda": 4400000,
    "ebitdaratio": 0.1549295775,
    "operatingIncome": 4100000,
    "operatingIncomeRatio": 0.1443661972,
    "totalOtherIncomeExpensesNet": -1200000,
    "incomeBeforeTax": 2900000,
    "incomeBeforeTaxRatio": 0.1021126761,
    "incomeTaxExpense": -400000,
    "netIncome": 3300000,
    "netIncomeRatio": 0.1161971831,
    "eps": 0.14,
    "epsdiluted": 0.14,
    "weightedAverageShsOut": 23571429,
    "weightedAverageShsOutDil": 23571429,
    "link": "https://www.sec.gov/Archives/edgar/data/711404/000095011797000374/0000950117-97-000374-index.html",
    "finalLink": "https://www.sec.gov/Archives/edgar/data/711404/"
  },
  {
    "date": "1996-10-31",
    "symbol": "COO",
    "reportedCurrency": "USD",
    "cik": "0000711404",
    "fillingDate": "1997-01-27",
    "acceptedDate": "1997-01-27 00:00:00",
    "calendarYear": "1996",
    "period": "Q4",
    "revenue": 31200000,
    "costOfRevenue": 14100000,
    "grossProfit": 17100000,
    "grossProfitRatio": 0.5480769231,
    "researchAndDevelopmentExpenses": 300000,
    "generalAndAdministrativeExpenses": 0,
    "sellingAndMarketingExpenses": 0,
    "sellingGeneralAndAdministrativeExpenses": 8100000,
    "otherExpenses": 3200000,
    "operatingExpenses": 11600000,
    "costAndExpenses": 25700000,
    "interestIncome": 0,
    "interestExpense": 900000,
    "depreciationAndAmortization": 3200000,
    "ebitda": 8700000,
    "ebitdaratio": 0.2788461538,
    "operatingIncome": 5500000,
    "operatingIncomeRatio": 0.1762820513,
    "totalOtherIncomeExpensesNet": -1100000,
    "incomeBeforeTax": 4400000,
    "incomeBeforeTaxRatio": 0.141025641,
    "incomeTaxExpense": -4100000,
    "netIncome": 8500000,
    "netIncomeRatio": 0.2724358974,
    "eps": 0.36,
    "epsdiluted": 0.36,
    "weightedAverageShsOut": 22432350,
    "weightedAverageShsOutDil": 23571429,
    "link": "https://www.sec.gov/Archives/edgar/data/711404/000095011797000110/0000950117-97-000110-index.html",
    "finalLink": "https://www.sec.gov/Archives/edgar/data/711404/"
  },
  {
    "date": "1996-07-31",
    "symbol": "COO",
    "reportedCurrency": "USD",
    "cik": "0000711404",
    "fillingDate": "1996-08-30",
    "acceptedDate": "1996-08-30 00:00:00",
    "calendarYear": "1996",
    "period": "Q3",
    "revenue": 28900000,
    "costOfRevenue": 15500000,
    "grossProfit": 13400000,
    "grossProfitRatio": 0.4636678201,
    "researchAndDevelopmentExpenses": 300000,
    "generalAndAdministrativeExpenses": 0,
    "sellingAndMarketingExpenses": 0,
    "sellingGeneralAndAdministrativeExpenses": 7300000,
    "otherExpenses": 300000,
    "operatingExpenses": 7900000,
    "costAndExpenses": 23400000,
    "interestIncome": 0,
    "interestExpense": 1400000,
    "depreciationAndAmortization": 300000,
    "ebitda": 5800000,
    "ebitdaratio": 0.2006920415,
    "operatingIncome": 5500000,
    "operatingIncomeRatio": 0.1903114187,
    "totalOtherIncomeExpensesNet": -1400000,
    "incomeBeforeTax": 4100000,
    "incomeBeforeTaxRatio": 0.1418685121,
    "incomeTaxExpense": -600000,
    "netIncome": 4700000,
    "netIncomeRatio": 0.1626297578,
    "eps": 0.2,
    "epsdiluted": 0.2,
    "weightedAverageShsOut": 23500000,
    "weightedAverageShsOutDil": 23500000,
    "link": "https://www.sec.gov/Archives/edgar/data/711404/000095011796001054/0000950117-96-001054-index.html",
    "finalLink": "https://www.sec.gov/Archives/edgar/data/711404/"
  },
  {
    "date": "1996-04-30",
    "symbol": "COO",
    "reportedCurrency": "USD",
    "cik": "0000711404",
    "fillingDate": "1996-06-10",
    "acceptedDate": "1996-06-10 00:00:00",
    "calendarYear": "1996",
    "period": "Q2",
    "revenue": 26800000,
    "costOfRevenue": 14600000,
    "grossProfit": 12200000,
    "grossProfitRatio": 0.4552238806,
    "researchAndDevelopmentExpenses": 300000,
    "generalAndAdministrativeExpenses": 0,
    "sellingAndMarketingExpenses": 0,
    "sellingGeneralAndAdministrativeExpenses": 7600000,
    "otherExpenses": 200000,
    "operatingExpenses": 8100000,
    "costAndExpenses": 22700000,
    "interestIncome": 0,
    "interestExpense": 1100000,
    "depreciationAndAmortization": 200000,
    "ebitda": 4300000,
    "ebitdaratio": 0.1604477612,
    "operatingIncome": 4100000,
    "operatingIncomeRatio": 0.1529850746,
    "totalOtherIncomeExpensesNet": -1200000,
    "incomeBeforeTax": 2900000,
    "incomeBeforeTaxRatio": 0.1082089552,
    "incomeTaxExpense": 100000,
    "netIncome": 2800000,
    "netIncomeRatio": 0.1044776119,
    "eps": 0.12,
    "epsdiluted": 0.12,
    "weightedAverageShsOut": 23333333,
    "weightedAverageShsOutDil": 23333333,
    "link": "https://www.sec.gov/Archives/edgar/data/711404/000095011796000599/0000950117-96-000599-index.html",
    "finalLink": "https://www.sec.gov/Archives/edgar/data/711404/"
  },
  {
    "date": "1996-01-31",
    "symbol": "COO",
    "reportedCurrency": "USD",
    "cik": "0000711404",
    "fillingDate": "1996-03-14",
    "acceptedDate": "1996-03-14 00:00:00",
    "calendarYear": "1996",
    "period": "Q1",
    "revenue": 22200000,
    "costOfRevenue": 13300000,
    "grossProfit": 8900000,
    "grossProfitRatio": 0.4009009009,
    "researchAndDevelopmentExpenses": 300000,
    "generalAndAdministrativeExpenses": 0,
    "sellingAndMarketingExpenses": 0,
    "sellingGeneralAndAdministrativeExpenses": 6700000,
    "otherExpenses": 200000,
    "operatingExpenses": 7200000,
    "costAndExpenses": 20500000,
    "interestIncome": 0,
    "interestExpense": 0,
    "depreciationAndAmortization": 200000,
    "ebitda": 1900000,
    "ebitdaratio": 0.0855855856,
    "operatingIncome": 1700000,
    "operatingIncomeRatio": 0.0765765766,
    "totalOtherIncomeExpensesNet": -1700000,
    "incomeBeforeTax": 1800000,
    "incomeBeforeTaxRatio": 0.0810810811,
    "incomeTaxExpense": 900000,
    "netIncome": 700000,
    "netIncomeRatio": 0.0315315315,
    "eps": 0.03,
    "epsdiluted": 0.03,
    "weightedAverageShsOut": 23333333,
    "weightedAverageShsOutDil": 23333333,
    "link": "https://www.sec.gov/Archives/edgar/data/711404/000095011796000209/0000950117-96-000209-index.html",
    "finalLink": "https://www.sec.gov/Archives/edgar/data/711404/"
  },
  {
    "date": "1995-10-31",
    "symbol": "COO",
    "reportedCurrency": "USD",
    "cik": "0000711404",
    "fillingDate": "1996-01-16",
    "acceptedDate": "1996-01-16 00:00:00",
    "calendarYear": "1995",
    "period": "Q4",
    "revenue": 24800000,
    "costOfRevenue": 13600000,
    "grossProfit": 11200000,
    "grossProfitRatio": 0.4516129032,
    "researchAndDevelopmentExpenses": 400000,
    "generalAndAdministrativeExpenses": 0,
    "sellingAndMarketingExpenses": 0,
    "sellingGeneralAndAdministrativeExpenses": 5500000,
    "otherExpenses": 2700000,
    "operatingExpenses": 8600000,
    "costAndExpenses": 22200000,
    "interestIncome": 0,
    "interestExpense": 11400000,
    "depreciationAndAmortization": 2700000,
    "ebitda": 5300000,
    "ebitdaratio": 0.2137096774,
    "operatingIncome": 2600000,
    "operatingIncomeRatio": 0.1048387097,
    "totalOtherIncomeExpensesNet": -6300000,
    "incomeBeforeTax": -3700000,
    "incomeBeforeTaxRatio": -0.1491935484,
    "incomeTaxExpense": -100000,
    "netIncome": -3600000,
    "netIncomeRatio": -0.1451612903,
    "eps": -0.15,
    "epsdiluted": -0.15,
    "weightedAverageShsOut": 23333333,
    "weightedAverageShsOutDil": 23333333,
    "link": "https://www.sec.gov/Archives/edgar/data/711404/000095011796000034/0000950117-96-000034-index.html",
    "finalLink": "https://www.sec.gov/Archives/edgar/data/711404/"
  }
]