[
  {
    "date": "2025-06-30",
    "symbol": "COP",
    "reportedCurrency": "USD",
    "cik": "0001163165",
    "fillingDate": "2025-08-07",
    "acceptedDate": "2025-08-07 07:34:05",
    "calendarYear": "2025",
    "period": "Q2",
    "revenue": 13979000000,
    "costOfRevenue": 10569000000,
    "grossProfit": 3410000000,
    "grossProfitRatio": 0.2439373346,
    "researchAndDevelopmentExpenses": 0,
    "generalAndAdministrativeExpenses": 0,
    "sellingAndMarketingExpenses": 0,
    "sellingGeneralAndAdministrativeExpenses": 250000000,
    "otherExpenses": 572000000,
    "operatingExpenses": 822000000,
    "costAndExpenses": 11391000000,
    "interestIncome": 0,
    "interestExpense": 327000000,
    "depreciationAndAmortization": 2862000000,
    "ebitda": 6206000000,
    "ebitdaratio": 0.4439516417,
    "operatingIncome": 2588000000,
    "operatingIncomeRatio": 0.1851348451,
    "totalOtherIncomeExpensesNet": 429000000,
    "incomeBeforeTax": 3017000000,
    "incomeBeforeTaxRatio": 0.2158237356,
    "incomeTaxExpense": 1046000000,
    "netIncome": 1964000000,
    "netIncomeRatio": 0.140496459,
    "eps": 1.5618,
    "epsdiluted": 1.56,
    "weightedAverageShsOut": 1257512000,
    "weightedAverageShsOutDil": 1258998000,
    "link": "https://www.sec.gov/Archives/edgar/data/1163165/000116316525000042/0001163165-25-000042-index.htm",
    "finalLink": "https://www.sec.gov/Archives/edgar/data/1163165/000116316525000042/cop-20250630.htm"
  },
  {
    "date": "2025-03-31",
    "symbol": "COP",
    "reportedCurrency": "USD",
    "cik": "0001163165",
    "fillingDate": "2025-05-08",
    "acceptedDate": "2025-05-08 13:31:57",
    "calendarYear": "2025",
    "period": "Q1",
    "revenue": 16458000000,
    "costOfRevenue": 11518000000,
    "grossProfit": 4940000000,
    "grossProfitRatio": 0.3001579779,
    "researchAndDevelopmentExpenses": 0,
    "generalAndAdministrativeExpenses": 0,
    "sellingAndMarketingExpenses": 0,
    "sellingGeneralAndAdministrativeExpenses": 191000000,
    "otherExpenses": 551000000,
    "operatingExpenses": 742000000,
    "costAndExpenses": 12260000000,
    "interestIncome": 0,
    "interestExpense": 299000000,
    "depreciationAndAmortization": 2807000000,
    "ebitda": 7572000000,
    "ebitdaratio": 0.4600802042,
    "operatingIncome": 4198000000,
    "operatingIncomeRatio": 0.2550735205,
    "totalOtherIncomeExpensesNet": 268000000,
    "incomeBeforeTax": 4466000000,
    "incomeBeforeTaxRatio": 0.2713573946,
    "incomeTaxExpense": 1617000000,
    "netIncome": 2840000000,
    "netIncomeRatio": 0.1725604569,
    "eps": 2.23,
    "epsdiluted": 2.23,
    "weightedAverageShsOut": 1273350000,
    "weightedAverageShsOutDil": 1274879000,
    "link": "https://www.sec.gov/Archives/edgar/data/1163165/000116316525000025/0001163165-25-000025-index.htm",
    "finalLink": "https://www.sec.gov/Archives/edgar/data/1163165/000116316525000025/cop-20250331.htm"
  },
  {
    "date": "2024-12-31",
    "symbol": "COP",
    "reportedCurrency": "USD",
    "cik": "0001163165",
    "fillingDate": "2025-02-18",
    "acceptedDate": "2025-02-18 14:48:53",
    "calendarYear": "2024",
    "period": "Q4",
    "revenue": 14238000000,
    "costOfRevenue": 10109000000,
    "grossProfit": 4129000000,
    "grossProfitRatio": 0.2899985953,
    "researchAndDevelopmentExpenses": 81000000,
    "generalAndAdministrativeExpenses": 0,
    "sellingAndMarketingExpenses": 0,
    "sellingGeneralAndAdministrativeExpenses": 630000000,
    "otherExpenses": 439000000,
    "operatingExpenses": 1150000000,
    "costAndExpenses": 11259000000,
    "interestIncome": 0,
    "interestExpense": 276000000,
    "depreciationAndAmortization": 2662000000,
    "ebitda": 5908000000,
    "ebitdaratio": 0.4149459194,
    "operatingIncome": 2979000000,
    "operatingIncomeRatio": 0.2092288243,
    "totalOtherIncomeExpensesNet": -9000000,
    "incomeBeforeTax": 2970000000,
    "incomeBeforeTaxRatio": 0.208596713,
    "incomeTaxExpense": 664000000,
    "netIncome": 2300000000,
    "netIncomeRatio": 0.1615395421,
    "eps": 1.9,
    "epsdiluted": 1.9,
    "weightedAverageShsOut": 1178920000,
    "weightedAverageShsOutDil": 1180871000,
    "link": "https://www.sec.gov/Archives/edgar/data/1163165/000116316525000012/0001163165-25-000012-index.htm",
    "finalLink": "https://www.sec.gov/Archives/edgar/data/1163165/000116316525000012/cop-20241231.htm"
  },
  {
    "date": "2024-09-30",
    "symbol": "COP",
    "reportedCurrency": "USD",
    "cik": "0001163165",
    "fillingDate": "2024-10-31",
    "acceptedDate": "2024-10-31 13:38:16",
    "calendarYear": "2024",
    "period": "Q3",
    "revenue": 12992000000,
    "costOfRevenue": 9422000000,
    "grossProfit": 3570000000,
    "grossProfitRatio": 0.2747844828,
    "researchAndDevelopmentExpenses": 0,
    "generalAndAdministrativeExpenses": 0,
    "sellingAndMarketingExpenses": 0,
    "sellingGeneralAndAdministrativeExpenses": 186000000,
    "otherExpenses": 476000000,
    "operatingExpenses": 662000000,
    "costAndExpenses": 10084000000,
    "interestIncome": 0,
    "interestExpense": 269000000,
    "depreciationAndAmortization": 2390000000,
    "ebitda": 5894000000,
    "ebitdaratio": 0.4536637931,
    "operatingIncome": 2908000000,
    "operatingIncomeRatio": 0.2238300493,
    "totalOtherIncomeExpensesNet": 327000000,
    "incomeBeforeTax": 3235000000,
    "incomeBeforeTaxRatio": 0.2489993842,
    "incomeTaxExpense": 1176000000,
    "netIncome": 2052000000,
    "netIncomeRatio": 0.1579433498,
    "eps": 1.77,
    "epsdiluted": 1.76,
    "weightedAverageShsOut": 1161318000,
    "weightedAverageShsOutDil": 1163227000,
    "link": "https://www.sec.gov/Archives/edgar/data/1163165/000116316524000052/0001163165-24-000052-index.htm",
    "finalLink": "https://www.sec.gov/Archives/edgar/data/1163165/000116316524000052/cop-20240930.htm"
  },
  {
    "date": "2024-06-30",
    "symbol": "COP",
    "reportedCurrency": "USD",
    "cik": "0001163165",
    "fillingDate": "2024-08-01",
    "acceptedDate": "2024-08-01 13:47:05",
    "calendarYear": "2024",
    "period": "Q2",
    "revenue": 13588000000,
    "costOfRevenue": 9429000000,
    "grossProfit": 4159000000,
    "grossProfitRatio": 0.3060788931,
    "researchAndDevelopmentExpenses": 0,
    "generalAndAdministrativeExpenses": 0,
    "sellingAndMarketingExpenses": 0,
    "sellingGeneralAndAdministrativeExpenses": 164000000,
    "otherExpenses": 536000000,
    "operatingExpenses": 700000000,
    "costAndExpenses": 10129000000,
    "interestIncome": 0,
    "interestExpense": 278000000,
    "depreciationAndAmortization": 2363000000,
    "ebitda": 6300000000,
    "ebitdaratio": 0.4636443921,
    "operatingIncome": 3459000000,
    "operatingIncomeRatio": 0.2545628496,
    "totalOtherIncomeExpensesNet": 200000000,
    "incomeBeforeTax": 3659000000,
    "incomeBeforeTaxRatio": 0.2692817192,
    "incomeTaxExpense": 1330000000,
    "netIncome": 2322000000,
    "netIncomeRatio": 0.1708860759,
    "eps": 1.99,
    "epsdiluted": 1.98,
    "weightedAverageShsOut": 1168198000,
    "weightedAverageShsOutDil": 1170299000,
    "link": "https://www.sec.gov/Archives/edgar/data/1163165/000116316524000037/0001163165-24-000037-index.htm",
    "finalLink": "https://www.sec.gov/Archives/edgar/data/1163165/000116316524000037/cop-20240630.htm"
  },
  {
    "date": "2024-03-31",
    "symbol": "COP",
    "reportedCurrency": "USD",
    "cik": "0001163165",
    "fillingDate": "2024-05-02",
    "acceptedDate": "2024-05-02 13:30:34",
    "calendarYear": "2024",
    "period": "Q1",
    "revenue": 13794000000,
    "costOfRevenue": 9622000000,
    "grossProfit": 4172000000,
    "grossProfitRatio": 0.3024503407,
    "researchAndDevelopmentExpenses": 0,
    "generalAndAdministrativeExpenses": 0,
    "sellingAndMarketingExpenses": 0,
    "sellingGeneralAndAdministrativeExpenses": 178000000,
    "otherExpenses": 555000000,
    "operatingExpenses": 733000000,
    "costAndExpenses": 10355000000,
    "interestIncome": 0,
    "interestExpense": 285000000,
    "depreciationAndAmortization": 2230000000,
    "ebitda": 6323000000,
    "ebitdaratio": 0.4583877048,
    "operatingIncome": 3439000000,
    "operatingIncomeRatio": 0.2493112948,
    "totalOtherIncomeExpensesNet": 369000000,
    "incomeBeforeTax": 3808000000,
    "incomeBeforeTaxRatio": 0.276062056,
    "incomeTaxExpense": 1257000000,
    "netIncome": 2542000000,
    "netIncomeRatio": 0.1842830216,
    "eps": 2.16,
    "epsdiluted": 2.15,
    "weightedAverageShsOut": 1177921000,
    "weightedAverageShsOutDil": 1180320000,
    "link": "https://www.sec.gov/Archives/edgar/data/1163165/000116316524000023/0001163165-24-000023-index.htm",
    "finalLink": "https://www.sec.gov/Archives/edgar/data/1163165/000116316524000023/cop-20240331.htm"
  },
  {
    "date": "2023-12-31",
    "symbol": "COP",
    "reportedCurrency": "USD",
    "cik": "0001163165",
    "fillingDate": "2024-02-15",
    "acceptedDate": "2024-02-15 14:01:15",
    "calendarYear": "2023",
    "period": "Q4",
    "revenue": 14644000000,
    "costOfRevenue": 9978000000,
    "grossProfit": 4666000000,
    "grossProfitRatio": 0.3186287899,
    "researchAndDevelopmentExpenses": 81000000,
    "generalAndAdministrativeExpenses": 0,
    "sellingAndMarketingExpenses": 0,
    "sellingGeneralAndAdministrativeExpenses": 172000000,
    "otherExpenses": 369000000,
    "operatingExpenses": 622000000,
    "costAndExpenses": 10600000000,
    "interestIncome": 0,
    "interestExpense": 298000000,
    "depreciationAndAmortization": 2234000000,
    "ebitda": 6796000000,
    "ebitdaratio": 0.4640808522,
    "operatingIncome": 4044000000,
    "operatingIncomeRatio": 0.2761540563,
    "totalOtherIncomeExpensesNet": 220000000,
    "incomeBeforeTax": 4264000000,
    "incomeBeforeTaxRatio": 0.291177274,
    "incomeTaxExpense": 1257000000,
    "netIncome": 2998000000,
    "netIncomeRatio": 0.2047254848,
    "eps": 2.53,
    "epsdiluted": 2.52,
    "weightedAverageShsOut": 1187144000,
    "weightedAverageShsOutDil": 1189903000,
    "link": "https://www.sec.gov/Archives/edgar/data/1163165/000116316524000010/0001163165-24-000010-index.htm",
    "finalLink": "https://www.sec.gov/Archives/edgar/data/1163165/000116316524000010/cop-20231231.htm"
  },
  {
    "date": "2023-09-30",
    "symbol": "COP",
    "reportedCurrency": "USD",
    "cik": "0001163165",
    "fillingDate": "2023-11-02",
    "acceptedDate": "2023-11-02 13:19:49",
    "calendarYear": "2023",
    "period": "Q3",
    "revenue": 14261000000,
    "costOfRevenue": 9732000000,
    "grossProfit": 4529000000,
    "grossProfitRatio": 0.3175794124,
    "researchAndDevelopmentExpenses": 0,
    "generalAndAdministrativeExpenses": 0,
    "sellingAndMarketingExpenses": 0,
    "sellingGeneralAndAdministrativeExpenses": 169000000,
    "otherExpenses": 536000000,
    "operatingExpenses": 705000000,
    "costAndExpenses": 10437000000,
    "interestIncome": 0,
    "interestExpense": 262000000,
    "depreciationAndAmortization": 2144000000,
    "ebitda": 6506000000,
    "ebitdaratio": 0.456209242,
    "operatingIncome": 3824000000,
    "operatingIncomeRatio": 0.2681438889,
    "totalOtherIncomeExpensesNet": 276000000,
    "incomeBeforeTax": 4100000000,
    "incomeBeforeTaxRatio": 0.2874973705,
    "incomeTaxExpense": 1302000000,
    "netIncome": 2789000000,
    "netIncomeRatio": 0.1955683332,
    "eps": 2.33,
    "epsdiluted": 2.32,
    "weightedAverageShsOut": 1196641000,
    "weightedAverageShsOutDil": 1199746000,
    "link": "https://www.sec.gov/Archives/edgar/data/1163165/000116316523000031/0001163165-23-000031-index.htm",
    "finalLink": "https://www.sec.gov/Archives/edgar/data/1163165/000116316523000031/cop-20230930.htm"
  },
  {
    "date": "2023-06-30",
    "symbol": "COP",
    "reportedCurrency": "USD",
    "cik": "0001163165",
    "fillingDate": "2023-08-03",
    "acceptedDate": "2023-08-03 13:33:29",
    "calendarYear": "2023",
    "period": "Q2",
    "revenue": 12367000000,
    "costOfRevenue": 8611000000,
    "grossProfit": 3756000000,
    "grossProfitRatio": 0.3037114903,
    "researchAndDevelopmentExpenses": 0,
    "generalAndAdministrativeExpenses": 0,
    "sellingAndMarketingExpenses": 0,
    "sellingGeneralAndAdministrativeExpenses": 205000000,
    "otherExpenses": 512000000,
    "operatingExpenses": 717000000,
    "costAndExpenses": 9328000000,
    "interestIncome": 0,
    "interestExpense": 247000000,
    "depreciationAndAmortization": 2044000000,
    "ebitda": 5653000000,
    "ebitdaratio": 0.4571035821,
    "operatingIncome": 3039000000,
    "operatingIncomeRatio": 0.2457346163,
    "totalOtherIncomeExpensesNet": 323000000,
    "incomeBeforeTax": 3362000000,
    "incomeBeforeTaxRatio": 0.2718525107,
    "incomeTaxExpense": 1130000000,
    "netIncome": 2224000000,
    "netIncomeRatio": 0.1798334277,
    "eps": 1.84,
    "epsdiluted": 1.84,
    "weightedAverageShsOut": 1207443000,
    "weightedAverageShsOutDil": 1210342000,
    "link": "https://www.sec.gov/Archives/edgar/data/1163165/000116316523000023/0001163165-23-000023-index.htm",
    "finalLink": "https://www.sec.gov/Archives/edgar/data/1163165/000116316523000023/cop-20230630.htm"
  },
  {
    "date": "2023-03-31",
    "symbol": "COP",
    "reportedCurrency": "USD",
    "cik": "0001163165",
    "fillingDate": "2023-05-04",
    "acceptedDate": "2023-05-04 14:11:04",
    "calendarYear": "2023",
    "period": "Q1",
    "revenue": 14783000000,
    "costOfRevenue": 9925000000,
    "grossProfit": 4858000000,
    "grossProfitRatio": 0.328620713,
    "researchAndDevelopmentExpenses": 0,
    "generalAndAdministrativeExpenses": 0,
    "sellingAndMarketingExpenses": 0,
    "sellingGeneralAndAdministrativeExpenses": 159000000,
    "otherExpenses": 576000000,
    "operatingExpenses": 735000000,
    "costAndExpenses": 10660000000,
    "interestIncome": 0,
    "interestExpense": 256000000,
    "depreciationAndAmortization": 2010000000,
    "ebitda": 6828000000,
    "ebitdaratio": 0.4618818914,
    "operatingIncome": 4123000000,
    "operatingIncomeRatio": 0.2789014408,
    "totalOtherIncomeExpensesNet": 439000000,
    "incomeBeforeTax": 4562000000,
    "incomeBeforeTaxRatio": 0.3085977136,
    "incomeTaxExpense": 1642000000,
    "netIncome": 2920000000,
    "netIncomeRatio": 0.1975241832,
    "eps": 2.39,
    "epsdiluted": 2.39,
    "weightedAverageShsOut": 1220228000,
    "weightedAverageShsOutDil": 1223355000,
    "link": "https://www.sec.gov/Archives/edgar/data/1163165/000116316523000011/0001163165-23-000011-index.htm",
    "finalLink": "https://www.sec.gov/Archives/edgar/data/1163165/000116316523000011/cop-20230331.htm"
  },
  {
    "date": "2022-12-31",
    "symbol": "COP",
    "reportedCurrency": "USD",
    "cik": "0001163165",
    "fillingDate": "2023-02-16",
    "acceptedDate": "2023-02-16 12:42:43",
    "calendarYear": "2022",
    "period": "Q4",
    "revenue": 18097000000,
    "costOfRevenue": 12439000000,
    "grossProfit": 5658000000,
    "grossProfitRatio": 0.3126485053,
    "researchAndDevelopmentExpenses": 71000000,
    "generalAndAdministrativeExpenses": 0,
    "sellingAndMarketingExpenses": 0,
    "sellingGeneralAndAdministrativeExpenses": 192000000,
    "otherExpenses": 616000000,
    "operatingExpenses": 879000000,
    "costAndExpenses": 13318000000,
    "interestIncome": 0,
    "interestExpense": 246000000,
    "depreciationAndAmortization": 2203000000,
    "ebitda": 7684000000,
    "ebitdaratio": 0.4246007626,
    "operatingIncome": 4779000000,
    "operatingIncomeRatio": 0.2640769188,
    "totalOtherIncomeExpensesNet": 456000000,
    "incomeBeforeTax": 5235000000,
    "incomeBeforeTaxRatio": 0.2892744654,
    "incomeTaxExpense": 1986000000,
    "netIncome": 3249000000,
    "netIncomeRatio": 0.1795325192,
    "eps": 2.61,
    "epsdiluted": 2.61,
    "weightedAverageShsOut": 1223856072,
    "weightedAverageShsOutDil": 1223856072,
    "link": "https://www.sec.gov/Archives/edgar/data/1163165/000116316523000006/0001163165-23-000006-index.htm",
    "finalLink": "https://www.sec.gov/Archives/edgar/data/1163165/000116316523000006/cop-20221231.htm"
  },
  {
    "date": "2022-09-30",
    "symbol": "COP",
    "reportedCurrency": "USD",
    "cik": "0001163165",
    "fillingDate": "2022-11-03",
    "acceptedDate": "2022-11-03 13:07:15",
    "calendarYear": "2022",
    "period": "Q3",
    "revenue": 21142000000,
    "costOfRevenue": 13017000000,
    "grossProfit": 8125000000,
    "grossProfitRatio": 0.3843061205,
    "researchAndDevelopmentExpenses": 0,
    "generalAndAdministrativeExpenses": 0,
    "sellingAndMarketingExpenses": 0,
    "sellingGeneralAndAdministrativeExpenses": 148000000,
    "otherExpenses": 843000000,
    "operatingExpenses": 991000000,
    "costAndExpenses": 14008000000,
    "interestIncome": 0,
    "interestExpense": 259000000,
    "depreciationAndAmortization": 1904000000,
    "ebitda": 9603000000,
    "ebitdaratio": 0.45421436,
    "operatingIncome": 7134000000,
    "operatingIncomeRatio": 0.3374325986,
    "totalOtherIncomeExpensesNet": 306000000,
    "incomeBeforeTax": 7440000000,
    "incomeBeforeTaxRatio": 0.3519061584,
    "incomeTaxExpense": 2913000000,
    "netIncome": 4527000000,
    "netIncomeRatio": 0.2141235455,
    "eps": 3.56,
    "epsdiluted": 3.55,
    "weightedAverageShsOut": 1265893000,
    "weightedAverageShsOutDil": 1269321000,
    "link": "https://www.sec.gov/Archives/edgar/data/1163165/000116316522000017/0001163165-22-000017-index.htm",
    "finalLink": "https://www.sec.gov/Archives/edgar/data/1163165/000116316522000017/cop-20220930.htm"
  },
  {
    "date": "2022-06-30",
    "symbol": "COP",
    "reportedCurrency": "USD",
    "cik": "0001163165",
    "fillingDate": "2022-08-04",
    "acceptedDate": "2022-08-04 13:12:59",
    "calendarYear": "2022",
    "period": "Q2",
    "revenue": 21174000000,
    "costOfRevenue": 12873000000,
    "grossProfit": 8301000000,
    "grossProfitRatio": 0.3920374044,
    "researchAndDevelopmentExpenses": 0,
    "generalAndAdministrativeExpenses": 0,
    "sellingAndMarketingExpenses": 0,
    "sellingGeneralAndAdministrativeExpenses": 96000000,
    "otherExpenses": 1020000000,
    "operatingExpenses": 1116000000,
    "costAndExpenses": 13989000000,
    "interestIncome": 0,
    "interestExpense": 272000000,
    "depreciationAndAmortization": 1907000000,
    "ebitda": 9834000000,
    "ebitdaratio": 0.4644375177,
    "operatingIncome": 7185000000,
    "operatingIncomeRatio": 0.3393312553,
    "totalOtherIncomeExpensesNet": 470000000,
    "incomeBeforeTax": 7655000000,
    "incomeBeforeTaxRatio": 0.3615282894,
    "incomeTaxExpense": 2510000000,
    "netIncome": 5145000000,
    "netIncomeRatio": 0.2429866818,
    "eps": 3.98,
    "epsdiluted": 3.96,
    "weightedAverageShsOut": 1289791000,
    "weightedAverageShsOutDil": 1295844000,
    "link": "https://www.sec.gov/Archives/edgar/data/1163165/000116316522000013/0001163165-22-000013-index.htm",
    "finalLink": "https://www.sec.gov/Archives/edgar/data/1163165/000116316522000013/cop-20220630.htm"
  },
  {
    "date": "2022-03-31",
    "symbol": "COP",
    "reportedCurrency": "USD",
    "cik": "0001163165",
    "fillingDate": "2022-05-05",
    "acceptedDate": "2022-05-05 14:40:21",
    "calendarYear": "2022",
    "period": "Q1",
    "revenue": 18169000000,
    "costOfRevenue": 10625000000,
    "grossProfit": 7544000000,
    "grossProfitRatio": 0.415212725,
    "researchAndDevelopmentExpenses": 0,
    "generalAndAdministrativeExpenses": 0,
    "sellingAndMarketingExpenses": 0,
    "sellingGeneralAndAdministrativeExpenses": 187000000,
    "otherExpenses": 814000000,
    "operatingExpenses": 1001000000,
    "costAndExpenses": 11626000000,
    "interestIncome": 0,
    "interestExpense": 278000000,
    "depreciationAndAmortization": 1830000000,
    "ebitda": 10006000000,
    "ebitdaratio": 0.5507182564,
    "operatingIncome": 6543000000,
    "operatingIncomeRatio": 0.3601188838,
    "totalOtherIncomeExpensesNet": 1355000000,
    "incomeBeforeTax": 7898000000,
    "incomeBeforeTaxRatio": 0.434696461,
    "incomeTaxExpense": 2139000000,
    "netIncome": 5759000000,
    "netIncomeRatio": 0.3169684628,
    "eps": 4.42,
    "epsdiluted": 4.4,
    "weightedAverageShsOut": 1301930000,
    "weightedAverageShsOutDil": 1307404000,
    "link": "https://www.sec.gov/Archives/edgar/data/1163165/000116316522000006/0001163165-22-000006-index.htm",
    "finalLink": "https://www.sec.gov/Archives/edgar/data/1163165/000116316522000006/cop-20220331.htm"
  },
  {
    "date": "2021-12-31",
    "symbol": "COP",
    "reportedCurrency": "USD",
    "cik": "0001163165",
    "fillingDate": "2022-02-17",
    "acceptedDate": "2022-02-17 13:20:14",
    "calendarYear": "2021",
    "period": "Q4",
    "revenue": 14486000000,
    "costOfRevenue": 9337000000,
    "grossProfit": 5149000000,
    "grossProfitRatio": 0.3554466381,
    "researchAndDevelopmentExpenses": 62000000,
    "generalAndAdministrativeExpenses": 0,
    "sellingAndMarketingExpenses": 0,
    "sellingGeneralAndAdministrativeExpenses": 163000000,
    "otherExpenses": 418000000,
    "operatingExpenses": 643000000,
    "costAndExpenses": 9980000000,
    "interestIncome": 0,
    "interestExpense": 275000000,
    "depreciationAndAmortization": 1820000000,
    "ebitda": 6431000000,
    "ebitdaratio": 0.4439458788,
    "operatingIncome": 4506000000,
    "operatingIncomeRatio": 0.3110589535,
    "totalOtherIncomeExpensesNet": -170000000,
    "incomeBeforeTax": 4336000000,
    "incomeBeforeTaxRatio": 0.2993234847,
    "incomeTaxExpense": 1709000000,
    "netIncome": 2627000000,
    "netIncomeRatio": 0.1813475079,
    "eps": 1.99,
    "epsdiluted": 1.98,
    "weightedAverageShsOut": 1315225000,
    "weightedAverageShsOutDil": 1320829000,
    "link": "https://www.sec.gov/Archives/edgar/data/1163165/000156276222000031/0001562762-22-000031-index.htm",
    "finalLink": "https://www.sec.gov/Archives/edgar/data/1163165/000156276222000031/cop10k2021.htm"
  },
  {
    "date": "2021-09-30",
    "symbol": "COP",
    "reportedCurrency": "USD",
    "cik": "0001163165",
    "fillingDate": "2021-11-04",
    "acceptedDate": "2021-11-04 11:54:52",
    "calendarYear": "2021",
    "period": "Q3",
    "revenue": 11809000000,
    "costOfRevenue": 7710000000,
    "grossProfit": 4099000000,
    "grossProfitRatio": 0.3471081379,
    "researchAndDevelopmentExpenses": 0,
    "generalAndAdministrativeExpenses": 0,
    "sellingAndMarketingExpenses": 0,
    "sellingGeneralAndAdministrativeExpenses": 128000000,
    "otherExpenses": 403000000,
    "operatingExpenses": 531000000,
    "costAndExpenses": 8241000000,
    "interestIncome": 0,
    "interestExpense": 280000000,
    "depreciationAndAmortization": 1672000000,
    "ebitda": 5534000000,
    "ebitdaratio": 0.4686256245,
    "operatingIncome": 3568000000,
    "operatingIncomeRatio": 0.3021424337,
    "totalOtherIncomeExpensesNet": 14000000,
    "incomeBeforeTax": 3582000000,
    "incomeBeforeTaxRatio": 0.3033279702,
    "incomeTaxExpense": 1203000000,
    "netIncome": 2379000000,
    "netIncomeRatio": 0.2014565162,
    "eps": 1.78,
    "epsdiluted": 1.78,
    "weightedAverageShsOut": 1332286000,
    "weightedAverageShsOutDil": 1336379000,
    "link": "https://www.sec.gov/Archives/edgar/data/1163165/000156276221000409/0001562762-21-000409-index.htm",
    "finalLink": "https://www.sec.gov/Archives/edgar/data/1163165/000156276221000409/cop20213q10q.htm"
  },
  {
    "date": "2021-06-30",
    "symbol": "COP",
    "reportedCurrency": "USD",
    "cik": "0001163165",
    "fillingDate": "2021-08-05",
    "acceptedDate": "2021-08-05 11:31:12",
    "calendarYear": "2021",
    "period": "Q2",
    "revenue": 9656000000,
    "costOfRevenue": 6433000000,
    "grossProfit": 3223000000,
    "grossProfitRatio": 0.3337821044,
    "researchAndDevelopmentExpenses": 0,
    "generalAndAdministrativeExpenses": 0,
    "sellingAndMarketingExpenses": 0,
    "sellingGeneralAndAdministrativeExpenses": 117000000,
    "otherExpenses": 381000000,
    "operatingExpenses": 498000000,
    "costAndExpenses": 6931000000,
    "interestIncome": 0,
    "interestExpense": 283000000,
    "depreciationAndAmortization": 1868000000,
    "ebitda": 5231000000,
    "ebitdaratio": 0.5417357084,
    "operatingIncome": 2725000000,
    "operatingIncomeRatio": 0.2822079536,
    "totalOtherIncomeExpensesNet": 355000000,
    "incomeBeforeTax": 3080000000,
    "incomeBeforeTaxRatio": 0.3189726595,
    "incomeTaxExpense": 989000000,
    "netIncome": 2091000000,
    "netIncomeRatio": 0.2165492958,
    "eps": 1.55,
    "epsdiluted": 1.55,
    "weightedAverageShsOut": 1348637000,
    "weightedAverageShsOutDil": 1353201000,
    "link": "https://www.sec.gov/Archives/edgar/data/1163165/000156276221000304/0001562762-21-000304-index.htm",
    "finalLink": "https://www.sec.gov/Archives/edgar/data/1163165/000156276221000304/cop20212q10q.htm"
  },
  {
    "date": "2021-03-31",
    "symbol": "COP",
    "reportedCurrency": "USD",
    "cik": "0001163165",
    "fillingDate": "2021-05-06",
    "acceptedDate": "2021-05-06 13:26:43",
    "calendarYear": "2021",
    "period": "Q1",
    "revenue": 10105000000,
    "costOfRevenue": 7849000000,
    "grossProfit": 2256000000,
    "grossProfitRatio": 0.223255814,
    "researchAndDevelopmentExpenses": 0,
    "generalAndAdministrativeExpenses": 0,
    "sellingAndMarketingExpenses": 0,
    "sellingGeneralAndAdministrativeExpenses": 311000000,
    "otherExpenses": 370000000,
    "operatingExpenses": 681000000,
    "costAndExpenses": 8530000000,
    "interestIncome": 0,
    "interestExpense": 288000000,
    "depreciationAndAmortization": 1892000000,
    "ebitda": 3894000000,
    "ebitdaratio": 0.3853537853,
    "operatingIncome": 1575000000,
    "operatingIncomeRatio": 0.1558634339,
    "totalOtherIncomeExpensesNet": 139000000,
    "incomeBeforeTax": 1714000000,
    "incomeBeforeTaxRatio": 0.1696190005,
    "incomeTaxExpense": 732000000,
    "netIncome": 982000000,
    "netIncomeRatio": 0.0971796141,
    "eps": 0.75,
    "epsdiluted": 0.75,
    "weightedAverageShsOut": 1300375000,
    "weightedAverageShsOutDil": 1302691000,
    "link": "https://www.sec.gov/Archives/edgar/data/1163165/000156276221000193/0001562762-21-000193-index.htm",
    "finalLink": "https://www.sec.gov/Archives/edgar/data/1163165/000156276221000193/COP20211q10q.htm"
  },
  {
    "date": "2020-12-31",
    "symbol": "COP",
    "reportedCurrency": "USD",
    "cik": "0001163165",
    "fillingDate": "2021-02-16",
    "acceptedDate": "2021-02-16 12:04:27",
    "calendarYear": "2020",
    "period": "Q4",
    "revenue": 5502000000,
    "costOfRevenue": 6237000000,
    "grossProfit": -735000000,
    "grossProfitRatio": -0.1335877863,
    "researchAndDevelopmentExpenses": 75000000,
    "generalAndAdministrativeExpenses": 0,
    "sellingAndMarketingExpenses": 0,
    "sellingGeneralAndAdministrativeExpenses": 181000000,
    "otherExpenses": 109000000,
    "operatingExpenses": 365000000,
    "costAndExpenses": 6602000000,
    "interestIncome": 0,
    "interestExpense": 259000000,
    "depreciationAndAmortization": 2510000000,
    "ebitda": 1683000000,
    "ebitdaratio": 0.3058887677,
    "operatingIncome": -1100000000,
    "operatingIncomeRatio": -0.1999272992,
    "totalOtherIncomeExpensesNet": 14000000,
    "incomeBeforeTax": -1086000000,
    "incomeBeforeTaxRatio": -0.1973827699,
    "incomeTaxExpense": -314000000,
    "netIncome": -772000000,
    "netIncomeRatio": -0.1403126136,
    "eps": -0.72,
    "epsdiluted": -0.72,
    "weightedAverageShsOut": 1071491524,
    "weightedAverageShsOutDil": 1073580000,
    "link": "https://www.sec.gov/Archives/edgar/data/1163165/000156276221000027/0001562762-21-000027-index.htm",
    "finalLink": "https://www.sec.gov/Archives/edgar/data/1163165/000156276221000027/cop10k2020.htm"
  },
  {
    "date": "2020-09-30",
    "symbol": "COP",
    "reportedCurrency": "USD",
    "cik": "0001163165",
    "fillingDate": "2020-11-03",
    "acceptedDate": "2020-11-03 11:40:15",
    "calendarYear": "2020",
    "period": "Q3",
    "revenue": 4353000000,
    "costOfRevenue": 4311000000,
    "grossProfit": 42000000,
    "grossProfitRatio": 0.0096485183,
    "researchAndDevelopmentExpenses": 0,
    "generalAndAdministrativeExpenses": 0,
    "sellingAndMarketingExpenses": 0,
    "sellingGeneralAndAdministrativeExpenses": 96000000,
    "otherExpenses": 179000000,
    "operatingExpenses": 275000000,
    "costAndExpenses": 4586000000,
    "interestIncome": 0,
    "interestExpense": 262000000,
    "depreciationAndAmortization": 1455000000,
    "ebitda": 1205000000,
    "ebitdaratio": 0.2768205835,
    "operatingIncome": -233000000,
    "operatingIncomeRatio": -0.0535263037,
    "totalOtherIncomeExpensesNet": -279000000,
    "incomeBeforeTax": -512000000,
    "incomeBeforeTaxRatio": -0.1176200322,
    "incomeTaxExpense": -62000000,
    "netIncome": -450000000,
    "netIncomeRatio": -0.1033769814,
    "eps": -0.42,
    "epsdiluted": -0.42,
    "weightedAverageShsOut": 1071428571,
    "weightedAverageShsOutDil": 1077377000,
    "link": "https://www.sec.gov/Archives/edgar/data/1163165/000156276220000367/0001562762-20-000367-index.htm",
    "finalLink": "https://www.sec.gov/Archives/edgar/data/1163165/000156276220000367/COP20203q10q.htm"
  },
  {
    "date": "2020-06-30",
    "symbol": "COP",
    "reportedCurrency": "USD",
    "cik": "0001163165",
    "fillingDate": "2020-08-04",
    "acceptedDate": "2020-08-04 12:09:14",
    "calendarYear": "2020",
    "period": "Q2",
    "revenue": 2799000000,
    "costOfRevenue": 3456000000,
    "grossProfit": -657000000,
    "grossProfitRatio": -0.2347266881,
    "researchAndDevelopmentExpenses": 0,
    "generalAndAdministrativeExpenses": 0,
    "sellingAndMarketingExpenses": 0,
    "sellingGeneralAndAdministrativeExpenses": 156000000,
    "otherExpenses": 141000000,
    "operatingExpenses": 297000000,
    "costAndExpenses": 3753000000,
    "interestIncome": 0,
    "interestExpense": 268000000,
    "depreciationAndAmortization": 1161000000,
    "ebitda": 1450000000,
    "ebitdaratio": 0.5180421579,
    "operatingIncome": -954000000,
    "operatingIncomeRatio": -0.3408360129,
    "totalOtherIncomeExpensesNet": 975000000,
    "incomeBeforeTax": 21000000,
    "incomeBeforeTaxRatio": 0.0075026795,
    "incomeTaxExpense": -257000000,
    "netIncome": 260000000,
    "netIncomeRatio": 0.092890318,
    "eps": 0.24,
    "epsdiluted": 0.24,
    "weightedAverageShsOut": 1076659000,
    "weightedAverageShsOutDil": 1077606000,
    "link": "https://www.sec.gov/Archives/edgar/data/1163165/000156276220000267/0001562762-20-000267-index.htm",
    "finalLink": "https://www.sec.gov/Archives/edgar/data/1163165/000156276220000267/COP20202q10q.htm"
  },
  {
    "date": "2020-03-31",
    "symbol": "COP",
    "reportedCurrency": "USD",
    "cik": "0001163165",
    "fillingDate": "2020-05-05",
    "acceptedDate": "2020-05-05 12:14:19",
    "calendarYear": "2020",
    "period": "Q1",
    "revenue": 6111000000,
    "costOfRevenue": 5406000000,
    "grossProfit": 705000000,
    "grossProfitRatio": 0.1153657339,
    "researchAndDevelopmentExpenses": 0,
    "generalAndAdministrativeExpenses": 0,
    "sellingAndMarketingExpenses": 0,
    "sellingGeneralAndAdministrativeExpenses": -3000000,
    "otherExpenses": 250000000,
    "operatingExpenses": 247000000,
    "costAndExpenses": 5653000000,
    "interestIncome": 0,
    "interestExpense": 269000000,
    "depreciationAndAmortization": 1478000000,
    "ebitda": 184000000,
    "ebitdaratio": 0.0301096384,
    "operatingIncome": 458000000,
    "operatingIncomeRatio": 0.0749468172,
    "totalOtherIncomeExpensesNet": -2021000000,
    "incomeBeforeTax": -1563000000,
    "incomeBeforeTaxRatio": -0.2557682867,
    "incomeTaxExpense": 148000000,
    "netIncome": -1739000000,
    "netIncomeRatio": -0.2845688103,
    "eps": -1.6,
    "epsdiluted": -1.6,
    "weightedAverageShsOut": 1084561000,
    "weightedAverageShsOutDil": 1084561000,
    "link": "https://www.sec.gov/Archives/edgar/data/1163165/000156276220000162/0001562762-20-000162-index.htm",
    "finalLink": "https://www.sec.gov/Archives/edgar/data/1163165/000156276220000162/cop-20200331.htm"
  },
  {
    "date": "2019-12-31",
    "symbol": "COP",
    "reportedCurrency": "USD",
    "cik": "0001163165",
    "fillingDate": "2020-02-18",
    "acceptedDate": "2020-02-18 12:23:02",
    "calendarYear": "2019",
    "period": "Q4",
    "revenue": 7635000000,
    "costOfRevenue": 5666000000,
    "grossProfit": 1969000000,
    "grossProfitRatio": 0.2578912901,
    "researchAndDevelopmentExpenses": 82000000,
    "generalAndAdministrativeExpenses": 0,
    "sellingAndMarketingExpenses": 0,
    "sellingGeneralAndAdministrativeExpenses": 187000000,
    "otherExpenses": 165000000,
    "operatingExpenses": 434000000,
    "costAndExpenses": 6100000000,
    "interestIncome": 0,
    "interestExpense": 263000000,
    "depreciationAndAmortization": 1548000000,
    "ebitda": 3097000000,
    "ebitdaratio": 0.4056319581,
    "operatingIncome": 1535000000,
    "operatingIncomeRatio": 0.2010478062,
    "totalOtherIncomeExpensesNet": -249000000,
    "incomeBeforeTax": 1286000000,
    "incomeBeforeTaxRatio": 0.1684348396,
    "incomeTaxExpense": 543000000,
    "netIncome": 720000000,
    "netIncomeRatio": 0.094302554,
    "eps": 0.66,
    "epsdiluted": 0.65,
    "weightedAverageShsOut": 1095606000,
    "weightedAverageShsOutDil": 1099786000,
    "link": "https://www.sec.gov/Archives/edgar/data/1163165/000119312520039954/0001193125-20-039954-index.htm",
    "finalLink": "https://www.sec.gov/Archives/edgar/data/1163165/000119312520039954/d875559d10k.htm"
  },
  {
    "date": "2019-09-30",
    "symbol": "COP",
    "reportedCurrency": "USD",
    "cik": "0001163165",
    "fillingDate": "2019-10-31",
    "acceptedDate": "2019-10-31 11:41:40",
    "calendarYear": "2019",
    "period": "Q3",
    "revenue": 7752000000,
    "costOfRevenue": 5958000000,
    "grossProfit": 1794000000,
    "grossProfitRatio": 0.2314241486,
    "researchAndDevelopmentExpenses": 0,
    "generalAndAdministrativeExpenses": 0,
    "sellingAndMarketingExpenses": 0,
    "sellingGeneralAndAdministrativeExpenses": 87000000,
    "otherExpenses": 237000000,
    "operatingExpenses": 324000000,
    "costAndExpenses": 6282000000,
    "interestIncome": 0,
    "interestExpense": 270000000,
    "depreciationAndAmortization": 1859000000,
    "ebitda": 5622000000,
    "ebitdaratio": 0.7252321981,
    "operatingIncome": 1470000000,
    "operatingIncomeRatio": 0.189628483,
    "totalOtherIncomeExpensesNet": 2023000000,
    "incomeBeforeTax": 3493000000,
    "incomeBeforeTaxRatio": 0.4505933953,
    "incomeTaxExpense": 422000000,
    "netIncome": 3056000000,
    "netIncomeRatio": 0.3942208462,
    "eps": 2.76,
    "epsdiluted": 2.74,
    "weightedAverageShsOut": 1108555000,
    "weightedAverageShsOutDil": 1113250000,
    "link": "https://www.sec.gov/Archives/edgar/data/1163165/000119312519279997/0001193125-19-279997-index.htm",
    "finalLink": "https://www.sec.gov/Archives/edgar/data/1163165/000119312519279997/d824956d10q.htm"
  },
  {
    "date": "2019-06-30",
    "symbol": "COP",
    "reportedCurrency": "USD",
    "cik": "0001163165",
    "fillingDate": "2019-08-01",
    "acceptedDate": "2019-08-01 10:35:47",
    "calendarYear": "2019",
    "period": "Q2",
    "revenue": 7908000000,
    "costOfRevenue": 5673000000,
    "grossProfit": 2235000000,
    "grossProfitRatio": 0.2826251897,
    "researchAndDevelopmentExpenses": 0,
    "generalAndAdministrativeExpenses": 0,
    "sellingAndMarketingExpenses": 0,
    "sellingGeneralAndAdministrativeExpenses": 129000000,
    "otherExpenses": 194000000,
    "operatingExpenses": 323000000,
    "costAndExpenses": 5996000000,
    "interestIncome": 0,
    "interestExpense": 252000000,
    "depreciationAndAmortization": 1531000000,
    "ebitda": 3841000000,
    "ebitdaratio": 0.4857106727,
    "operatingIncome": 1912000000,
    "operatingIncomeRatio": 0.2417804755,
    "totalOtherIncomeExpensesNet": 146000000,
    "incomeBeforeTax": 2058000000,
    "incomeBeforeTaxRatio": 0.2602427921,
    "incomeTaxExpense": 461000000,
    "netIncome": 1580000000,
    "netIncomeRatio": 0.1997976732,
    "eps": 1.4,
    "epsdiluted": 1.4,
    "weightedAverageShsOut": 1125995000,
    "weightedAverageShsOutDil": 1131242000,
    "link": "https://www.sec.gov/Archives/edgar/data/1163165/000119312519210077/0001193125-19-210077-index.htm",
    "finalLink": "https://www.sec.gov/Archives/edgar/data/1163165/000119312519210077/d775509d10q.htm"
  },
  {
    "date": "2019-03-31",
    "symbol": "COP",
    "reportedCurrency": "USD",
    "cik": "0001163165",
    "fillingDate": "2019-05-02",
    "acceptedDate": "2019-05-02 11:14:37",
    "calendarYear": "2019",
    "period": "Q1",
    "revenue": 9131000000,
    "costOfRevenue": 6582000000,
    "grossProfit": 2549000000,
    "grossProfitRatio": 0.2791589092,
    "researchAndDevelopmentExpenses": 0,
    "generalAndAdministrativeExpenses": 0,
    "sellingAndMarketingExpenses": 0,
    "sellingGeneralAndAdministrativeExpenses": 153000000,
    "otherExpenses": 275000000,
    "operatingExpenses": 428000000,
    "costAndExpenses": 7010000000,
    "interestIncome": 0,
    "interestExpense": 319000000,
    "depreciationAndAmortization": 1573000000,
    "ebitda": 4579000000,
    "ebitdaratio": 0.5014784799,
    "operatingIncome": 2121000000,
    "operatingIncomeRatio": 0.2322856204,
    "totalOtherIncomeExpensesNet": 566000000,
    "incomeBeforeTax": 2687000000,
    "incomeBeforeTaxRatio": 0.2942722593,
    "incomeTaxExpense": 841000000,
    "netIncome": 1833000000,
    "netIncomeRatio": 0.2007447158,
    "eps": 1.61,
    "epsdiluted": 1.6,
    "weightedAverageShsOut": 1139463000,
    "weightedAverageShsOutDil": 1146515000,
    "link": "https://www.sec.gov/Archives/edgar/data/1163165/000119312519134334/0001193125-19-134334-index.htm",
    "finalLink": "https://www.sec.gov/Archives/edgar/data/1163165/000119312519134334/d734823d10q.htm"
  },
  {
    "date": "2018-12-31",
    "symbol": "COP",
    "reportedCurrency": "USD",
    "cik": "0001163165",
    "fillingDate": "2019-02-19",
    "acceptedDate": "2019-02-19 11:23:45",
    "calendarYear": "2018",
    "period": "Q4",
    "revenue": 9615000000,
    "costOfRevenue": 7006000000,
    "grossProfit": 2609000000,
    "grossProfitRatio": 0.2713468539,
    "researchAndDevelopmentExpenses": 78000000,
    "generalAndAdministrativeExpenses": 0,
    "sellingAndMarketingExpenses": 0,
    "sellingGeneralAndAdministrativeExpenses": 65000000,
    "otherExpenses": 202000000,
    "operatingExpenses": 345000000,
    "costAndExpenses": 7351000000,
    "interestIncome": 0,
    "interestExpense": 275000000,
    "depreciationAndAmortization": 1643000000,
    "ebitda": 4590000000,
    "ebitdaratio": 0.4773790952,
    "operatingIncome": 2264000000,
    "operatingIncomeRatio": 0.2354654186,
    "totalOtherIncomeExpensesNet": 408000000,
    "incomeBeforeTax": 2672000000,
    "incomeBeforeTaxRatio": 0.277899116,
    "incomeTaxExpense": 794000000,
    "netIncome": 1868000000,
    "netIncomeRatio": 0.1942797712,
    "eps": 1.62,
    "epsdiluted": 1.61,
    "weightedAverageShsOut": 1151148000,
    "weightedAverageShsOutDil": 1159305000,
    "link": "https://www.sec.gov/Archives/edgar/data/1163165/000119312519043841/0001193125-19-043841-index.htm",
    "finalLink": "https://www.sec.gov/Archives/edgar/data/1163165/000119312519043841/d636257d10k.htm"
  },
  {
    "date": "2018-09-30",
    "symbol": "COP",
    "reportedCurrency": "USD",
    "cik": "0001163165",
    "fillingDate": "2018-10-30",
    "acceptedDate": "2018-10-30 12:03:42",
    "calendarYear": "2018",
    "period": "Q3",
    "revenue": 9478000000,
    "costOfRevenue": 6512000000,
    "grossProfit": 2966000000,
    "grossProfitRatio": 0.3129352184,
    "researchAndDevelopmentExpenses": 0,
    "generalAndAdministrativeExpenses": 0,
    "sellingAndMarketingExpenses": 0,
    "sellingGeneralAndAdministrativeExpenses": 119000000,
    "otherExpenses": 312000000,
    "operatingExpenses": 431000000,
    "costAndExpenses": 6943000000,
    "interestIncome": 0,
    "interestExpense": 275000000,
    "depreciationAndAmortization": 1522000000,
    "ebitda": 4703000000,
    "ebitdaratio": 0.4962017303,
    "operatingIncome": 2535000000,
    "operatingIncomeRatio": 0.2674614898,
    "totalOtherIncomeExpensesNet": 371000000,
    "incomeBeforeTax": 2906000000,
    "incomeBeforeTaxRatio": 0.3066047689,
    "incomeTaxExpense": 1033000000,
    "netIncome": 1861000000,
    "netIncomeRatio": 0.1963494408,
    "eps": 1.6,
    "epsdiluted": 1.59,
    "weightedAverageShsOut": 1163033000,
    "weightedAverageShsOutDil": 1172694000,
    "link": "https://www.sec.gov/Archives/edgar/data/1163165/000119312518311600/0001193125-18-311600-index.htm",
    "finalLink": "https://www.sec.gov/Archives/edgar/data/1163165/000119312518311600/d630380d10q.htm"
  },
  {
    "date": "2018-06-30",
    "symbol": "COP",
    "reportedCurrency": "USD",
    "cik": "0001163165",
    "fillingDate": "2018-07-31",
    "acceptedDate": "2018-07-31 10:48:32",
    "calendarYear": "2018",
    "period": "Q2",
    "revenue": 8524000000,
    "costOfRevenue": 5908000000,
    "grossProfit": 2616000000,
    "grossProfitRatio": 0.3068981699,
    "researchAndDevelopmentExpenses": 0,
    "generalAndAdministrativeExpenses": 0,
    "sellingAndMarketingExpenses": 0,
    "sellingGeneralAndAdministrativeExpenses": 118000000,
    "otherExpenses": 273000000,
    "operatingExpenses": 391000000,
    "costAndExpenses": 6299000000,
    "interestIncome": 0,
    "interestExpense": 266000000,
    "depreciationAndAmortization": 1454000000,
    "ebitda": 4339000000,
    "ebitdaratio": 0.5090333177,
    "operatingIncome": 2225000000,
    "operatingIncomeRatio": 0.2610276865,
    "totalOtherIncomeExpensesNet": 394000000,
    "incomeBeforeTax": 2619000000,
    "incomeBeforeTaxRatio": 0.3072501173,
    "incomeTaxExpense": 965000000,
    "netIncome": 1640000000,
    "netIncomeRatio": 0.1923979352,
    "eps": 1.4,
    "epsdiluted": 1.39,
    "weightedAverageShsOut": 1172378000,
    "weightedAverageShsOutDil": 1181167000,
    "link": "https://www.sec.gov/Archives/edgar/data/1163165/000119312518232659/0001193125-18-232659-index.htm",
    "finalLink": "https://www.sec.gov/Archives/edgar/data/1163165/000119312518232659/d586006d10q.htm"
  },
  {
    "date": "2018-03-31",
    "symbol": "COP",
    "reportedCurrency": "USD",
    "cik": "0001163165",
    "fillingDate": "2018-05-01",
    "acceptedDate": "2018-05-01 10:36:21",
    "calendarYear": "2018",
    "period": "Q1",
    "revenue": 8755000000,
    "costOfRevenue": 6365000000,
    "grossProfit": 2390000000,
    "grossProfitRatio": 0.2729868646,
    "researchAndDevelopmentExpenses": 0,
    "generalAndAdministrativeExpenses": 0,
    "sellingAndMarketingExpenses": 0,
    "sellingGeneralAndAdministrativeExpenses": 99000000,
    "otherExpenses": 183000000,
    "operatingExpenses": 282000000,
    "costAndExpenses": 6647000000,
    "interestIncome": 0,
    "interestExpense": 272000000,
    "depreciationAndAmortization": 1432000000,
    "ebitda": 3480000000,
    "ebitdaratio": 0.3974871502,
    "operatingIncome": 2108000000,
    "operatingIncomeRatio": 0.240776699,
    "totalOtherIncomeExpensesNet": -332000000,
    "incomeBeforeTax": 1776000000,
    "incomeBeforeTaxRatio": 0.2028555111,
    "incomeTaxExpense": 876000000,
    "netIncome": 888000000,
    "netIncomeRatio": 0.1014277556,
    "eps": 0.75,
    "epsdiluted": 0.75,
    "weightedAverageShsOut": 1179792000,
    "weightedAverageShsOutDil": 1186454000,
    "link": "https://www.sec.gov/Archives/edgar/data/1163165/000119312518145507/0001193125-18-145507-index.htm",
    "finalLink": "https://www.sec.gov/Archives/edgar/data/1163165/000119312518145507/d577738d10q.htm"
  },
  {
    "date": "2017-12-31",
    "symbol": "COP",
    "reportedCurrency": "USD",
    "cik": "0001163165",
    "fillingDate": "2018-02-20",
    "acceptedDate": "2018-02-20 10:03:26",
    "calendarYear": "2017",
    "period": "Q4",
    "revenue": 8162000000,
    "costOfRevenue": 6633000000,
    "grossProfit": 1529000000,
    "grossProfitRatio": 0.1873315364,
    "researchAndDevelopmentExpenses": 100000000,
    "generalAndAdministrativeExpenses": 0,
    "sellingAndMarketingExpenses": 0,
    "sellingGeneralAndAdministrativeExpenses": 297000000,
    "otherExpenses": 0,
    "operatingExpenses": 397000000,
    "costAndExpenses": 6963000000,
    "interestIncome": 0,
    "interestExpense": 312000000,
    "depreciationAndAmortization": 1764000000,
    "ebitda": 3401000000,
    "ebitdaratio": 0.4166870865,
    "operatingIncome": 1199000000,
    "operatingIncomeRatio": 0.1469002695,
    "totalOtherIncomeExpensesNet": 126000000,
    "incomeBeforeTax": 1325000000,
    "incomeBeforeTaxRatio": 0.1623376623,
    "incomeTaxExpense": -273000000,
    "netIncome": 1579000000,
    "netIncomeRatio": 0.1934574859,
    "eps": 1.32,
    "epsdiluted": 1.32,
    "weightedAverageShsOut": 1192243000,
    "weightedAverageShsOutDil": 1198276000,
    "link": "https://www.sec.gov/Archives/edgar/data/1163165/000119312518049729/0001193125-18-049729-index.htm",
    "finalLink": "https://www.sec.gov/Archives/edgar/data/1163165/000119312518049729/d534096d10k.htm"
  },
  {
    "date": "2017-09-30",
    "symbol": "COP",
    "reportedCurrency": "USD",
    "cik": "0001163165",
    "fillingDate": "2017-10-31",
    "acceptedDate": "2017-10-31 11:11:28",
    "calendarYear": "2017",
    "period": "Q3",
    "revenue": 6671000000,
    "costOfRevenue": 5814000000,
    "grossProfit": 857000000,
    "grossProfitRatio": 0.1284664968,
    "researchAndDevelopmentExpenses": 0,
    "generalAndAdministrativeExpenses": 0,
    "sellingAndMarketingExpenses": 0,
    "sellingGeneralAndAdministrativeExpenses": 132000000,
    "otherExpenses": 175000000,
    "operatingExpenses": 307000000,
    "costAndExpenses": 6121000000,
    "interestIncome": 0,
    "interestExpense": 340000000,
    "depreciationAndAmortization": 1615000000,
    "ebitda": 2608000000,
    "ebitdaratio": 0.3909458852,
    "operatingIncome": 550000000,
    "operatingIncomeRatio": 0.0824464098,
    "totalOtherIncomeExpensesNet": 103000000,
    "incomeBeforeTax": 653000000,
    "incomeBeforeTaxRatio": 0.0978863739,
    "incomeTaxExpense": 217000000,
    "netIncome": 420000000,
    "netIncomeRatio": 0.0629590766,
    "eps": 0.35,
    "epsdiluted": 0.34,
    "weightedAverageShsOut": 1212454000,
    "weightedAverageShsOutDil": 1215341000,
    "link": "https://www.sec.gov/Archives/edgar/data/1163165/000119312517326398/0001193125-17-326398-index.htm",
    "finalLink": "https://www.sec.gov/Archives/edgar/data/1163165/000119312517326398/d486070d10q.htm"
  },
  {
    "date": "2017-06-30",
    "symbol": "COP",
    "reportedCurrency": "USD",
    "cik": "0001163165",
    "fillingDate": "2017-08-01",
    "acceptedDate": "2017-08-01 09:11:33",
    "calendarYear": "2017",
    "period": "Q2",
    "revenue": 6729000000,
    "costOfRevenue": 5941000000,
    "grossProfit": 788000000,
    "grossProfitRatio": 0.1171050676,
    "researchAndDevelopmentExpenses": 0,
    "generalAndAdministrativeExpenses": 0,
    "sellingAndMarketingExpenses": 0,
    "sellingGeneralAndAdministrativeExpenses": 134000000,
    "otherExpenses": 198000000,
    "operatingExpenses": 332000000,
    "costAndExpenses": 6273000000,
    "interestIncome": 0,
    "interestExpense": 398000000,
    "depreciationAndAmortization": 1647000000,
    "ebitda": -2316000000,
    "ebitdaratio": -0.3441818992,
    "operatingIncome": 456000000,
    "operatingIncomeRatio": 0.0677663843,
    "totalOtherIncomeExpensesNet": -4817000000,
    "incomeBeforeTax": -4361000000,
    "incomeBeforeTaxRatio": -0.6480903552,
    "incomeTaxExpense": -935000000,
    "netIncome": -3440000000,
    "netIncomeRatio": -0.5112200921,
    "eps": -2.78,
    "epsdiluted": -2.78,
    "weightedAverageShsOut": 1236831000,
    "weightedAverageShsOutDil": 1236831000,
    "link": "https://www.sec.gov/Archives/edgar/data/1163165/000119312517243345/0001193125-17-243345-index.htm",
    "finalLink": "https://www.sec.gov/Archives/edgar/data/1163165/000119312517243345/d435312d10q.htm"
  },
  {
    "date": "2017-03-31",
    "symbol": "COP",
    "reportedCurrency": "USD",
    "cik": "0001163165",
    "fillingDate": "2017-05-04",
    "acceptedDate": "2017-05-04 16:18:51",
    "calendarYear": "2017",
    "period": "Q1",
    "revenue": 7467000000,
    "costOfRevenue": 6982000000,
    "grossProfit": 485000000,
    "grossProfitRatio": 0.0649524575,
    "researchAndDevelopmentExpenses": 0,
    "generalAndAdministrativeExpenses": 0,
    "sellingAndMarketingExpenses": 0,
    "sellingGeneralAndAdministrativeExpenses": 157000000,
    "otherExpenses": 231000000,
    "operatingExpenses": 388000000,
    "costAndExpenses": 7370000000,
    "interestIncome": 0,
    "interestExpense": 410000000,
    "depreciationAndAmortization": 2385000000,
    "ebitda": 2563000000,
    "ebitdaratio": 0.3432436052,
    "operatingIncome": 97000000,
    "operatingIncomeRatio": 0.0129904915,
    "totalOtherIncomeExpensesNet": -329000000,
    "incomeBeforeTax": 62000000,
    "incomeBeforeTaxRatio": 0.0083032007,
    "incomeTaxExpense": -728000000,
    "netIncome": 586000000,
    "netIncomeRatio": 0.0784786393,
    "eps": 0.47,
    "epsdiluted": 0.47,
    "weightedAverageShsOut": 1243280000,
    "weightedAverageShsOutDil": 1248722000,
    "link": "https://www.sec.gov/Archives/edgar/data/1163165/000119312517158717/0001193125-17-158717-index.htm",
    "finalLink": "https://www.sec.gov/Archives/edgar/data/1163165/000119312517158717/d375594d10q.htm"
  },
  {
    "date": "2016-12-31",
    "symbol": "COP",
    "reportedCurrency": "USD",
    "cik": "0001163165",
    "fillingDate": "2017-02-21",
    "acceptedDate": "2017-02-21 12:34:09",
    "calendarYear": "2016",
    "period": "Q4",
    "revenue": 6852000000,
    "costOfRevenue": 6719000000,
    "grossProfit": 133000000,
    "grossProfitRatio": 0.0194103911,
    "researchAndDevelopmentExpenses": 116000000,
    "generalAndAdministrativeExpenses": 0,
    "sellingAndMarketingExpenses": 0,
    "sellingGeneralAndAdministrativeExpenses": 167000000,
    "otherExpenses": 85000000,
    "operatingExpenses": 368000000,
    "costAndExpenses": 7087000000,
    "interestIncome": 0,
    "interestExpense": 413000000,
    "depreciationAndAmortization": 2235000000,
    "ebitda": 2640000000,
    "ebitdaratio": 0.3852889667,
    "operatingIncome": -235000000,
    "operatingIncomeRatio": -0.0342965558,
    "totalOtherIncomeExpensesNet": 227000000,
    "incomeBeforeTax": -8000000,
    "incomeBeforeTaxRatio": -0.0011675423,
    "incomeTaxExpense": 11000000,
    "netIncome": -35000000,
    "netIncomeRatio": -0.0051079977,
    "eps": -0.0281,
    "epsdiluted": -0.0281,
    "weightedAverageShsOut": 1246337000,
    "weightedAverageShsOutDil": 1246337000,
    "link": "https://www.sec.gov/Archives/edgar/data/1163165/000119312517050077/0001193125-17-050077-index.htm",
    "finalLink": "https://www.sec.gov/Archives/edgar/data/1163165/000119312517050077/d264316d10k.htm"
  },
  {
    "date": "2016-09-30",
    "symbol": "COP",
    "reportedCurrency": "USD",
    "cik": "0001163165",
    "fillingDate": "2016-11-01",
    "acceptedDate": "2016-11-01 10:55:56",
    "calendarYear": "2016",
    "period": "Q3",
    "revenue": 6404000000,
    "costOfRevenue": 7234000000,
    "grossProfit": -830000000,
    "grossProfitRatio": -0.1296064959,
    "researchAndDevelopmentExpenses": 0,
    "generalAndAdministrativeExpenses": 0,
    "sellingAndMarketingExpenses": 0,
    "sellingGeneralAndAdministrativeExpenses": 203000000,
    "otherExpenses": 161000000,
    "operatingExpenses": 364000000,
    "costAndExpenses": 7598000000,
    "interestIncome": 0,
    "interestExpense": 443000000,
    "depreciationAndAmortization": 2612000000,
    "ebitda": 1401000000,
    "ebitdaratio": 0.2187695191,
    "operatingIncome": -1194000000,
    "operatingIncomeRatio": -0.1864459713,
    "totalOtherIncomeExpensesNet": -460000000,
    "incomeBeforeTax": -1654000000,
    "incomeBeforeTaxRatio": -0.2582760775,
    "incomeTaxExpense": -628000000,
    "netIncome": -1040000000,
    "netIncomeRatio": -0.1623985009,
    "eps": -0.84,
    "epsdiluted": -0.83,
    "weightedAverageShsOut": 1238095238,
    "weightedAverageShsOutDil": 1245961000,
    "link": "https://www.sec.gov/Archives/edgar/data/1163165/000119312516754694/0001193125-16-754694-index.htm",
    "finalLink": "https://www.sec.gov/Archives/edgar/data/1163165/000119312516754694/d268453d10q.htm"
  },
  {
    "date": "2016-06-30",
    "symbol": "COP",
    "reportedCurrency": "USD",
    "cik": "0001163165",
    "fillingDate": "2016-08-02",
    "acceptedDate": "2016-08-02 09:08:27",
    "calendarYear": "2016",
    "period": "Q2",
    "revenue": 5348000000,
    "costOfRevenue": 5776000000,
    "grossProfit": -428000000,
    "grossProfitRatio": -0.0800299177,
    "researchAndDevelopmentExpenses": 0,
    "generalAndAdministrativeExpenses": 0,
    "sellingAndMarketingExpenses": 0,
    "sellingGeneralAndAdministrativeExpenses": 167000000,
    "otherExpenses": 807000000,
    "operatingExpenses": 974000000,
    "costAndExpenses": 6750000000,
    "interestIncome": 0,
    "interestExpense": 424000000,
    "depreciationAndAmortization": 2329000000,
    "ebitda": 1109000000,
    "ebitdaratio": 0.2073672401,
    "operatingIncome": -1402000000,
    "operatingIncomeRatio": -0.2621540763,
    "totalOtherIncomeExpensesNet": -242000000,
    "incomeBeforeTax": -1644000000,
    "incomeBeforeTaxRatio": -0.3074046372,
    "incomeTaxExpense": -586000000,
    "netIncome": -1071000000,
    "netIncomeRatio": -0.2002617801,
    "eps": -0.86,
    "epsdiluted": -0.86,
    "weightedAverageShsOut": 1244892000,
    "weightedAverageShsOutDil": 1244892000,
    "link": "https://www.sec.gov/Archives/edgar/data/1163165/000119312516667631/0001193125-16-667631-index.htm",
    "finalLink": "https://www.sec.gov/Archives/edgar/data/1163165/000119312516667631/d164470d10q.htm"
  },
  {
    "date": "2016-03-31",
    "symbol": "COP",
    "reportedCurrency": "USD",
    "cik": "0001163165",
    "fillingDate": "2016-05-03",
    "acceptedDate": "2016-05-03 11:11:26",
    "calendarYear": "2016",
    "period": "Q1",
    "revenue": 5121000000,
    "costOfRevenue": 5826000000,
    "grossProfit": -705000000,
    "grossProfitRatio": -0.1376684241,
    "researchAndDevelopmentExpenses": 0,
    "generalAndAdministrativeExpenses": 0,
    "sellingAndMarketingExpenses": 0,
    "sellingGeneralAndAdministrativeExpenses": 186000000,
    "otherExpenses": 685000000,
    "operatingExpenses": 871000000,
    "costAndExpenses": 6697000000,
    "interestIncome": 0,
    "interestExpense": 390000000,
    "depreciationAndAmortization": 2247000000,
    "ebitda": 413000000,
    "ebitdaratio": 0.0806483109,
    "operatingIncome": -1576000000,
    "operatingIncomeRatio": -0.3077523921,
    "totalOtherIncomeExpensesNet": -648000000,
    "incomeBeforeTax": -2224000000,
    "incomeBeforeTaxRatio": -0.4342901777,
    "incomeTaxExpense": -768000000,
    "netIncome": -1469000000,
    "netIncomeRatio": -0.2868580355,
    "eps": -1.18,
    "epsdiluted": -1.18,
    "weightedAverageShsOut": 1244557000,
    "weightedAverageShsOutDil": 1244557000,
    "link": "https://www.sec.gov/Archives/edgar/data/1163165/000119312516574165/0001193125-16-574165-index.htm",
    "finalLink": "https://www.sec.gov/Archives/edgar/data/1163165/000119312516574165/d141535d10q.htm"
  },
  {
    "date": "2015-12-31",
    "symbol": "COP",
    "reportedCurrency": "USD",
    "cik": "0001163165",
    "fillingDate": "2016-02-23",
    "acceptedDate": "2016-02-23 11:56:14",
    "calendarYear": "2015",
    "period": "Q4",
    "revenue": 6293000000,
    "costOfRevenue": 6654000000,
    "grossProfit": -361000000,
    "grossProfitRatio": -0.0573653266,
    "researchAndDevelopmentExpenses": 222000000,
    "generalAndAdministrativeExpenses": 0,
    "sellingAndMarketingExpenses": 0,
    "sellingGeneralAndAdministrativeExpenses": 283000000,
    "otherExpenses": 2124000000,
    "operatingExpenses": 2629000000,
    "costAndExpenses": 9283000000,
    "interestIncome": 45000000,
    "interestExpense": 386000000,
    "depreciationAndAmortization": 2382000000,
    "ebitda": -2283000000,
    "ebitdaratio": -0.3627840458,
    "operatingIncome": -2990000000,
    "operatingIncomeRatio": -0.475131098,
    "totalOtherIncomeExpensesNet": -2061000000,
    "incomeBeforeTax": -5051000000,
    "incomeBeforeTaxRatio": -0.8026378516,
    "incomeTaxExpense": -1614000000,
    "netIncome": -3450000000,
    "netIncomeRatio": -0.5482281901,
    "eps": -2.78,
    "epsdiluted": -2.77,
    "weightedAverageShsOut": 1242613204,
    "weightedAverageShsOutDil": 1243699000,
    "link": "https://www.sec.gov/Archives/edgar/data/1163165/000119312516472901/0001193125-16-472901-index.htm",
    "finalLink": "https://www.sec.gov/Archives/edgar/data/1163165/000119312516472901/d145414d10k.htm"
  },
  {
    "date": "2015-09-30",
    "symbol": "COP",
    "reportedCurrency": "USD",
    "cik": "0001163165",
    "fillingDate": "2015-11-03",
    "acceptedDate": "2015-11-03 12:33:07",
    "calendarYear": "2015",
    "period": "Q3",
    "revenue": 7262000000,
    "costOfRevenue": 7374000000,
    "grossProfit": -112000000,
    "grossProfitRatio": -0.0154227486,
    "researchAndDevelopmentExpenses": 0,
    "generalAndAdministrativeExpenses": 0,
    "sellingAndMarketingExpenses": 0,
    "sellingGeneralAndAdministrativeExpenses": 293000000,
    "otherExpenses": 1267000000,
    "operatingExpenses": 1560000000,
    "costAndExpenses": 8934000000,
    "interestIncome": 0,
    "interestExpense": 362000000,
    "depreciationAndAmortization": 2271000000,
    "ebitda": 892000000,
    "ebitdaratio": 0.122831176,
    "operatingIncome": -1672000000,
    "operatingIncomeRatio": -0.2302396034,
    "totalOtherIncomeExpensesNet": -69000000,
    "incomeBeforeTax": -1741000000,
    "incomeBeforeTaxRatio": -0.2397411181,
    "incomeTaxExpense": -685000000,
    "netIncome": -1071000000,
    "netIncomeRatio": -0.147480033,
    "eps": -0.87,
    "epsdiluted": -0.86,
    "weightedAverageShsOut": 1231034482,
    "weightedAverageShsOutDil": 1242125000,
    "link": "https://www.sec.gov/Archives/edgar/data/1163165/000119312515363847/0001193125-15-363847-index.htm",
    "finalLink": "https://www.sec.gov/Archives/edgar/data/1163165/000119312515363847/d84505d10q.htm"
  },
  {
    "date": "2015-06-30",
    "symbol": "COP",
    "reportedCurrency": "USD",
    "cik": "0001163165",
    "fillingDate": "2015-08-04",
    "acceptedDate": "2015-08-04 12:01:19",
    "calendarYear": "2015",
    "period": "Q2",
    "revenue": 8293000000,
    "costOfRevenue": 7357000000,
    "grossProfit": 936000000,
    "grossProfitRatio": 0.1128662728,
    "researchAndDevelopmentExpenses": 0,
    "generalAndAdministrativeExpenses": 0,
    "sellingAndMarketingExpenses": 0,
    "sellingGeneralAndAdministrativeExpenses": 218000000,
    "otherExpenses": 774000000,
    "operatingExpenses": 992000000,
    "costAndExpenses": 8349000000,
    "interestIncome": 0,
    "interestExpense": 332000000,
    "depreciationAndAmortization": 2329000000,
    "ebitda": 2570000000,
    "ebitdaratio": 0.3098999156,
    "operatingIncome": -56000000,
    "operatingIncomeRatio": -0.006752683,
    "totalOtherIncomeExpensesNet": -35000000,
    "incomeBeforeTax": -91000000,
    "incomeBeforeTaxRatio": -0.0109731099,
    "incomeTaxExpense": 73000000,
    "netIncome": -179000000,
    "netIncomeRatio": -0.0215844688,
    "eps": -0.15,
    "epsdiluted": -0.14,
    "weightedAverageShsOut": 1193333333,
    "weightedAverageShsOutDil": 1241026000,
    "link": "https://www.sec.gov/Archives/edgar/data/1163165/000119312515276084/0001193125-15-276084-index.htm",
    "finalLink": "https://www.sec.gov/Archives/edgar/data/1163165/000119312515276084/d83722d10q.htm"
  },
  {
    "date": "2015-03-31",
    "symbol": "COP",
    "reportedCurrency": "USD",
    "cik": "0001163165",
    "fillingDate": "2015-05-05",
    "acceptedDate": "2015-05-05 10:15:10",
    "calendarYear": "2015",
    "period": "Q1",
    "revenue": 7716000000,
    "costOfRevenue": 7170000000,
    "grossProfit": 546000000,
    "grossProfitRatio": 0.0707620529,
    "researchAndDevelopmentExpenses": 0,
    "generalAndAdministrativeExpenses": 0,
    "sellingAndMarketingExpenses": 0,
    "sellingGeneralAndAdministrativeExpenses": 159000000,
    "otherExpenses": 706000000,
    "operatingExpenses": 865000000,
    "costAndExpenses": 8035000000,
    "interestIncome": 0,
    "interestExpense": 323000000,
    "depreciationAndAmortization": 2131000000,
    "ebitda": 2098000000,
    "ebitdaratio": 0.2719025402,
    "operatingIncome": -319000000,
    "operatingIncomeRatio": -0.0413426646,
    "totalOtherIncomeExpensesNet": -37000000,
    "incomeBeforeTax": -356000000,
    "incomeBeforeTaxRatio": -0.0461378953,
    "incomeTaxExpense": -642000000,
    "netIncome": 272000000,
    "netIncomeRatio": 0.0352514256,
    "eps": 0.22,
    "epsdiluted": 0.22,
    "weightedAverageShsOut": 1240791000,
    "weightedAverageShsOutDil": 1245531000,
    "link": "https://www.sec.gov/Archives/edgar/data/1163165/000119312515170727/0001193125-15-170727-index.htm",
    "finalLink": "https://www.sec.gov/Archives/edgar/data/1163165/000119312515170727/d919912d10q.htm"
  },
  {
    "date": "2014-12-31",
    "symbol": "COP",
    "reportedCurrency": "USD",
    "cik": "0001163165",
    "fillingDate": "2015-02-24",
    "acceptedDate": "2015-02-24 09:22:07",
    "calendarYear": "2014",
    "period": "Q4",
    "revenue": 11208000000,
    "costOfRevenue": 9988000000,
    "grossProfit": 1220000000,
    "grossProfitRatio": 0.1088508208,
    "researchAndDevelopmentExpenses": 263000000,
    "generalAndAdministrativeExpenses": 0,
    "sellingAndMarketingExpenses": 0,
    "sellingGeneralAndAdministrativeExpenses": 132000000,
    "otherExpenses": 842000000,
    "operatingExpenses": 1237000000,
    "costAndExpenses": 11225000000,
    "interestIncome": 83000000,
    "interestExpense": 300000000,
    "depreciationAndAmortization": 2271000000,
    "ebitda": 2250000000,
    "ebitdaratio": 0.2007494647,
    "operatingIncome": -17000000,
    "operatingIncomeRatio": -0.0015167737,
    "totalOtherIncomeExpensesNet": -304000000,
    "incomeBeforeTax": -321000000,
    "incomeBeforeTaxRatio": -0.028640257,
    "incomeTaxExpense": -297000000,
    "netIncome": -39000000,
    "netIncomeRatio": -0.0034796574,
    "eps": -0.0315,
    "epsdiluted": -0.0315,
    "weightedAverageShsOut": 1239975000,
    "weightedAverageShsOutDil": 1239975000,
    "link": "https://www.sec.gov/Archives/edgar/data/1163165/000119312515059281/0001193125-15-059281-index.htm",
    "finalLink": "https://www.sec.gov/Archives/edgar/data/1163165/000119312515059281/d869001d10k.htm"
  },
  {
    "date": "2014-09-30",
    "symbol": "COP",
    "reportedCurrency": "USD",
    "cik": "0001163165",
    "fillingDate": "2014-11-04",
    "acceptedDate": "2014-11-04 10:02:11",
    "calendarYear": "2014",
    "period": "Q3",
    "revenue": 12080000000,
    "costOfRevenue": 8840000000,
    "grossProfit": 3240000000,
    "grossProfitRatio": 0.2682119205,
    "researchAndDevelopmentExpenses": 0,
    "generalAndAdministrativeExpenses": 0,
    "sellingAndMarketingExpenses": 0,
    "sellingGeneralAndAdministrativeExpenses": 203000000,
    "otherExpenses": 952000000,
    "operatingExpenses": 1155000000,
    "costAndExpenses": 9995000000,
    "interestIncome": 0,
    "interestExpense": 269000000,
    "depreciationAndAmortization": 2096000000,
    "ebitda": 4918000000,
    "ebitdaratio": 0.4071192053,
    "operatingIncome": 2085000000,
    "operatingIncomeRatio": 0.1725993377,
    "totalOtherIncomeExpensesNet": 468000000,
    "incomeBeforeTax": 2553000000,
    "incomeBeforeTaxRatio": 0.2113410596,
    "incomeTaxExpense": 904000000,
    "netIncome": 2704000000,
    "netIncomeRatio": 0.2238410596,
    "eps": 2.18,
    "epsdiluted": 2.17,
    "weightedAverageShsOut": 1238234000,
    "weightedAverageShsOutDil": 1247436000,
    "link": "https://www.sec.gov/Archives/edgar/data/1163165/000119312514395378/0001193125-14-395378-index.htm",
    "finalLink": "https://www.sec.gov/Archives/edgar/data/1163165/000119312514395378/d813696d10q.htm"
  },
  {
    "date": "2014-06-30",
    "symbol": "COP",
    "reportedCurrency": "USD",
    "cik": "0001163165",
    "fillingDate": "2014-08-05",
    "acceptedDate": "2014-08-05 10:32:11",
    "calendarYear": "2014",
    "period": "Q2",
    "revenue": 13821000000,
    "costOfRevenue": 9595000000,
    "grossProfit": 4226000000,
    "grossProfitRatio": 0.3057665871,
    "researchAndDevelopmentExpenses": 0,
    "generalAndAdministrativeExpenses": 0,
    "sellingAndMarketingExpenses": 0,
    "sellingGeneralAndAdministrativeExpenses": 218000000,
    "otherExpenses": 1129000000,
    "operatingExpenses": 1347000000,
    "costAndExpenses": 10942000000,
    "interestIncome": 0,
    "interestExpense": 275000000,
    "depreciationAndAmortization": 2070000000,
    "ebitda": 5805000000,
    "ebitdaratio": 0.4200130237,
    "operatingIncome": 2879000000,
    "operatingIncomeRatio": 0.2083062007,
    "totalOtherIncomeExpensesNet": 581000000,
    "incomeBeforeTax": 3460000000,
    "incomeBeforeTaxRatio": 0.2503436799,
    "incomeTaxExpense": 1395000000,
    "netIncome": 2081000000,
    "netIncomeRatio": 0.1505679763,
    "eps": 1.68,
    "epsdiluted": 1.67,
    "weightedAverageShsOut": 1236057000,
    "weightedAverageShsOutDil": 1245155000,
    "link": "https://www.sec.gov/Archives/edgar/data/1163165/000119312514294917/0001193125-14-294917-index.htm",
    "finalLink": "https://www.sec.gov/Archives/edgar/data/1163165/000119312514294917/d766513d10q.htm"
  },
  {
    "date": "2014-03-31",
    "symbol": "COP",
    "reportedCurrency": "USD",
    "cik": "0001163165",
    "fillingDate": "2014-05-06",
    "acceptedDate": "2014-05-06 09:22:31",
    "calendarYear": "2014",
    "period": "Q1",
    "revenue": 15415000000,
    "costOfRevenue": 10914000000,
    "grossProfit": 4501000000,
    "grossProfitRatio": 0.2919883231,
    "researchAndDevelopmentExpenses": 0,
    "generalAndAdministrativeExpenses": 0,
    "sellingAndMarketingExpenses": 0,
    "sellingGeneralAndAdministrativeExpenses": 182000000,
    "otherExpenses": 947000000,
    "operatingExpenses": 1129000000,
    "costAndExpenses": 12043000000,
    "interestIncome": 0,
    "interestExpense": 288000000,
    "depreciationAndAmortization": 1892000000,
    "ebitda": 5878000000,
    "ebitdaratio": 0.3813168991,
    "operatingIncome": 3372000000,
    "operatingIncomeRatio": 0.2187479728,
    "totalOtherIncomeExpensesNet": 326000000,
    "incomeBeforeTax": 3698000000,
    "incomeBeforeTaxRatio": 0.239896205,
    "incomeTaxExpense": 1581000000,
    "netIncome": 2123000000,
    "netIncomeRatio": 0.1377229971,
    "eps": 1.72,
    "epsdiluted": 1.71,
    "weightedAverageShsOut": 1234968000,
    "weightedAverageShsOutDil": 1242667000,
    "link": "https://www.sec.gov/Archives/edgar/data/1163165/000119312514183842/0001193125-14-183842-index.htm",
    "finalLink": "https://www.sec.gov/Archives/edgar/data/1163165/000119312514183842/d719100d10q.htm"
  },
  {
    "date": "2013-12-31",
    "symbol": "COP",
    "reportedCurrency": "USD",
    "cik": "0001163165",
    "fillingDate": "2014-02-25",
    "acceptedDate": "2014-02-25 10:09:42",
    "calendarYear": "2013",
    "period": "Q4",
    "revenue": 13254000000,
    "costOfRevenue": 9390000000,
    "grossProfit": 3864000000,
    "grossProfitRatio": 0.2915346311,
    "researchAndDevelopmentExpenses": 258000000,
    "generalAndAdministrativeExpenses": 0,
    "sellingAndMarketingExpenses": 0,
    "sellingGeneralAndAdministrativeExpenses": 247000000,
    "otherExpenses": 749000000,
    "operatingExpenses": 1254000000,
    "costAndExpenses": 10644000000,
    "interestIncome": 113000000,
    "interestExpense": 309000000,
    "depreciationAndAmortization": 1893000000,
    "ebitda": 4760000000,
    "ebitdaratio": 0.3591368643,
    "operatingIncome": 2610000000,
    "operatingIncomeRatio": 0.196921684,
    "totalOtherIncomeExpensesNet": -52000000,
    "incomeBeforeTax": 2558000000,
    "incomeBeforeTaxRatio": 0.1929983401,
    "incomeTaxExpense": 1050000000,
    "netIncome": 2487000000,
    "netIncomeRatio": 0.1876414667,
    "eps": 2.01,
    "epsdiluted": 2,
    "weightedAverageShsOut": 1233741000,
    "weightedAverageShsOutDil": 1241112000,
    "link": "https://www.sec.gov/Archives/edgar/data/1163165/000119312514066358/0001193125-14-066358-index.htm",
    "finalLink": "https://www.sec.gov/Archives/edgar/data/1163165/000119312514066358/d665238d10k.htm"
  },
  {
    "date": "2013-09-30",
    "symbol": "COP",
    "reportedCurrency": "USD",
    "cik": "0001163165",
    "fillingDate": "2013-11-05",
    "acceptedDate": "2013-11-05 08:53:07",
    "calendarYear": "2013",
    "period": "Q3",
    "revenue": 13643000000,
    "costOfRevenue": 9572000000,
    "grossProfit": 4071000000,
    "grossProfitRatio": 0.2983947812,
    "researchAndDevelopmentExpenses": 0,
    "generalAndAdministrativeExpenses": 0,
    "sellingAndMarketingExpenses": 0,
    "sellingGeneralAndAdministrativeExpenses": 249000000,
    "otherExpenses": 977000000,
    "operatingExpenses": 1226000000,
    "costAndExpenses": 10798000000,
    "interestIncome": 0,
    "interestExpense": 257000000,
    "depreciationAndAmortization": 1902000000,
    "ebitda": 6564000000,
    "ebitdaratio": 0.4811258521,
    "operatingIncome": 2845000000,
    "operatingIncomeRatio": 0.2085318478,
    "totalOtherIncomeExpensesNet": 1560000000,
    "incomeBeforeTax": 4405000000,
    "incomeBeforeTaxRatio": 0.3228762002,
    "incomeTaxExpense": 1966000000,
    "netIncome": 2480000000,
    "netIncomeRatio": 0.1817782013,
    "eps": 2.01,
    "epsdiluted": 2,
    "weightedAverageShsOut": 1231054000,
    "weightedAverageShsOutDil": 1240365000,
    "link": "https://www.sec.gov/Archives/edgar/data/1163165/000119312513426598/0001193125-13-426598-index.htm",
    "finalLink": "https://www.sec.gov/Archives/edgar/data/1163165/000119312513426598/d621298d10q.htm"
  },
  {
    "date": "2013-06-30",
    "symbol": "COP",
    "reportedCurrency": "USD",
    "cik": "0001163165",
    "fillingDate": "2013-08-02",
    "acceptedDate": "2013-08-02 09:29:28",
    "calendarYear": "2013",
    "period": "Q2",
    "revenue": 13350000000,
    "costOfRevenue": 9025000000,
    "grossProfit": 4325000000,
    "grossProfitRatio": 0.3239700375,
    "researchAndDevelopmentExpenses": 0,
    "generalAndAdministrativeExpenses": 0,
    "sellingAndMarketingExpenses": 0,
    "sellingGeneralAndAdministrativeExpenses": 193000000,
    "otherExpenses": 963000000,
    "operatingExpenses": 1156000000,
    "costAndExpenses": 10181000000,
    "interestIncome": 0,
    "interestExpense": 244000000,
    "depreciationAndAmortization": 1832000000,
    "ebitda": 5772000000,
    "ebitdaratio": 0.4323595506,
    "operatingIncome": 3169000000,
    "operatingIncomeRatio": 0.2373782772,
    "totalOtherIncomeExpensesNet": 527000000,
    "incomeBeforeTax": 3696000000,
    "incomeBeforeTaxRatio": 0.2768539326,
    "incomeTaxExpense": 1630000000,
    "netIncome": 2050000000,
    "netIncomeRatio": 0.1535580524,
    "eps": 1.66,
    "epsdiluted": 1.65,
    "weightedAverageShsOut": 1229773000,
    "weightedAverageShsOutDil": 1237157000,
    "link": "https://www.sec.gov/Archives/edgar/data/1163165/000119312513316331/0001193125-13-316331-index.htm",
    "finalLink": "https://www.sec.gov/Archives/edgar/data/1163165/000119312513316331/d553343d10q.htm"
  },
  {
    "date": "2013-03-31",
    "symbol": "COP",
    "reportedCurrency": "USD",
    "cik": "0001163165",
    "fillingDate": "2013-04-30",
    "acceptedDate": "2013-04-30 12:08:19",
    "calendarYear": "2013",
    "period": "Q1",
    "revenue": 14166000000,
    "costOfRevenue": 9328000000,
    "grossProfit": 4838000000,
    "grossProfitRatio": 0.341521954,
    "researchAndDevelopmentExpenses": 0,
    "generalAndAdministrativeExpenses": 0,
    "sellingAndMarketingExpenses": 0,
    "sellingGeneralAndAdministrativeExpenses": 165000000,
    "otherExpenses": 1169000000,
    "operatingExpenses": 1334000000,
    "costAndExpenses": 10662000000,
    "interestIncome": 0,
    "interestExpense": 236000000,
    "depreciationAndAmortization": 1807000000,
    "ebitda": 5830000000,
    "ebitdaratio": 0.4115487788,
    "operatingIncome": 3504000000,
    "operatingIncomeRatio": 0.2473528166,
    "totalOtherIncomeExpensesNet": 283000000,
    "incomeBeforeTax": 3787000000,
    "incomeBeforeTaxRatio": 0.2673302273,
    "incomeTaxExpense": 1763000000,
    "netIncome": 2139000000,
    "netIncomeRatio": 0.150995341,
    "eps": 1.74,
    "epsdiluted": 1.73,
    "weightedAverageShsOut": 1229232000,
    "weightedAverageShsOutDil": 1235907000,
    "link": "https://www.sec.gov/Archives/edgar/data/1163165/000119312513185508/0001193125-13-185508-index.htm",
    "finalLink": "https://www.sec.gov/Archives/edgar/data/1163165/000119312513185508/d526569d10q.htm"
  },
  {
    "date": "2012-12-31",
    "symbol": "COP",
    "reportedCurrency": "USD",
    "cik": "0001163165",
    "fillingDate": "2013-02-19",
    "acceptedDate": "2013-02-19 17:09:15",
    "calendarYear": "2012",
    "period": "Q4",
    "revenue": 12666000000,
    "costOfRevenue": 15059000000,
    "grossProfit": -2393000000,
    "grossProfitRatio": -0.1889309964,
    "researchAndDevelopmentExpenses": 221000000,
    "generalAndAdministrativeExpenses": 0,
    "sellingAndMarketingExpenses": 0,
    "sellingGeneralAndAdministrativeExpenses": 214000000,
    "otherExpenses": -4288000000,
    "operatingExpenses": -3853000000,
    "costAndExpenses": 11206000000,
    "interestIncome": 2000000,
    "interestExpense": 0,
    "depreciationAndAmortization": 1779000000,
    "ebitda": 4984000000,
    "ebitdaratio": 0.3934943944,
    "operatingIncome": 1460000000,
    "operatingIncomeRatio": 0.1152692247,
    "totalOtherIncomeExpensesNet": 1651000000,
    "incomeBeforeTax": 3622000000,
    "incomeBeforeTaxRatio": 0.2859624191,
    "incomeTaxExpense": 1780000000,
    "netIncome": 1426000000,
    "netIncomeRatio": 0.1125848729,
    "eps": 1.16,
    "epsdiluted": 1.16,
    "weightedAverageShsOut": 1223422000,
    "weightedAverageShsOutDil": 1231395000,
    "link": "https://www.sec.gov/Archives/edgar/data/1163165/000119312513065426/0001193125-13-065426-index.htm",
    "finalLink": "https://www.sec.gov/Archives/edgar/data/1163165/000119312513065426/d452384d10k.htm"
  },
  {
    "date": "2012-09-30",
    "symbol": "COP",
    "reportedCurrency": "USD",
    "cik": "0001163165",
    "fillingDate": "2012-10-30",
    "acceptedDate": "2012-10-30 15:06:32",
    "calendarYear": "2012",
    "period": "Q3",
    "revenue": 14141000000,
    "costOfRevenue": 9644000000,
    "grossProfit": 4497000000,
    "grossProfitRatio": 0.318011456,
    "researchAndDevelopmentExpenses": 0,
    "generalAndAdministrativeExpenses": 0,
    "sellingAndMarketingExpenses": 0,
    "sellingGeneralAndAdministrativeExpenses": 329000000,
    "otherExpenses": 888000000,
    "operatingExpenses": 1217000000,
    "costAndExpenses": 10861000000,
    "interestIncome": 0,
    "interestExpense": 190000000,
    "depreciationAndAmortization": -1550000000,
    "ebitda": 5502000000,
    "ebitdaratio": 0.3890813945,
    "operatingIncome": 3280000000,
    "operatingIncomeRatio": 0.23194965,
    "totalOtherIncomeExpensesNet": 311000000,
    "incomeBeforeTax": 4467000000,
    "incomeBeforeTaxRatio": 0.3158899653,
    "incomeTaxExpense": 2226000000,
    "netIncome": 2937000000,
    "netIncomeRatio": 0.2076939396,
    "eps": 2.41,
    "epsdiluted": 2.39,
    "weightedAverageShsOut": 1220462000,
    "weightedAverageShsOutDil": 1229343000,
    "link": "https://www.sec.gov/Archives/edgar/data/1163165/000119312512441310/0001193125-12-441310-index.htm",
    "finalLink": "https://www.sec.gov/Archives/edgar/data/1163165/000119312512441310/d404659d10q.htm"
  },
  {
    "date": "2012-06-30",
    "symbol": "COP",
    "reportedCurrency": "USD",
    "cik": "0001163165",
    "fillingDate": "2012-07-31",
    "acceptedDate": "2012-07-31 15:38:27",
    "calendarYear": "2012",
    "period": "Q2",
    "revenue": 13664000000,
    "costOfRevenue": 9103000000,
    "grossProfit": 4561000000,
    "grossProfitRatio": 0.3337968384,
    "researchAndDevelopmentExpenses": 0,
    "generalAndAdministrativeExpenses": 0,
    "sellingAndMarketingExpenses": 0,
    "sellingGeneralAndAdministrativeExpenses": 235000000,
    "otherExpenses": 1165000000,
    "operatingExpenses": 1400000000,
    "costAndExpenses": 10503000000,
    "interestIncome": 0,
    "interestExpense": 197000000,
    "depreciationAndAmortization": 1411000000,
    "ebitda": 5825000000,
    "ebitdaratio": 0.4263026932,
    "operatingIncome": 3161000000,
    "operatingIncomeRatio": 0.231337822,
    "totalOtherIncomeExpensesNet": 784000000,
    "incomeBeforeTax": 4089000000,
    "incomeBeforeTaxRatio": 0.2992535129,
    "incomeTaxExpense": 2334000000,
    "netIncome": 2267000000,
    "netIncomeRatio": 0.1659104215,
    "eps": 1.82,
    "epsdiluted": 1.8,
    "weightedAverageShsOut": 1248300000,
    "weightedAverageShsOutDil": 1258189000,
    "link": "https://www.sec.gov/Archives/edgar/data/1163165/000119312512325680/0001193125-12-325680-index.htm",
    "finalLink": "https://www.sec.gov/Archives/edgar/data/1163165/000119312512325680/d358543d10q.htm"
  },
  {
    "date": "2012-03-31",
    "symbol": "COP",
    "reportedCurrency": "USD",
    "cik": "0001163165",
    "fillingDate": "2012-04-30",
    "acceptedDate": "2012-04-30 14:42:14",
    "calendarYear": "2012",
    "period": "Q1",
    "revenue": 14593000000,
    "costOfRevenue": 9208000000,
    "grossProfit": 5385000000,
    "grossProfitRatio": 0.3690125403,
    "researchAndDevelopmentExpenses": 0,
    "generalAndAdministrativeExpenses": 0,
    "sellingAndMarketingExpenses": 0,
    "sellingGeneralAndAdministrativeExpenses": 326000000,
    "otherExpenses": 1770000000,
    "operatingExpenses": 2096000000,
    "costAndExpenses": 11304000000,
    "interestIncome": 0,
    "interestExpense": 209000000,
    "depreciationAndAmortization": 1838000000,
    "ebitda": 6131000000,
    "ebitdaratio": 0.4201329405,
    "operatingIncome": 3289000000,
    "operatingIncomeRatio": 0.2253820325,
    "totalOtherIncomeExpensesNet": 976000000,
    "incomeBeforeTax": 5475000000,
    "incomeBeforeTaxRatio": 0.3751798808,
    "incomeTaxExpense": 2520000000,
    "netIncome": 2937000000,
    "netIncomeRatio": 0.2012608785,
    "eps": 2.29,
    "epsdiluted": 2.27,
    "weightedAverageShsOut": 1283493000,
    "weightedAverageShsOutDil": 1293104000,
    "link": "https://www.sec.gov/Archives/edgar/data/1163165/000119312512195408/0001193125-12-195408-index.htm",
    "finalLink": "https://www.sec.gov/Archives/edgar/data/1163165/000119312512195408/d312957d10q.htm"
  },
  {
    "date": "2011-12-31",
    "symbol": "COP",
    "reportedCurrency": "USD",
    "cik": "0001163165",
    "fillingDate": "2012-02-21",
    "acceptedDate": "2012-02-21 17:28:08",
    "calendarYear": "2011",
    "period": "Q4",
    "revenue": 61787000000,
    "costOfRevenue": 48529000000,
    "grossProfit": 13258000000,
    "grossProfitRatio": 0.2145758817,
    "researchAndDevelopmentExpenses": 0,
    "generalAndAdministrativeExpenses": 0,
    "sellingAndMarketingExpenses": 0,
    "sellingGeneralAndAdministrativeExpenses": 599000000,
    "otherExpenses": 6813000000,
    "operatingExpenses": 7412000000,
    "costAndExpenses": 55941000000,
    "interestIncome": 0,
    "interestExpense": 228000000,
    "depreciationAndAmortization": 1919000000,
    "ebitda": 7980000000,
    "ebitdaratio": 0.1291533818,
    "operatingIncome": 5846000000,
    "operatingIncomeRatio": 0.0946153722,
    "totalOtherIncomeExpensesNet": -13000000,
    "incomeBeforeTax": 5833000000,
    "incomeBeforeTaxRatio": 0.0944049719,
    "incomeTaxExpense": 2423000000,
    "netIncome": 3390000000,
    "netIncomeRatio": 0.0548659103,
    "eps": 2.64,
    "epsdiluted": 2.64,
    "weightedAverageShsOut": 1283493000,
    "weightedAverageShsOutDil": 1283493000,
    "link": "https://www.sec.gov/Archives/edgar/data/1163165/000119312512070636/0001193125-12-070636-index.htm",
    "finalLink": "https://www.sec.gov/Archives/edgar/data/1163165/000119312512070636/d267896d10k.htm"
  },
  {
    "date": "2011-09-30",
    "symbol": "COP",
    "reportedCurrency": "USD",
    "cik": "0001163165",
    "fillingDate": "2011-11-01",
    "acceptedDate": "2011-11-01 16:56:50",
    "calendarYear": "2011",
    "period": "Q3",
    "revenue": 16252000000,
    "costOfRevenue": 9743000000,
    "grossProfit": 6509000000,
    "grossProfitRatio": 0.4005045533,
    "researchAndDevelopmentExpenses": 0,
    "generalAndAdministrativeExpenses": 0,
    "sellingAndMarketingExpenses": 0,
    "sellingGeneralAndAdministrativeExpenses": 145000000,
    "otherExpenses": 2922000000,
    "operatingExpenses": 3067000000,
    "costAndExpenses": 12810000000,
    "interestIncome": 0,
    "interestExpense": 235000000,
    "depreciationAndAmortization": 1870000000,
    "ebitda": 5799000000,
    "ebitdaratio": 0.3568176224,
    "operatingIncome": 3442000000,
    "operatingIncomeRatio": 0.2117893182,
    "totalOtherIncomeExpensesNet": 163000000,
    "incomeBeforeTax": 5180000000,
    "incomeBeforeTaxRatio": 0.3187300025,
    "incomeTaxExpense": 2549000000,
    "netIncome": 2616000000,
    "netIncomeRatio": 0.1609648043,
    "eps": 1.93,
    "epsdiluted": 1.91,
    "weightedAverageShsOut": 1357710000,
    "weightedAverageShsOutDil": 1369562000,
    "link": "https://www.sec.gov/Archives/edgar/data/1163165/000095012311093993/0000950123-11-093993-index.htm",
    "finalLink": "https://www.sec.gov/Archives/edgar/data/1163165/000095012311093993/h84155e10vq.htm"
  },
  {
    "date": "2011-06-30",
    "symbol": "COP",
    "reportedCurrency": "USD",
    "cik": "0001163165",
    "fillingDate": "2011-08-02",
    "acceptedDate": "2011-08-02 15:06:38",
    "calendarYear": "2011",
    "period": "Q2",
    "revenue": 17293000000,
    "costOfRevenue": 9276000000,
    "grossProfit": 8017000000,
    "grossProfitRatio": 0.4635979876,
    "researchAndDevelopmentExpenses": 0,
    "generalAndAdministrativeExpenses": 0,
    "sellingAndMarketingExpenses": 0,
    "sellingGeneralAndAdministrativeExpenses": 203000000,
    "otherExpenses": 3308000000,
    "operatingExpenses": 3511000000,
    "costAndExpenses": 12787000000,
    "interestIncome": 0,
    "interestExpense": 247000000,
    "depreciationAndAmortization": 2075000000,
    "ebitda": 8497000000,
    "ebitdaratio": 0.4913548835,
    "operatingIncome": 4506000000,
    "operatingIncomeRatio": 0.2605678598,
    "totalOtherIncomeExpensesNet": 8000000,
    "incomeBeforeTax": 6192000000,
    "incomeBeforeTaxRatio": 0.3580639565,
    "incomeTaxExpense": 2773000000,
    "netIncome": 3402000000,
    "netIncomeRatio": 0.1967269994,
    "eps": 2.43,
    "epsdiluted": 2.41,
    "weightedAverageShsOut": 1399473000,
    "weightedAverageShsOutDil": 1412147000,
    "link": "https://www.sec.gov/Archives/edgar/data/1163165/000095012311071563/0000950123-11-071563-index.htm",
    "finalLink": "https://www.sec.gov/Archives/edgar/data/1163165/000095012311071563/h82408e10vq.htm"
  },
  {
    "date": "2011-03-31",
    "symbol": "COP",
    "reportedCurrency": "USD",
    "cik": "0001163165",
    "fillingDate": "2011-05-03",
    "acceptedDate": "2011-05-03 15:33:02",
    "calendarYear": "2011",
    "period": "Q1",
    "revenue": 57230000000,
    "costOfRevenue": 45004000000,
    "grossProfit": 12226000000,
    "grossProfitRatio": 0.2136292154,
    "researchAndDevelopmentExpenses": 0,
    "generalAndAdministrativeExpenses": 0,
    "sellingAndMarketingExpenses": 0,
    "sellingGeneralAndAdministrativeExpenses": 499000000,
    "otherExpenses": 6610000000,
    "operatingExpenses": 7109000000,
    "costAndExpenses": 52113000000,
    "interestIncome": 0,
    "interestExpense": 262000000,
    "depreciationAndAmortization": 2070000000,
    "ebitda": 8128000000,
    "ebitdaratio": 0.1420234143,
    "operatingIncome": 5117000000,
    "operatingIncomeRatio": 0.089411148,
    "totalOtherIncomeExpensesNet": 679000000,
    "incomeBeforeTax": 5796000000,
    "incomeBeforeTaxRatio": 0.1012755548,
    "incomeTaxExpense": 2754000000,
    "netIncome": 3028000000,
    "netIncomeRatio": 0.0529093133,
    "eps": 2.11,
    "epsdiluted": 2.09,
    "weightedAverageShsOut": 1432285000,
    "weightedAverageShsOutDil": 1445477000,
    "link": "https://www.sec.gov/Archives/edgar/data/1163165/000095012311043802/0000950123-11-043802-index.htm",
    "finalLink": "https://www.sec.gov/Archives/edgar/data/1163165/000095012311043802/h80298e10vq.htm"
  },
  {
    "date": "2010-12-31",
    "symbol": "COP",
    "reportedCurrency": "USD",
    "cik": "0001163165",
    "fillingDate": "2011-02-23",
    "acceptedDate": "2011-02-23 12:43:13",
    "calendarYear": "2010",
    "period": "Q4",
    "revenue": 51726000000,
    "costOfRevenue": 43213000000,
    "grossProfit": 8513000000,
    "grossProfitRatio": 0.1645787418,
    "researchAndDevelopmentExpenses": 0,
    "generalAndAdministrativeExpenses": 0,
    "sellingAndMarketingExpenses": 0,
    "sellingGeneralAndAdministrativeExpenses": 630000000,
    "otherExpenses": 4589000000,
    "operatingExpenses": 5219000000,
    "costAndExpenses": 48432000000,
    "interestIncome": 187000000,
    "interestExpense": 383000000,
    "depreciationAndAmortization": 2216000000,
    "ebitda": 6891000000,
    "ebitdaratio": 0.133221204,
    "operatingIncome": 3294000000,
    "operatingIncomeRatio": 0.0636817075,
    "totalOtherIncomeExpensesNet": 998000000,
    "incomeBeforeTax": 4292000000,
    "incomeBeforeTaxRatio": 0.0829756795,
    "incomeTaxExpense": 2239000000,
    "netIncome": 2041000000,
    "netIncomeRatio": 0.0394579128,
    "eps": 1.42,
    "epsdiluted": 1.42,
    "weightedAverageShsOut": 1432285000,
    "weightedAverageShsOutDil": 1432285000,
    "link": "https://www.sec.gov/Archives/edgar/data/1163165/000095012311016957/0000950123-11-016957-index.htm",
    "finalLink": "https://www.sec.gov/Archives/edgar/data/1163165/000095012311016957/h76276e10vk.htm"
  },
  {
    "date": "2010-09-30",
    "symbol": "COP",
    "reportedCurrency": "USD",
    "cik": "0001163165",
    "fillingDate": "2010-11-02",
    "acceptedDate": "2010-11-02 17:23:58",
    "calendarYear": "2010",
    "period": "Q3",
    "revenue": 48545000000,
    "costOfRevenue": 36634000000,
    "grossProfit": 11911000000,
    "grossProfitRatio": 0.2453599753,
    "researchAndDevelopmentExpenses": 0,
    "generalAndAdministrativeExpenses": 0,
    "sellingAndMarketingExpenses": 0,
    "sellingGeneralAndAdministrativeExpenses": 493000000,
    "otherExpenses": 6725000000,
    "operatingExpenses": 7218000000,
    "costAndExpenses": 43852000000,
    "interestIncome": 0,
    "interestExpense": 264000000,
    "depreciationAndAmortization": 2246000000,
    "ebitda": 7784000000,
    "ebitdaratio": 0.1603460707,
    "operatingIncome": 4693000000,
    "operatingIncomeRatio": 0.0966731898,
    "totalOtherIncomeExpensesNet": 581000000,
    "incomeBeforeTax": 5274000000,
    "incomeBeforeTaxRatio": 0.1086414667,
    "incomeTaxExpense": 2205000000,
    "netIncome": 3055000000,
    "netIncomeRatio": 0.0629313009,
    "eps": 2.06,
    "epsdiluted": 2.05,
    "weightedAverageShsOut": 1481522000,
    "weightedAverageShsOutDil": 1493080000,
    "link": "https://www.sec.gov/Archives/edgar/data/1163165/000095012310099554/0000950123-10-099554-index.htm",
    "finalLink": "https://www.sec.gov/Archives/edgar/data/1163165/000095012310099554/h76057e10vq.htm"
  },
  {
    "date": "2010-06-30",
    "symbol": "COP",
    "reportedCurrency": "USD",
    "cik": "0001163165",
    "fillingDate": "2010-08-05",
    "acceptedDate": "2010-08-04 18:18:23",
    "calendarYear": "2010",
    "period": "Q2",
    "revenue": 49039000000,
    "costOfRevenue": 34707000000,
    "grossProfit": 14332000000,
    "grossProfitRatio": 0.2922571831,
    "researchAndDevelopmentExpenses": 0,
    "generalAndAdministrativeExpenses": 0,
    "sellingAndMarketingExpenses": 0,
    "sellingGeneralAndAdministrativeExpenses": 438000000,
    "otherExpenses": 6740000000,
    "operatingExpenses": 7178000000,
    "costAndExpenses": 41885000000,
    "interestIncome": 0,
    "interestExpense": 301000000,
    "depreciationAndAmortization": 2280000000,
    "ebitda": 8823000000,
    "ebitdaratio": 0.1799180244,
    "operatingIncome": 7154000000,
    "operatingIncomeRatio": 0.1458838883,
    "totalOtherIncomeExpensesNet": -960000000,
    "incomeBeforeTax": 3990000000,
    "incomeBeforeTaxRatio": 0.0813638125,
    "incomeTaxExpense": 1878000000,
    "netIncome": 2098000000,
    "netIncomeRatio": 0.0427822753,
    "eps": 1.41,
    "epsdiluted": 1.4,
    "weightedAverageShsOut": 1489814000,
    "weightedAverageShsOutDil": 1501257000,
    "link": "https://www.sec.gov/Archives/edgar/data/1163165/000095012310072660/0000950123-10-072660-index.htm",
    "finalLink": "https://www.sec.gov/Archives/edgar/data/1163165/000095012310072660/h73992e10vq.htm"
  },
  {
    "date": "2010-03-31",
    "symbol": "COP",
    "reportedCurrency": "USD",
    "cik": "0001163165",
    "fillingDate": "2010-05-04",
    "acceptedDate": "2010-05-04 17:02:17",
    "calendarYear": "2010",
    "period": "Q1",
    "revenue": 44894000000,
    "costOfRevenue": 34048000000,
    "grossProfit": 10846000000,
    "grossProfitRatio": 0.241591304,
    "researchAndDevelopmentExpenses": 0,
    "generalAndAdministrativeExpenses": 0,
    "sellingAndMarketingExpenses": 0,
    "sellingGeneralAndAdministrativeExpenses": 444000000,
    "otherExpenses": 6738000000,
    "operatingExpenses": 7182000000,
    "costAndExpenses": 41230000000,
    "interestIncome": 0,
    "interestExpense": 301000000,
    "depreciationAndAmortization": 2318000000,
    "ebitda": 6609000000,
    "ebitdaratio": 0.1472134361,
    "operatingIncome": 3664000000,
    "operatingIncomeRatio": 0.0816144696,
    "totalOtherIncomeExpensesNet": 326000000,
    "incomeBeforeTax": 3990000000,
    "incomeBeforeTaxRatio": 0.0888760191,
    "incomeTaxExpense": 1878000000,
    "netIncome": 2098000000,
    "netIncomeRatio": 0.0467323028,
    "eps": 1.41,
    "epsdiluted": 1.4,
    "weightedAverageShsOut": 1492861000,
    "weightedAverageShsOutDil": 1503565000,
    "link": "https://www.sec.gov/Archives/edgar/data/1163165/000095012310043643/0000950123-10-043643-index.htm",
    "finalLink": "https://www.sec.gov/Archives/edgar/data/1163165/000095012310043643/h70192e10vq.htm"
  },
  {
    "date": "2009-12-31",
    "symbol": "COP",
    "reportedCurrency": "USD",
    "cik": "0001163165",
    "fillingDate": "2010-02-25",
    "acceptedDate": "2010-02-25 17:30:06",
    "calendarYear": "2009",
    "period": "Q4",
    "revenue": 43625000000,
    "costOfRevenue": 32744000000,
    "grossProfit": 10881000000,
    "grossProfitRatio": 0.2494212034,
    "researchAndDevelopmentExpenses": 0,
    "generalAndAdministrativeExpenses": 0,
    "sellingAndMarketingExpenses": 0,
    "sellingGeneralAndAdministrativeExpenses": 452000000,
    "otherExpenses": 6846000000,
    "operatingExpenses": 7298000000,
    "costAndExpenses": 40042000000,
    "interestIncome": 0,
    "interestExpense": 375000000,
    "depreciationAndAmortization": 2391000000,
    "ebitda": 5435000000,
    "ebitdaratio": 0.1245845272,
    "operatingIncome": 3583000000,
    "operatingIncomeRatio": 0.0821318052,
    "totalOtherIncomeExpensesNet": -914000000,
    "incomeBeforeTax": 2669000000,
    "incomeBeforeTaxRatio": 0.0611805158,
    "incomeTaxExpense": 1423000000,
    "netIncome": 1217000000,
    "netIncomeRatio": 0.0278968481,
    "eps": 0.82,
    "epsdiluted": 0.82,
    "weightedAverageShsOut": 1489834000,
    "weightedAverageShsOutDil": 1492861000,
    "link": "https://www.sec.gov/Archives/edgar/data/1163165/000095012310017187/0000950123-10-017187-index.htm",
    "finalLink": "https://www.sec.gov/Archives/edgar/data/1163165/000095012310017187/h69477e10vk.htm"
  },
  {
    "date": "2009-09-30",
    "symbol": "COP",
    "reportedCurrency": "USD",
    "cik": "0001163165",
    "fillingDate": "2009-11-03",
    "acceptedDate": "2009-11-03 17:29:13",
    "calendarYear": "2009",
    "period": "Q3",
    "revenue": 40173000000,
    "costOfRevenue": 32869000000,
    "grossProfit": 7304000000,
    "grossProfitRatio": 0.1818136559,
    "researchAndDevelopmentExpenses": 0,
    "generalAndAdministrativeExpenses": 0,
    "sellingAndMarketingExpenses": 0,
    "sellingGeneralAndAdministrativeExpenses": 427000000,
    "otherExpenses": 4591000000,
    "operatingExpenses": 5018000000,
    "costAndExpenses": 37887000000,
    "interestIncome": 0,
    "interestExpense": 336000000,
    "depreciationAndAmortization": 4557000000,
    "ebitda": 5672000000,
    "ebitdaratio": 0.141189356,
    "operatingIncome": 2286000000,
    "operatingIncomeRatio": 0.0569038907,
    "totalOtherIncomeExpensesNet": 627000000,
    "incomeBeforeTax": 2947000000,
    "incomeBeforeTaxRatio": 0.0733577278,
    "incomeTaxExpense": 1427000000,
    "netIncome": 1470000000,
    "netIncomeRatio": 0.0365917407,
    "eps": 0.98,
    "epsdiluted": 0.97,
    "weightedAverageShsOut": 1488352000,
    "weightedAverageShsOutDil": 1498204000,
    "link": "https://www.sec.gov/Archives/edgar/data/1163165/000095012309056991/0000950123-09-056991-index.htm",
    "finalLink": "https://www.sec.gov/Archives/edgar/data/1163165/000095012309056991/h67772e10vq.htm"
  },
  {
    "date": "2009-06-30",
    "symbol": "COP",
    "reportedCurrency": "USD",
    "cik": "0001163165",
    "fillingDate": "2009-08-04",
    "acceptedDate": "2009-08-04 17:30:34",
    "calendarYear": "2009",
    "period": "Q2",
    "revenue": 35448000000,
    "costOfRevenue": 29529000000,
    "grossProfit": 5919000000,
    "grossProfitRatio": 0.1669769804,
    "researchAndDevelopmentExpenses": 0,
    "generalAndAdministrativeExpenses": 0,
    "sellingAndMarketingExpenses": 0,
    "sellingGeneralAndAdministrativeExpenses": 476000000,
    "otherExpenses": 3958000000,
    "operatingExpenses": 4434000000,
    "costAndExpenses": 33963000000,
    "interestIncome": 0,
    "interestExpense": 310000000,
    "depreciationAndAmortization": 2230000000,
    "ebitda": 4661000000,
    "ebitdaratio": 0.1314883773,
    "operatingIncome": 1485000000,
    "operatingIncomeRatio": 0.0418923494,
    "totalOtherIncomeExpensesNet": 453000000,
    "incomeBeforeTax": 2034000000,
    "incomeBeforeTaxRatio": 0.057379824,
    "incomeTaxExpense": 1178000000,
    "netIncome": 859000000,
    "netIncomeRatio": 0.0242326789,
    "eps": 0.58,
    "epsdiluted": 0.57,
    "weightedAverageShsOut": 1486496000,
    "weightedAverageShsOutDil": 1495700000,
    "link": "https://www.sec.gov/Archives/edgar/data/1163165/000095012309029713/0000950123-09-029713-index.htm",
    "finalLink": "https://www.sec.gov/Archives/edgar/data/1163165/000095012309029713/h67588e10vq.htm"
  },
  {
    "date": "2009-03-31",
    "symbol": "COP",
    "reportedCurrency": "USD",
    "cik": "0001163165",
    "fillingDate": "2009-04-29",
    "acceptedDate": "2009-04-29 17:31:03",
    "calendarYear": "2009",
    "period": "Q1",
    "revenue": 31238000000,
    "costOfRevenue": 22304000000,
    "grossProfit": 8934000000,
    "grossProfitRatio": 0.2859978232,
    "researchAndDevelopmentExpenses": 0,
    "generalAndAdministrativeExpenses": 0,
    "sellingAndMarketingExpenses": 0,
    "sellingGeneralAndAdministrativeExpenses": 475000000,
    "otherExpenses": 6050000000,
    "operatingExpenses": 6525000000,
    "costAndExpenses": 28829000000,
    "interestIncome": 0,
    "interestExpense": 310000000,
    "depreciationAndAmortization": 2230000000,
    "ebitda": 4532000000,
    "ebitdaratio": 0.1450797106,
    "operatingIncome": 2409000000,
    "operatingIncomeRatio": 0.0771176132,
    "totalOtherIncomeExpensesNet": -417000000,
    "incomeBeforeTax": 2034000000,
    "incomeBeforeTaxRatio": 0.0651130034,
    "incomeTaxExpense": 1178000000,
    "netIncome": 800000000,
    "netIncomeRatio": 0.0256098342,
    "eps": 0.54,
    "epsdiluted": 0.54,
    "weightedAverageShsOut": 1485890000,
    "weightedAverageShsOutDil": 1495247000,
    "link": "https://www.sec.gov/Archives/edgar/data/1163165/000095013409008786/0000950134-09-008786-index.htm",
    "finalLink": "https://www.sec.gov/Archives/edgar/data/1163165/000095013409008786/h66537e10vq.htm"
  },
  {
    "date": "2008-12-31",
    "symbol": "COP",
    "reportedCurrency": "USD",
    "cik": "0001163165",
    "fillingDate": "2009-02-25",
    "acceptedDate": "2009-02-25 17:24:43",
    "calendarYear": "2008",
    "period": "Q4",
    "revenue": 44904000000,
    "costOfRevenue": 32114000000,
    "grossProfit": 12790000000,
    "grossProfitRatio": 0.2848298593,
    "researchAndDevelopmentExpenses": 0,
    "generalAndAdministrativeExpenses": 0,
    "sellingAndMarketingExpenses": 0,
    "sellingGeneralAndAdministrativeExpenses": 1898000000,
    "otherExpenses": 6331000000,
    "operatingExpenses": 8229000000,
    "costAndExpenses": 40343000000,
    "interestIncome": 0,
    "interestExpense": 1006000000,
    "depreciationAndAmortization": 2264000000,
    "ebitda": 6825000000,
    "ebitdaratio": 0.1519909139,
    "operatingIncome": 4561000000,
    "operatingIncomeRatio": 0.101572243,
    "totalOtherIncomeExpensesNet": -34965000000,
    "incomeBeforeTax": -30404000000,
    "incomeBeforeTaxRatio": -0.6770889008,
    "incomeTaxExpense": 1360000000,
    "netIncome": -31764000000,
    "netIncomeRatio": -0.7073757349,
    "eps": -21.38,
    "epsdiluted": -21.38,
    "weightedAverageShsOut": 1485890000,
    "weightedAverageShsOutDil": 1485890000,
    "link": "https://www.sec.gov/Archives/edgar/data/1163165/000136231009002769/0001362310-09-002769-index.htm",
    "finalLink": "https://www.sec.gov/Archives/edgar/data/1163165/000136231009002769/c81244e10vk.htm"
  },
  {
    "date": "2008-09-30",
    "symbol": "COP",
    "reportedCurrency": "USD",
    "cik": "0001163165",
    "fillingDate": "2008-10-29",
    "acceptedDate": "2008-10-29 17:26:54",
    "calendarYear": "2008",
    "period": "Q3",
    "revenue": 71373000000,
    "costOfRevenue": 52934000000,
    "grossProfit": 18439000000,
    "grossProfitRatio": 0.258346994,
    "researchAndDevelopmentExpenses": 0,
    "generalAndAdministrativeExpenses": 0,
    "sellingAndMarketingExpenses": 0,
    "sellingGeneralAndAdministrativeExpenses": 513000000,
    "otherExpenses": 7980000000,
    "operatingExpenses": 8493000000,
    "costAndExpenses": 61427000000,
    "interestIncome": 0,
    "interestExpense": 239000000,
    "depreciationAndAmortization": 2361000000,
    "ebitda": 12307000000,
    "ebitdaratio": 0.1724321522,
    "operatingIncome": 9946000000,
    "operatingIncomeRatio": 0.1393524162,
    "totalOtherIncomeExpensesNet": -479000000,
    "incomeBeforeTax": 9467000000,
    "incomeBeforeTaxRatio": 0.1326411948,
    "incomeTaxExpense": 4279000000,
    "netIncome": 5188000000,
    "netIncomeRatio": 0.0726885517,
    "eps": 3.43,
    "epsdiluted": 3.39,
    "weightedAverageShsOut": 1510897000,
    "weightedAverageShsOutDil": 1528187000,
    "link": "https://www.sec.gov/Archives/edgar/data/1163165/000095012908005358/0000950129-08-005358-index.htm",
    "finalLink": "https://www.sec.gov/Archives/edgar/data/1163165/000095012908005358/h64658e10vq.htm"
  },
  {
    "date": "2008-06-30",
    "symbol": "COP",
    "reportedCurrency": "USD",
    "cik": "0001163165",
    "fillingDate": "2008-07-30",
    "acceptedDate": "2008-07-29 17:53:16",
    "calendarYear": "2008",
    "period": "Q2",
    "revenue": 73353000000,
    "costOfRevenue": 54325000000,
    "grossProfit": 19028000000,
    "grossProfitRatio": 0.2594031601,
    "researchAndDevelopmentExpenses": 0,
    "generalAndAdministrativeExpenses": 0,
    "sellingAndMarketingExpenses": 0,
    "sellingGeneralAndAdministrativeExpenses": 629000000,
    "otherExpenses": 8262000000,
    "operatingExpenses": 8891000000,
    "costAndExpenses": 63216000000,
    "interestIncome": 0,
    "interestExpense": 210000000,
    "depreciationAndAmortization": 2178000000,
    "ebitda": 12200000000,
    "ebitdaratio": 0.1663190326,
    "operatingIncome": 10137000000,
    "operatingIncomeRatio": 0.1381947569,
    "totalOtherIncomeExpensesNet": -325000000,
    "incomeBeforeTax": 9795000000,
    "incomeBeforeTaxRatio": 0.1335323709,
    "incomeTaxExpense": 4356000000,
    "netIncome": 5439000000,
    "netIncomeRatio": 0.0741482966,
    "eps": 3.54,
    "epsdiluted": 3.5,
    "weightedAverageShsOut": 1534975000,
    "weightedAverageShsOutDil": 1555447000,
    "link": "https://www.sec.gov/Archives/edgar/data/1163165/000095012908004130/0000950129-08-004130-index.htm",
    "finalLink": "https://www.sec.gov/Archives/edgar/data/1163165/000095012908004130/h58804e10vq.htm"
  },
  {
    "date": "2008-03-31",
    "symbol": "COP",
    "reportedCurrency": "USD",
    "cik": "0001163165",
    "fillingDate": "2008-04-30",
    "acceptedDate": "2008-04-30 16:41:03",
    "calendarYear": "2008",
    "period": "Q1",
    "revenue": 56552000000,
    "costOfRevenue": 40511000000,
    "grossProfit": 16041000000,
    "grossProfitRatio": 0.2836504456,
    "researchAndDevelopmentExpenses": 0,
    "generalAndAdministrativeExpenses": 0,
    "sellingAndMarketingExpenses": 0,
    "sellingGeneralAndAdministrativeExpenses": 526000000,
    "otherExpenses": 7630000000,
    "operatingExpenses": 8156000000,
    "costAndExpenses": 48667000000,
    "interestIncome": 0,
    "interestExpense": 207000000,
    "depreciationAndAmortization": 2209000000,
    "ebitda": 9984000000,
    "ebitdaratio": 0.1765454803,
    "operatingIncome": 7885000000,
    "operatingIncomeRatio": 0.1394291979,
    "totalOtherIncomeExpensesNet": -317000000,
    "incomeBeforeTax": 7549000000,
    "incomeBeforeTaxRatio": 0.1334877635,
    "incomeTaxExpense": 3410000000,
    "netIncome": 4139000000,
    "netIncomeRatio": 0.0731892771,
    "eps": 2.65,
    "epsdiluted": 2.62,
    "weightedAverageShsOut": 1562198000,
    "weightedAverageShsOutDil": 1582025000,
    "link": "https://www.sec.gov/Archives/edgar/data/1163165/000095012908002540/0000950129-08-002540-index.htm",
    "finalLink": "https://www.sec.gov/Archives/edgar/data/1163165/000095012908002540/h56205e10vq.htm"
  },
  {
    "date": "2007-12-31",
    "symbol": "COP",
    "reportedCurrency": "USD",
    "cik": "0001163165",
    "fillingDate": "2008-02-22",
    "acceptedDate": "2008-02-21 21:49:43",
    "calendarYear": "2007",
    "period": "Q4",
    "revenue": 54298000000,
    "costOfRevenue": 37307000000,
    "grossProfit": 16991000000,
    "grossProfitRatio": 0.3129212862,
    "researchAndDevelopmentExpenses": 0,
    "generalAndAdministrativeExpenses": 0,
    "sellingAndMarketingExpenses": 0,
    "sellingGeneralAndAdministrativeExpenses": 1613000000,
    "otherExpenses": 7542000000,
    "operatingExpenses": 9155000000,
    "costAndExpenses": 46462000000,
    "interestIncome": 0,
    "interestExpense": 356000000,
    "depreciationAndAmortization": 2206000000,
    "ebitda": 10042000000,
    "ebitdaratio": 0.1849423552,
    "operatingIncome": 7836000000,
    "operatingIncomeRatio": 0.1443147077,
    "totalOtherIncomeExpensesNet": -512000000,
    "incomeBeforeTax": 7324000000,
    "incomeBeforeTaxRatio": 0.1348852628,
    "incomeTaxExpense": 2953000000,
    "netIncome": 4371000000,
    "netIncomeRatio": 0.0805002026,
    "eps": 2.8,
    "epsdiluted": 2.8,
    "weightedAverageShsOut": 1562198000,
    "weightedAverageShsOutDil": 1562198000,
    "link": "https://www.sec.gov/Archives/edgar/data/1163165/000095012908001094/0000950129-08-001094-index.htm",
    "finalLink": "https://www.sec.gov/Archives/edgar/data/1163165/000095012908001094/h53977e10vk.htm"
  },
  {
    "date": "2007-09-30",
    "symbol": "COP",
    "reportedCurrency": "USD",
    "cik": "0001163165",
    "fillingDate": "2007-11-01",
    "acceptedDate": "2007-10-31 18:40:52",
    "calendarYear": "2007",
    "period": "Q3",
    "revenue": 47933000000,
    "costOfRevenue": 33700000000,
    "grossProfit": 14233000000,
    "grossProfitRatio": 0.2969353055,
    "researchAndDevelopmentExpenses": 0,
    "generalAndAdministrativeExpenses": 0,
    "sellingAndMarketingExpenses": 0,
    "sellingGeneralAndAdministrativeExpenses": 569000000,
    "otherExpenses": 6635000000,
    "operatingExpenses": 7204000000,
    "costAndExpenses": 40904000000,
    "interestIncome": 0,
    "interestExpense": 391000000,
    "depreciationAndAmortization": 2052000000,
    "ebitda": 9081000000,
    "ebitdaratio": 0.1894519433,
    "operatingIncome": 7029000000,
    "operatingIncomeRatio": 0.1466421881,
    "totalOtherIncomeExpensesNet": -665000000,
    "incomeBeforeTax": 6364000000,
    "incomeBeforeTaxRatio": 0.1327686562,
    "incomeTaxExpense": 2691000000,
    "netIncome": 3673000000,
    "netIncomeRatio": 0.076627793,
    "eps": 2.26,
    "epsdiluted": 2.23,
    "weightedAverageShsOut": 1622456000,
    "weightedAverageShsOutDil": 1644267000,
    "link": "https://www.sec.gov/Archives/edgar/data/1163165/000095012907005208/0000950129-07-005208-index.htm",
    "finalLink": "https://www.sec.gov/Archives/edgar/data/1163165/000095012907005208/h50897e10vq.htm"
  },
  {
    "date": "2007-06-30",
    "symbol": "COP",
    "reportedCurrency": "USD",
    "cik": "0001163165",
    "fillingDate": "2007-08-01",
    "acceptedDate": "2007-08-01 17:22:35",
    "calendarYear": "2007",
    "period": "Q2",
    "revenue": 49397000000,
    "costOfRevenue": 33636000000,
    "grossProfit": 15761000000,
    "grossProfitRatio": 0.3190679596,
    "researchAndDevelopmentExpenses": 0,
    "generalAndAdministrativeExpenses": 0,
    "sellingAndMarketingExpenses": 0,
    "sellingGeneralAndAdministrativeExpenses": 604000000,
    "otherExpenses": 6713000000,
    "operatingExpenses": 7317000000,
    "costAndExpenses": 40953000000,
    "interestIncome": 0,
    "interestExpense": 319000000,
    "depreciationAndAmortization": 2016000000,
    "ebitda": 10460000000,
    "ebitdaratio": 0.2117537502,
    "operatingIncome": 8444000000,
    "operatingIncomeRatio": 0.1709415552,
    "totalOtherIncomeExpensesNet": -4926000000,
    "incomeBeforeTax": 3518000000,
    "incomeBeforeTaxRatio": 0.0712188999,
    "incomeTaxExpense": 3217000000,
    "netIncome": 301000000,
    "netIncomeRatio": 0.0060934875,
    "eps": 0.18,
    "epsdiluted": 0.18,
    "weightedAverageShsOut": 1635848000,
    "weightedAverageShsOutDil": 1657999000,
    "link": "https://www.sec.gov/Archives/edgar/data/1163165/000095012907003678/0000950129-07-003678-index.htm",
    "finalLink": "https://www.sec.gov/Archives/edgar/data/1163165/000095012907003678/h48570e10vq.htm"
  },
  {
    "date": "2007-03-31",
    "symbol": "COP",
    "reportedCurrency": "USD",
    "cik": "0001163165",
    "fillingDate": "2007-05-03",
    "acceptedDate": "2007-05-02 20:02:48",
    "calendarYear": "2007",
    "period": "Q1",
    "revenue": 41320000000,
    "costOfRevenue": 29469000000,
    "grossProfit": 11851000000,
    "grossProfitRatio": 0.2868102614,
    "researchAndDevelopmentExpenses": 0,
    "generalAndAdministrativeExpenses": 0,
    "sellingAndMarketingExpenses": 0,
    "sellingGeneralAndAdministrativeExpenses": 527000000,
    "otherExpenses": 6398000000,
    "operatingExpenses": 6925000000,
    "costAndExpenses": 36394000000,
    "interestIncome": 0,
    "interestExpense": 307000000,
    "depreciationAndAmortization": 2024000000,
    "ebitda": 6950000000,
    "ebitdaratio": 0.1681994192,
    "operatingIncome": 4926000000,
    "operatingIncomeRatio": 0.1192158761,
    "totalOtherIncomeExpensesNet": 1140000000,
    "incomeBeforeTax": 6066000000,
    "incomeBeforeTaxRatio": 0.1468054211,
    "incomeTaxExpense": 2520000000,
    "netIncome": 3546000000,
    "netIncomeRatio": 0.0858180058,
    "eps": 2.15,
    "epsdiluted": 2.12,
    "weightedAverageShsOut": 1647352000,
    "weightedAverageShsOutDil": 1668847000,
    "link": "https://www.sec.gov/Archives/edgar/data/1163165/000095013407009955/0000950134-07-009955-index.htm",
    "finalLink": "https://www.sec.gov/Archives/edgar/data/1163165/000095013407009955/h46097e10vq.htm"
  },
  {
    "date": "2006-12-31",
    "symbol": "COP",
    "reportedCurrency": "USD",
    "cik": "0001163165",
    "fillingDate": "2007-02-23",
    "acceptedDate": "2007-02-23 10:38:06",
    "calendarYear": "2006",
    "period": "Q4",
    "revenue": 21590000000,
    "costOfRevenue": 28700000000,
    "grossProfit": -7110000000,
    "grossProfitRatio": -0.3293191292,
    "researchAndDevelopmentExpenses": 0,
    "generalAndAdministrativeExpenses": 0,
    "sellingAndMarketingExpenses": 0,
    "sellingGeneralAndAdministrativeExpenses": 650000000,
    "otherExpenses": -9544000000,
    "operatingExpenses": -8894000000,
    "costAndExpenses": 19806000000,
    "interestIncome": 0,
    "interestExpense": 356000000,
    "depreciationAndAmortization": 2002000000,
    "ebitda": 3786000000,
    "ebitdaratio": 0.1753589625,
    "operatingIncome": 1784000000,
    "operatingIncomeRatio": 0.0826308476,
    "totalOtherIncomeExpensesNet": 4133000000,
    "incomeBeforeTax": 5917000000,
    "incomeBeforeTaxRatio": 0.2740620658,
    "incomeTaxExpense": 2720000000,
    "netIncome": 3197000000,
    "netIncomeRatio": 0.1480778138,
    "eps": 1.94,
    "epsdiluted": 1.94,
    "weightedAverageShsOut": 1647352000,
    "weightedAverageShsOutDil": 1647352000,
    "link": "https://www.sec.gov/Archives/edgar/data/1163165/000110465907013338/0001104659-07-013338-index.htm",
    "finalLink": "https://www.sec.gov/Archives/edgar/data/1163165/000110465907013338/a07-4741_110k.htm"
  },
  {
    "date": "2006-09-30",
    "symbol": "COP",
    "reportedCurrency": "USD",
    "cik": "0001163165",
    "fillingDate": "2006-11-02",
    "acceptedDate": "2006-11-01 18:50:41",
    "calendarYear": "2006",
    "period": "Q3",
    "revenue": 49585000000,
    "costOfRevenue": 33388000000,
    "grossProfit": 16197000000,
    "grossProfitRatio": 0.326651205,
    "researchAndDevelopmentExpenses": 0,
    "generalAndAdministrativeExpenses": 0,
    "sellingAndMarketingExpenses": 0,
    "sellingGeneralAndAdministrativeExpenses": 650000000,
    "otherExpenses": 6990000000,
    "operatingExpenses": 7640000000,
    "costAndExpenses": 41028000000,
    "interestIncome": 0,
    "interestExpense": 308000000,
    "depreciationAndAmortization": 2137000000,
    "ebitda": 10694000000,
    "ebitdaratio": 0.2156700615,
    "operatingIncome": 8557000000,
    "operatingIncomeRatio": 0.1725723505,
    "totalOtherIncomeExpensesNet": -620000000,
    "incomeBeforeTax": 7937000000,
    "incomeBeforeTaxRatio": 0.1600685691,
    "incomeTaxExpense": 4061000000,
    "netIncome": 3876000000,
    "netIncomeRatio": 0.078168801,
    "eps": 2.35,
    "epsdiluted": 2.31,
    "weightedAverageShsOut": 1652623000,
    "weightedAverageShsOutDil": 1675839000,
    "link": "https://www.sec.gov/Archives/edgar/data/1163165/000110465906070352/0001104659-06-070352-index.htm",
    "finalLink": "https://www.sec.gov/Archives/edgar/data/1163165/000110465906070352/a06-21937_110q.htm"
  },
  {
    "date": "2006-06-30",
    "symbol": "COP",
    "reportedCurrency": "USD",
    "cik": "0001163165",
    "fillingDate": "2006-08-03",
    "acceptedDate": "2006-08-03 15:11:26",
    "calendarYear": "2006",
    "period": "Q2",
    "revenue": 48476000000,
    "costOfRevenue": 32276000000,
    "grossProfit": 16200000000,
    "grossProfitRatio": 0.3341859889,
    "researchAndDevelopmentExpenses": 0,
    "generalAndAdministrativeExpenses": 0,
    "sellingAndMarketingExpenses": 0,
    "sellingGeneralAndAdministrativeExpenses": 610000000,
    "otherExpenses": 6386000000,
    "operatingExpenses": 6996000000,
    "costAndExpenses": 39272000000,
    "interestIncome": 0,
    "interestExpense": 360000000,
    "depreciationAndAmortization": 1965000000,
    "ebitda": 11169000000,
    "ebitdaratio": 0.2304026735,
    "operatingIncome": 9204000000,
    "operatingIncomeRatio": 0.1898671508,
    "totalOtherIncomeExpensesNet": -522000000,
    "incomeBeforeTax": 8682000000,
    "incomeBeforeTaxRatio": 0.1790989356,
    "incomeTaxExpense": 3496000000,
    "netIncome": 5186000000,
    "netIncomeRatio": 0.106980774,
    "eps": 3.13,
    "epsdiluted": 3.09,
    "weightedAverageShsOut": 1654758000,
    "weightedAverageShsOutDil": 1678445000,
    "link": "https://www.sec.gov/Archives/edgar/data/1163165/000110465906051130/0001104659-06-051130-index.htm",
    "finalLink": "https://www.sec.gov/Archives/edgar/data/1163165/000110465906051130/a06-15633_110q.htm"
  },
  {
    "date": "2006-03-31",
    "symbol": "COP",
    "reportedCurrency": "USD",
    "cik": "0001163165",
    "fillingDate": "2006-05-04",
    "acceptedDate": "2006-05-04 17:24:19",
    "calendarYear": "2006",
    "period": "Q1",
    "revenue": 47927000000,
    "costOfRevenue": 35782000000,
    "grossProfit": 12145000000,
    "grossProfitRatio": 0.253406222,
    "researchAndDevelopmentExpenses": 0,
    "generalAndAdministrativeExpenses": 0,
    "sellingAndMarketingExpenses": 0,
    "sellingGeneralAndAdministrativeExpenses": 566000000,
    "otherExpenses": 5567000000,
    "operatingExpenses": 6133000000,
    "costAndExpenses": 41915000000,
    "interestIncome": 0,
    "interestExpense": 115000000,
    "depreciationAndAmortization": 1180000000,
    "ebitda": 7192000000,
    "ebitdaratio": 0.1500615519,
    "operatingIncome": 6012000000,
    "operatingIncomeRatio": 0.1254407745,
    "totalOtherIncomeExpensesNet": -215000000,
    "incomeBeforeTax": 5797000000,
    "incomeBeforeTaxRatio": 0.1209547854,
    "incomeTaxExpense": 2506000000,
    "netIncome": 3291000000,
    "netIncomeRatio": 0.068666931,
    "eps": 2.38,
    "epsdiluted": 2.34,
    "weightedAverageShsOut": 1382925000,
    "weightedAverageShsOutDil": 1404704000,
    "link": "https://www.sec.gov/Archives/edgar/data/1163165/000110465906031262/0001104659-06-031262-index.htm",
    "finalLink": "https://www.sec.gov/Archives/edgar/data/1163165/000110465906031262/a06-9807_110q.htm"
  },
  {
    "date": "2005-12-31",
    "symbol": "COP",
    "reportedCurrency": "USD",
    "cik": "0001163165",
    "fillingDate": "2006-02-27",
    "acceptedDate": "2006-02-27 06:22:03",
    "calendarYear": "2005",
    "period": "Q4",
    "revenue": 67965000000,
    "costOfRevenue": 39032000000,
    "grossProfit": 28933000000,
    "grossProfitRatio": 0.4257044067,
    "researchAndDevelopmentExpenses": 0,
    "generalAndAdministrativeExpenses": 0,
    "sellingAndMarketingExpenses": 0,
    "sellingGeneralAndAdministrativeExpenses": 391000000,
    "otherExpenses": 1524000000,
    "operatingExpenses": 1915000000,
    "costAndExpenses": 40947000000,
    "interestIncome": 0,
    "interestExpense": 197000000,
    "depreciationAndAmortization": 1178000000,
    "ebitda": 28196000000,
    "ebitdaratio": 0.41486059,
    "operatingIncome": 27018000000,
    "operatingIncomeRatio": 0.3975281395,
    "totalOtherIncomeExpensesNet": -20397000000,
    "incomeBeforeTax": 6621000000,
    "incomeBeforeTaxRatio": 0.0974177886,
    "incomeTaxExpense": 2839000000,
    "netIncome": 3767000000,
    "netIncomeRatio": 0.0554255867,
    "eps": 2.72,
    "epsdiluted": 2.72,
    "weightedAverageShsOut": 1382925000,
    "weightedAverageShsOutDil": 1382925000,
    "link": "https://www.sec.gov/Archives/edgar/data/1163165/000110465906012015/0001104659-06-012015-index.htm",
    "finalLink": "https://www.sec.gov/Archives/edgar/data/1163165/000110465906012015/a06-2522_110k.htm"
  },
  {
    "date": "2005-09-30",
    "symbol": "COP",
    "reportedCurrency": "USD",
    "cik": "0001163165",
    "fillingDate": "2005-11-02",
    "acceptedDate": "2005-11-02 16:45:55",
    "calendarYear": "2005",
    "period": "Q3",
    "revenue": 49659000000,
    "costOfRevenue": 36630000000,
    "grossProfit": 13029000000,
    "grossProfitRatio": 0.262369359,
    "researchAndDevelopmentExpenses": 0,
    "generalAndAdministrativeExpenses": 0,
    "sellingAndMarketingExpenses": 0,
    "sellingGeneralAndAdministrativeExpenses": 612000000,
    "otherExpenses": 5655000000,
    "operatingExpenses": 6267000000,
    "costAndExpenses": 42897000000,
    "interestIncome": 0,
    "interestExpense": 122000000,
    "depreciationAndAmortization": 1049000000,
    "ebitda": 7811000000,
    "ebitdaratio": 0.1572927365,
    "operatingIncome": 6762000000,
    "operatingIncomeRatio": 0.1361686703,
    "totalOtherIncomeExpensesNet": -208000000,
    "incomeBeforeTax": 6554000000,
    "incomeBeforeTaxRatio": 0.1319801043,
    "incomeTaxExpense": 2750000000,
    "netIncome": 3800000000,
    "netIncomeRatio": 0.0765218792,
    "eps": 2.73,
    "epsdiluted": 2.68,
    "weightedAverageShsOut": 1393943000,
    "weightedAverageShsOutDil": 1417796000,
    "link": "https://www.sec.gov/Archives/edgar/data/1163165/000110465905051933/0001104659-05-051933-index.htm",
    "finalLink": "https://www.sec.gov/Archives/edgar/data/1163165/000110465905051933/a05-19195_110q.htm"
  },
  {
    "date": "2005-06-30",
    "symbol": "COP",
    "reportedCurrency": "USD",
    "cik": "0001163165",
    "fillingDate": "2005-08-03",
    "acceptedDate": "2005-08-03 17:13:48",
    "calendarYear": "2005",
    "period": "Q2",
    "revenue": 42614000000,
    "costOfRevenue": 30791000000,
    "grossProfit": 11823000000,
    "grossProfitRatio": 0.2774440325,
    "researchAndDevelopmentExpenses": 0,
    "generalAndAdministrativeExpenses": 0,
    "sellingAndMarketingExpenses": 0,
    "sellingGeneralAndAdministrativeExpenses": 539000000,
    "otherExpenses": 5649000000,
    "operatingExpenses": 6188000000,
    "costAndExpenses": 36979000000,
    "interestIncome": 0,
    "interestExpense": 127000000,
    "depreciationAndAmortization": 985000000,
    "ebitda": 6620000000,
    "ebitdaratio": 0.1553480077,
    "operatingIncome": 5635000000,
    "operatingIncomeRatio": 0.1322335383,
    "totalOtherIncomeExpensesNet": -203000000,
    "incomeBeforeTax": 5432000000,
    "incomeBeforeTaxRatio": 0.1274698456,
    "incomeTaxExpense": 2301000000,
    "netIncome": 3138000000,
    "netIncomeRatio": 0.0736377716,
    "eps": 2.25,
    "epsdiluted": 2.21,
    "weightedAverageShsOut": 1396724000,
    "weightedAverageShsOutDil": 1419288000,
    "link": "https://www.sec.gov/Archives/edgar/data/1163165/000095012905007608/0000950129-05-007608-index.htm",
    "finalLink": "https://www.sec.gov/Archives/edgar/data/1163165/000095012905007608/h27480e10vq.htm"
  },
  {
    "date": "2005-03-31",
    "symbol": "COP",
    "reportedCurrency": "USD",
    "cik": "0001163165",
    "fillingDate": "2005-05-05",
    "acceptedDate": "2005-05-04 18:46:56",
    "calendarYear": "2005",
    "period": "Q1",
    "revenue": 38918000000,
    "costOfRevenue": 27695000000,
    "grossProfit": 11223000000,
    "grossProfitRatio": 0.2883755589,
    "researchAndDevelopmentExpenses": 0,
    "generalAndAdministrativeExpenses": 0,
    "sellingAndMarketingExpenses": 0,
    "sellingGeneralAndAdministrativeExpenses": 539000000,
    "otherExpenses": 1374000000,
    "operatingExpenses": 1913000000,
    "costAndExpenses": 29608000000,
    "interestIncome": 0,
    "interestExpense": 138000000,
    "depreciationAndAmortization": 1041000000,
    "ebitda": 10351000000,
    "ebitdaratio": 0.2659694743,
    "operatingIncome": 9310000000,
    "operatingIncomeRatio": 0.239220926,
    "totalOtherIncomeExpensesNet": -4370000000,
    "incomeBeforeTax": 4940000000,
    "incomeBeforeTaxRatio": 0.1269335526,
    "incomeTaxExpense": 2017000000,
    "netIncome": 2912000000,
    "netIncomeRatio": 0.0748239889,
    "eps": 2.08,
    "epsdiluted": 2.05,
    "weightedAverageShsOut": 1397893000,
    "weightedAverageShsOutDil": 1420372000,
    "link": "https://www.sec.gov/Archives/edgar/data/1163165/000095012905004686/0000950129-05-004686-index.htm",
    "finalLink": "https://www.sec.gov/Archives/edgar/data/1163165/000095012905004686/h24933e10vq.htm"
  },
  {
    "date": "2004-12-31",
    "symbol": "COP",
    "reportedCurrency": "USD",
    "cik": "0001163165",
    "fillingDate": "2005-02-25",
    "acceptedDate": "2005-02-25 15:09:37",
    "calendarYear": "2004",
    "period": "Q4",
    "revenue": 52145000000,
    "costOfRevenue": 29736000000,
    "grossProfit": 22409000000,
    "grossProfitRatio": 0.4297439831,
    "researchAndDevelopmentExpenses": 0,
    "generalAndAdministrativeExpenses": 0,
    "sellingAndMarketingExpenses": 0,
    "sellingGeneralAndAdministrativeExpenses": 286000000,
    "otherExpenses": 1355000000,
    "operatingExpenses": 1641000000,
    "costAndExpenses": 31377000000,
    "interestIncome": 0,
    "interestExpense": 197000000,
    "depreciationAndAmortization": 1030000000,
    "ebitda": 21798000000,
    "ebitdaratio": 0.4180266564,
    "operatingIncome": 20768000000,
    "operatingIncomeRatio": 0.3982740435,
    "totalOtherIncomeExpensesNet": -16493000000,
    "incomeBeforeTax": 4275000000,
    "incomeBeforeTaxRatio": 0.0819829322,
    "incomeTaxExpense": 1795000000,
    "netIncome": 2432000000,
    "netIncomeRatio": 0.0466391792,
    "eps": 1.74,
    "epsdiluted": 1.74,
    "weightedAverageShsOut": 1390988000,
    "weightedAverageShsOutDil": 1397892000,
    "link": "https://www.sec.gov/Archives/edgar/data/1163165/000095012905001641/0000950129-05-001641-index.htm",
    "finalLink": "https://www.sec.gov/Archives/edgar/data/1163165/000095012905001641/h22551e10vk.htm"
  },
  {
    "date": "2004-09-30",
    "symbol": "COP",
    "reportedCurrency": "USD",
    "cik": "0001163165",
    "fillingDate": "2004-11-04",
    "acceptedDate": "2004-11-04 16:54:07",
    "calendarYear": "2004",
    "period": "Q3",
    "revenue": 30271000000,
    "costOfRevenue": 25112000000,
    "grossProfit": 5159000000,
    "grossProfitRatio": 0.1704271415,
    "researchAndDevelopmentExpenses": 0,
    "generalAndAdministrativeExpenses": 0,
    "sellingAndMarketingExpenses": 0,
    "sellingGeneralAndAdministrativeExpenses": 590000000,
    "otherExpenses": 1195000000,
    "operatingExpenses": 1785000000,
    "costAndExpenses": 26897000000,
    "interestIncome": 0,
    "interestExpense": 101000000,
    "depreciationAndAmortization": 938000000,
    "ebitda": 4312000000,
    "ebitdaratio": 0.142446566,
    "operatingIncome": 3374000000,
    "operatingIncomeRatio": 0.111459813,
    "totalOtherIncomeExpensesNet": 286000000,
    "incomeBeforeTax": 3660000000,
    "incomeBeforeTaxRatio": 0.1209077995,
    "incomeTaxExpense": 1649000000,
    "netIncome": 2006000000,
    "netIncomeRatio": 0.0662680453,
    "eps": 1.45,
    "epsdiluted": 1.43,
    "weightedAverageShsOut": 1383652000,
    "weightedAverageShsOutDil": 1403432000,
    "link": "https://www.sec.gov/Archives/edgar/data/1163165/000095012904008504/0000950129-04-008504-index.htm",
    "finalLink": "https://www.sec.gov/Archives/edgar/data/1163165/000095012904008504/h19660e10vq.htm"
  },
  {
    "date": "2004-06-30",
    "symbol": "COP",
    "reportedCurrency": "USD",
    "cik": "0001163165",
    "fillingDate": "2004-08-05",
    "acceptedDate": "2004-08-05 10:02:35",
    "calendarYear": "2004",
    "period": "Q2",
    "revenue": 31886000000,
    "costOfRevenue": 22366000000,
    "grossProfit": 9520000000,
    "grossProfitRatio": 0.2985636329,
    "researchAndDevelopmentExpenses": 0,
    "generalAndAdministrativeExpenses": 0,
    "sellingAndMarketingExpenses": 0,
    "sellingGeneralAndAdministrativeExpenses": 516000000,
    "otherExpenses": 1168000000,
    "operatingExpenses": 1684000000,
    "costAndExpenses": 24050000000,
    "interestIncome": 0,
    "interestExpense": 159000000,
    "depreciationAndAmortization": 912000000,
    "ebitda": 8748000000,
    "ebitdaratio": 0.2743523804,
    "operatingIncome": 7836000000,
    "operatingIncomeRatio": 0.2457504861,
    "totalOtherIncomeExpensesNet": -4366000000,
    "incomeBeforeTax": 3470000000,
    "incomeBeforeTaxRatio": 0.1088251897,
    "incomeTaxExpense": 1457000000,
    "netIncome": 2075000000,
    "netIncomeRatio": 0.0650755818,
    "eps": 1.5,
    "epsdiluted": 1.48,
    "weightedAverageShsOut": 1379380000,
    "weightedAverageShsOutDil": 1398022000,
    "link": "https://www.sec.gov/Archives/edgar/data/1163165/000095012904005569/0000950129-04-005569-index.htm",
    "finalLink": "https://www.sec.gov/Archives/edgar/data/1163165/000095012904005569/h17212e10vq.htm"
  },
  {
    "date": "2004-03-31",
    "symbol": "COP",
    "reportedCurrency": "USD",
    "cik": "0001163165",
    "fillingDate": "2004-05-07",
    "acceptedDate": "2004-05-06 20:05:30",
    "calendarYear": "2004",
    "period": "Q1",
    "revenue": 30217000000,
    "costOfRevenue": 21543000000,
    "grossProfit": 8674000000,
    "grossProfitRatio": 0.2870569547,
    "researchAndDevelopmentExpenses": 0,
    "generalAndAdministrativeExpenses": 0,
    "sellingAndMarketingExpenses": 0,
    "sellingGeneralAndAdministrativeExpenses": 468000000,
    "otherExpenses": 1210000000,
    "operatingExpenses": 1678000000,
    "costAndExpenses": 23221000000,
    "interestIncome": 0,
    "interestExpense": 145000000,
    "depreciationAndAmortization": 918000000,
    "ebitda": 7914000000,
    "ebitdaratio": 0.2619055499,
    "operatingIncome": 6996000000,
    "operatingIncomeRatio": 0.2315253003,
    "totalOtherIncomeExpensesNet": -4032000000,
    "incomeBeforeTax": 2964000000,
    "incomeBeforeTaxRatio": 0.0980904789,
    "incomeTaxExpense": 1361000000,
    "netIncome": 1616000000,
    "netIncomeRatio": 0.0534798292,
    "eps": 1.18,
    "epsdiluted": 1.17,
    "weightedAverageShsOut": 1372196000,
    "weightedAverageShsOutDil": 1388104000,
    "link": "https://www.sec.gov/Archives/edgar/data/1163165/000095012904002924/0000950129-04-002924-index.htm",
    "finalLink": "https://www.sec.gov/Archives/edgar/data/1163165/000095012904002924/h15041e10vq.htm"
  },
  {
    "date": "2003-12-31",
    "symbol": "COP",
    "reportedCurrency": "USD",
    "cik": "0001163165",
    "fillingDate": "2004-03-02",
    "acceptedDate": "2004-03-01 21:56:31",
    "calendarYear": "2003",
    "period": "Q4",
    "revenue": 22339000000,
    "costOfRevenue": 18522000000,
    "grossProfit": 3817000000,
    "grossProfitRatio": 0.1708670934,
    "researchAndDevelopmentExpenses": 0,
    "generalAndAdministrativeExpenses": 0,
    "sellingAndMarketingExpenses": 0,
    "sellingGeneralAndAdministrativeExpenses": 776000000,
    "otherExpenses": 1114000000,
    "operatingExpenses": 1890000000,
    "costAndExpenses": 20412000000,
    "interestIncome": 0,
    "interestExpense": 197000000,
    "depreciationAndAmortization": 911000000,
    "ebitda": 2838000000,
    "ebitdaratio": 0.1270423922,
    "operatingIncome": 1927000000,
    "operatingIncomeRatio": 0.0862616948,
    "totalOtherIncomeExpensesNet": -249000000,
    "incomeBeforeTax": 1678000000,
    "incomeBeforeTaxRatio": 0.0751152693,
    "incomeTaxExpense": 692000000,
    "netIncome": 1040000000,
    "netIncomeRatio": 0.0465553516,
    "eps": 0.76,
    "epsdiluted": 0.76,
    "weightedAverageShsOut": 1363386000,
    "weightedAverageShsOutDil": 1371082000,
    "link": "https://www.sec.gov/Archives/edgar/data/1163165/000095013404002756/0000950134-04-002756-index.htm",
    "finalLink": "https://www.sec.gov/Archives/edgar/data/1163165/000095013404002756/h12939e10vk.htm"
  },
  {
    "date": "2003-09-30",
    "symbol": "COP",
    "reportedCurrency": "USD",
    "cik": "0001163165",
    "fillingDate": "2003-11-12",
    "acceptedDate": "2003-11-12 15:23:12",
    "calendarYear": "2003",
    "period": "Q3",
    "revenue": 22913000000,
    "costOfRevenue": 18551000000,
    "grossProfit": 4362000000,
    "grossProfitRatio": 0.1903722777,
    "researchAndDevelopmentExpenses": 0,
    "generalAndAdministrativeExpenses": 0,
    "sellingAndMarketingExpenses": 0,
    "sellingGeneralAndAdministrativeExpenses": 683000000,
    "otherExpenses": 1085000000,
    "operatingExpenses": 1768000000,
    "costAndExpenses": 20319000000,
    "interestIncome": 0,
    "interestExpense": 190000000,
    "depreciationAndAmortization": 878000000,
    "ebitda": 3452000000,
    "ebitdaratio": 0.1506568324,
    "operatingIncome": 2594000000,
    "operatingIncomeRatio": 0.113210841,
    "totalOtherIncomeExpensesNet": -284000000,
    "incomeBeforeTax": 2310000000,
    "incomeBeforeTaxRatio": 0.1008161306,
    "incomeTaxExpense": 1061000000,
    "netIncome": 1306000000,
    "netIncomeRatio": 0.0569982106,
    "eps": 0.96,
    "epsdiluted": 0.95,
    "weightedAverageShsOut": 1361378000,
    "weightedAverageShsOutDil": 1372526000,
    "link": "https://www.sec.gov/Archives/edgar/data/1163165/000095012903005563/0000950129-03-005563-index.htm",
    "finalLink": "https://www.sec.gov/Archives/edgar/data/1163165/000095012903005563/h10218e10vq.htm"
  },
  {
    "date": "2003-06-30",
    "symbol": "COP",
    "reportedCurrency": "USD",
    "cik": "0001163165",
    "fillingDate": "2003-08-13",
    "acceptedDate": "2003-08-13 11:26:57",
    "calendarYear": "2003",
    "period": "Q2",
    "revenue": 25574000000,
    "costOfRevenue": 18358000000,
    "grossProfit": 7216000000,
    "grossProfitRatio": 0.2821615703,
    "researchAndDevelopmentExpenses": 0,
    "generalAndAdministrativeExpenses": 0,
    "sellingAndMarketingExpenses": 0,
    "sellingGeneralAndAdministrativeExpenses": 603000000,
    "otherExpenses": 1094000000,
    "operatingExpenses": 1697000000,
    "costAndExpenses": 20055000000,
    "interestIncome": 0,
    "interestExpense": 184000000,
    "depreciationAndAmortization": 819000000,
    "ebitda": 6376000000,
    "ebitdaratio": 0.2493157113,
    "operatingIncome": 5519000000,
    "operatingIncomeRatio": 0.2158051146,
    "totalOtherIncomeExpensesNet": -3738000000,
    "incomeBeforeTax": 1753000000,
    "incomeBeforeTaxRatio": 0.0685461797,
    "incomeTaxExpense": 674000000,
    "netIncome": 1187000000,
    "netIncomeRatio": 0.0464143271,
    "eps": 0.88,
    "epsdiluted": 0.87,
    "weightedAverageShsOut": 1360056000,
    "weightedAverageShsOutDil": 1368376000,
    "link": "https://www.sec.gov/Archives/edgar/data/1163165/000095012903004133/0000950129-03-004133-index.htm",
    "finalLink": "https://www.sec.gov/Archives/edgar/data/1163165/000095012903004133/h08142e10vq.htm"
  },
  {
    "date": "2003-03-31",
    "symbol": "COP",
    "reportedCurrency": "USD",
    "cik": "0001163165",
    "fillingDate": "2003-05-13",
    "acceptedDate": "2003-05-13 14:32:30",
    "calendarYear": "2003",
    "period": "Q1",
    "revenue": 27068000000,
    "costOfRevenue": 19458000000,
    "grossProfit": 7610000000,
    "grossProfitRatio": 0.281143786,
    "researchAndDevelopmentExpenses": 0,
    "generalAndAdministrativeExpenses": 0,
    "sellingAndMarketingExpenses": 0,
    "sellingGeneralAndAdministrativeExpenses": 447000000,
    "otherExpenses": 1133000000,
    "operatingExpenses": 1580000000,
    "costAndExpenses": 21038000000,
    "interestIncome": 0,
    "interestExpense": 209000000,
    "depreciationAndAmortization": 877000000,
    "ebitda": 6889000000,
    "ebitdaratio": 0.2545071671,
    "operatingIncome": 6030000000,
    "operatingIncomeRatio": 0.2227722772,
    "totalOtherIncomeExpensesNet": -3461000000,
    "incomeBeforeTax": 2565000000,
    "incomeBeforeTaxRatio": 0.0947613418,
    "incomeTaxExpense": 1295000000,
    "netIncome": 1221000000,
    "netIncomeRatio": 0.0451086153,
    "eps": 0.9,
    "epsdiluted": 0.9,
    "weightedAverageShsOut": 1359076000,
    "weightedAverageShsOutDil": 1365488000,
    "link": "https://www.sec.gov/Archives/edgar/data/1163165/000095012903002664/0000950129-03-002664-index.htm",
    "finalLink": "https://www.sec.gov/Archives/edgar/data/1163165/000095012903002664/h05673e10vq.htm"
  },
  {
    "date": "2002-12-31",
    "symbol": "COP",
    "reportedCurrency": "USD",
    "cik": "0001163165",
    "fillingDate": "2003-03-26",
    "acceptedDate": "2003-03-26 14:39:50",
    "calendarYear": "2002",
    "period": "Q4",
    "revenue": 24825000000,
    "costOfRevenue": 15545000000,
    "grossProfit": 9280000000,
    "grossProfitRatio": 0.373816717,
    "researchAndDevelopmentExpenses": 0,
    "generalAndAdministrativeExpenses": 0,
    "sellingAndMarketingExpenses": 0,
    "sellingGeneralAndAdministrativeExpenses": 601000000,
    "otherExpenses": 989000000,
    "operatingExpenses": 1590000000,
    "costAndExpenses": 17135000000,
    "interestIncome": 0,
    "interestExpense": 0,
    "depreciationAndAmortization": 815000000,
    "ebitda": 8505000000,
    "ebitdaratio": 0.3425981873,
    "operatingIncome": 7690000000,
    "operatingIncomeRatio": 0.3097683787,
    "totalOtherIncomeExpensesNet": -6655000000,
    "incomeBeforeTax": 1035000000,
    "incomeBeforeTaxRatio": 0.0416918429,
    "incomeTaxExpense": 533000000,
    "netIncome": -428000000,
    "netIncomeRatio": -0.0172406848,
    "eps": -0.31,
    "epsdiluted": -0.31,
    "weightedAverageShsOut": 1358898000,
    "weightedAverageShsOutDil": 1359076000,
    "link": "https://www.sec.gov/Archives/edgar/data/1163165/000095012903001563/0000950129-03-001563-index.htm",
    "finalLink": "https://www.sec.gov/Archives/edgar/data/1163165/000095012903001563/h03367e10vk.txt"
  },
  {
    "date": "2002-09-30",
    "symbol": "COP",
    "reportedCurrency": "USD",
    "cik": "0001163165",
    "fillingDate": "2002-11-14",
    "acceptedDate": "2002-11-14 18:05:50",
    "calendarYear": "2002",
    "period": "Q3",
    "revenue": 13171000000,
    "costOfRevenue": 11107000000,
    "grossProfit": 2064000000,
    "grossProfitRatio": 0.1567079189,
    "researchAndDevelopmentExpenses": 0,
    "generalAndAdministrativeExpenses": 0,
    "sellingAndMarketingExpenses": 0,
    "sellingGeneralAndAdministrativeExpenses": 880000000,
    "otherExpenses": 721000000,
    "operatingExpenses": 1601000000,
    "costAndExpenses": 12708000000,
    "interestIncome": 0,
    "interestExpense": 0,
    "depreciationAndAmortization": 596000000,
    "ebitda": 1011000000,
    "ebitdaratio": 0.0767595475,
    "operatingIncome": 463000000,
    "operatingIncomeRatio": 0.0351529876,
    "totalOtherIncomeExpensesNet": -151000000,
    "incomeBeforeTax": 344000000,
    "incomeBeforeTaxRatio": 0.0261179865,
    "incomeTaxExpense": 398000000,
    "netIncome": -116000000,
    "netIncomeRatio": -0.008807228,
    "eps": -0.12,
    "epsdiluted": -0.12,
    "weightedAverageShsOut": 961402000,
    "weightedAverageShsOutDil": 969402000,
    "link": "https://www.sec.gov/Archives/edgar/data/1163165/000095012902005699/0000950129-02-005699-index.htm",
    "finalLink": "https://www.sec.gov/Archives/edgar/data/1163165/000095012902005699/body.txt"
  },
  {
    "date": "2002-06-30",
    "symbol": "COP",
    "reportedCurrency": "USD",
    "cik": "0001163165",
    "fillingDate": "2002-06-30",
    "acceptedDate": "2002-06-29 20:00:00",
    "calendarYear": "2002",
    "period": "Q2",
    "revenue": 10465000000,
    "costOfRevenue": 8103000000,
    "grossProfit": 2362000000,
    "grossProfitRatio": 0.2257047301,
    "researchAndDevelopmentExpenses": 0,
    "generalAndAdministrativeExpenses": 0,
    "sellingAndMarketingExpenses": 0,
    "sellingGeneralAndAdministrativeExpenses": 207000000,
    "otherExpenses": 553000000,
    "operatingExpenses": 760000000,
    "costAndExpenses": 8863000000,
    "interestIncome": 0,
    "interestExpense": 0,
    "depreciationAndAmortization": 419000000,
    "ebitda": 1997000000,
    "ebitdaratio": 0.1908265647,
    "operatingIncome": 1602000000,
    "operatingIncomeRatio": 0.1530817009,
    "totalOtherIncomeExpensesNet": -945000000,
    "incomeBeforeTax": 737000000,
    "incomeBeforeTaxRatio": 0.0704252269,
    "incomeTaxExpense": 371000000,
    "netIncome": 351000000,
    "netIncomeRatio": 0.0335403727,
    "eps": 0.46,
    "epsdiluted": 0.46,
    "weightedAverageShsOut": 767826000,
    "weightedAverageShsOutDil": 773422000,
    "link": "",
    "finalLink": ""
  },
  {
    "date": "2002-03-31",
    "symbol": "COP",
    "reportedCurrency": "USD",
    "cik": "0001163165",
    "fillingDate": "2002-03-31",
    "acceptedDate": "2002-03-30 19:00:00",
    "calendarYear": "2002",
    "period": "Q1",
    "revenue": 8480000000,
    "costOfRevenue": 6719000000,
    "grossProfit": 1761000000,
    "grossProfitRatio": 0.2076650943,
    "researchAndDevelopmentExpenses": 0,
    "generalAndAdministrativeExpenses": 0,
    "sellingAndMarketingExpenses": 0,
    "sellingGeneralAndAdministrativeExpenses": 264000000,
    "otherExpenses": 556000000,
    "operatingExpenses": 820000000,
    "costAndExpenses": 7539000000,
    "interestIncome": 0,
    "interestExpense": 0,
    "depreciationAndAmortization": 415000000,
    "ebitda": 1347000000,
    "ebitdaratio": 0.1588443396,
    "operatingIncome": 941000000,
    "operatingIncomeRatio": 0.1109669811,
    "totalOtherIncomeExpensesNet": -890000000,
    "incomeBeforeTax": 45000000,
    "incomeBeforeTaxRatio": 0.0053066038,
    "incomeTaxExpense": 147000000,
    "netIncome": -102000000,
    "netIncomeRatio": -0.0120283019,
    "eps": -0.13,
    "epsdiluted": -0.13,
    "weightedAverageShsOut": 764674000,
    "weightedAverageShsOutDil": 764674000,
    "link": "",
    "finalLink": ""
  },
  {
    "date": "2001-12-31",
    "symbol": "COP",
    "reportedCurrency": "USD",
    "cik": "0001163165",
    "fillingDate": "2001-12-31",
    "acceptedDate": "2001-12-30 19:00:00",
    "calendarYear": "2001",
    "period": "Q4",
    "revenue": 8775000000,
    "costOfRevenue": 7336000000,
    "grossProfit": 1439000000,
    "grossProfitRatio": 0.163988604,
    "researchAndDevelopmentExpenses": 0,
    "generalAndAdministrativeExpenses": 0,
    "sellingAndMarketingExpenses": 0,
    "sellingGeneralAndAdministrativeExpenses": 377000000,
    "otherExpenses": 587000000,
    "operatingExpenses": 964000000,
    "costAndExpenses": 8300000000,
    "interestIncome": 0,
    "interestExpense": 0,
    "depreciationAndAmortization": 453000000,
    "ebitda": 928000000,
    "ebitdaratio": 0.1057549858,
    "operatingIncome": 475000000,
    "operatingIncomeRatio": 0.0541310541,
    "totalOtherIncomeExpensesNet": -115000000,
    "incomeBeforeTax": 360000000,
    "incomeBeforeTaxRatio": 0.041025641,
    "incomeTaxExpense": 198000000,
    "netIncome": 162000000,
    "netIncomeRatio": 0.0184615385,
    "eps": 0.29,
    "epsdiluted": 0.29,
    "weightedAverageShsOut": 555644000,
    "weightedAverageShsOutDil": 555644000,
    "link": "",
    "finalLink": ""
  },
  {
    "date": "2001-09-30",
    "symbol": "COP",
    "reportedCurrency": "USD",
    "cik": "0001163165",
    "fillingDate": "2001-09-30",
    "acceptedDate": "2001-09-29 20:00:00",
    "calendarYear": "2001",
    "period": "Q3",
    "revenue": 5439000000,
    "costOfRevenue": 3997000000,
    "grossProfit": 1442000000,
    "grossProfitRatio": 0.2651222651,
    "researchAndDevelopmentExpenses": 0,
    "generalAndAdministrativeExpenses": 0,
    "sellingAndMarketingExpenses": 0,
    "sellingGeneralAndAdministrativeExpenses": 203000000,
    "otherExpenses": 436000000,
    "operatingExpenses": 639000000,
    "costAndExpenses": 4636000000,
    "interestIncome": 0,
    "interestExpense": 0,
    "depreciationAndAmortization": 301000000,
    "ebitda": 1107000000,
    "ebitdaratio": 0.2035300607,
    "operatingIncome": 803000000,
    "operatingIncomeRatio": 0.1476374334,
    "totalOtherIncomeExpensesNet": -90000000,
    "incomeBeforeTax": 721000000,
    "incomeBeforeTaxRatio": 0.1325611326,
    "incomeTaxExpense": 347000000,
    "netIncome": 364000000,
    "netIncomeRatio": 0.0669240669,
    "eps": 0.66,
    "epsdiluted": 0.65,
    "weightedAverageShsOut": 555644000,
    "weightedAverageShsOutDil": 559534000,
    "link": "",
    "finalLink": ""
  },
  {
    "date": "2001-06-30",
    "symbol": "COP",
    "reportedCurrency": "USD",
    "cik": "0001163165",
    "fillingDate": "2001-06-30",
    "acceptedDate": "2001-06-29 20:00:00",
    "calendarYear": "2001",
    "period": "Q2",
    "revenue": 5428000000,
    "costOfRevenue": 3005000000,
    "grossProfit": 2423000000,
    "grossProfitRatio": 0.4463890936,
    "researchAndDevelopmentExpenses": 0,
    "generalAndAdministrativeExpenses": 0,
    "sellingAndMarketingExpenses": 0,
    "sellingGeneralAndAdministrativeExpenses": 151000000,
    "otherExpenses": 479000000,
    "operatingExpenses": 630000000,
    "costAndExpenses": 3635000000,
    "interestIncome": 0,
    "interestExpense": 0,
    "depreciationAndAmortization": 329000000,
    "ebitda": 2122000000,
    "ebitdaratio": 0.390935888,
    "operatingIncome": 1793000000,
    "operatingIncomeRatio": 0.3303242447,
    "totalOtherIncomeExpensesNet": -586000000,
    "incomeBeforeTax": 1205000000,
    "incomeBeforeTaxRatio": 0.2219970523,
    "incomeTaxExpense": 587000000,
    "netIncome": 619000000,
    "netIncomeRatio": 0.1140383198,
    "eps": 1.21,
    "epsdiluted": 1.2,
    "weightedAverageShsOut": 511618000,
    "weightedAverageShsOutDil": 515364000,
    "link": "",
    "finalLink": ""
  },
  {
    "date": "2001-03-31",
    "symbol": "COP",
    "reportedCurrency": "USD",
    "cik": "0001163165",
    "fillingDate": "2001-03-31",
    "acceptedDate": "2001-03-30 19:00:00",
    "calendarYear": "2001",
    "period": "Q1",
    "revenue": 4904000000,
    "costOfRevenue": 3146000000,
    "grossProfit": 1758000000,
    "grossProfitRatio": 0.3584828711,
    "researchAndDevelopmentExpenses": 0,
    "generalAndAdministrativeExpenses": 0,
    "sellingAndMarketingExpenses": 0,
    "sellingGeneralAndAdministrativeExpenses": 160000000,
    "otherExpenses": 476000000,
    "operatingExpenses": 636000000,
    "costAndExpenses": 3782000000,
    "interestIncome": 0,
    "interestExpense": 0,
    "depreciationAndAmortization": 322000000,
    "ebitda": 1444000000,
    "ebitdaratio": 0.2944535073,
    "operatingIncome": 1122000000,
    "operatingIncomeRatio": 0.2287928222,
    "totalOtherIncomeExpensesNet": -104000000,
    "incomeBeforeTax": 1018000000,
    "incomeBeforeTaxRatio": 0.2075856444,
    "incomeTaxExpense": 528000000,
    "netIncome": 490000000,
    "netIncomeRatio": 0.0999184339,
    "eps": 0.96,
    "epsdiluted": 0.96,
    "weightedAverageShsOut": 511112000,
    "weightedAverageShsOutDil": 514322000,
    "link": "",
    "finalLink": ""
  },
  {
    "date": "2000-12-31",
    "symbol": "COP",
    "reportedCurrency": "USD",
    "cik": "0001163165",
    "fillingDate": "2000-12-31",
    "acceptedDate": "2000-12-30 19:00:00",
    "calendarYear": "2000",
    "period": "Q4",
    "revenue": 5800000000,
    "costOfRevenue": 3637000000,
    "grossProfit": 2163000000,
    "grossProfitRatio": 0.3729310345,
    "researchAndDevelopmentExpenses": 0,
    "generalAndAdministrativeExpenses": 0,
    "sellingAndMarketingExpenses": 0,
    "sellingGeneralAndAdministrativeExpenses": 139000000,
    "otherExpenses": 487000000,
    "operatingExpenses": 626000000,
    "costAndExpenses": 4263000000,
    "interestIncome": 0,
    "interestExpense": 0,
    "depreciationAndAmortization": 331000000,
    "ebitda": 1868000000,
    "ebitdaratio": 0.3220689655,
    "operatingIncome": 1537000000,
    "operatingIncomeRatio": 0.265,
    "totalOtherIncomeExpensesNet": -136000000,
    "incomeBeforeTax": 1401000000,
    "incomeBeforeTaxRatio": 0.2415517241,
    "incomeTaxExpense": 657000000,
    "netIncome": 744000000,
    "netIncomeRatio": 0.1282758621,
    "eps": 1.46,
    "epsdiluted": 1.46,
    "weightedAverageShsOut": 509670678,
    "weightedAverageShsOutDil": 509880000,
    "link": "",
    "finalLink": ""
  },
  {
    "date": "2000-09-30",
    "symbol": "COP",
    "reportedCurrency": "USD",
    "cik": "0001163165",
    "fillingDate": "2000-09-30",
    "acceptedDate": "2000-09-29 20:00:00",
    "calendarYear": "2000",
    "period": "Q3",
    "revenue": 5225000000,
    "costOfRevenue": 3479000000,
    "grossProfit": 1746000000,
    "grossProfitRatio": 0.3341626794,
    "researchAndDevelopmentExpenses": 0,
    "generalAndAdministrativeExpenses": 0,
    "sellingAndMarketingExpenses": 0,
    "sellingGeneralAndAdministrativeExpenses": 134000000,
    "otherExpenses": 455000000,
    "operatingExpenses": 589000000,
    "costAndExpenses": 4068000000,
    "interestIncome": 0,
    "interestExpense": 0,
    "depreciationAndAmortization": 316000000,
    "ebitda": 1473000000,
    "ebitdaratio": 0.2819138756,
    "operatingIncome": 1157000000,
    "operatingIncomeRatio": 0.2214354067,
    "totalOtherIncomeExpensesNet": -219000000,
    "incomeBeforeTax": 938000000,
    "incomeBeforeTaxRatio": 0.1795215311,
    "incomeTaxExpense": 512000000,
    "netIncome": 426000000,
    "netIncomeRatio": 0.0815311005,
    "eps": 0.84,
    "epsdiluted": 0.83,
    "weightedAverageShsOut": 509880000,
    "weightedAverageShsOutDil": 514784000,
    "link": "",
    "finalLink": ""
  },
  {
    "date": "2000-06-30",
    "symbol": "COP",
    "reportedCurrency": "USD",
    "cik": "0001163165",
    "fillingDate": "2000-06-30",
    "acceptedDate": "2000-06-29 20:00:00",
    "calendarYear": "2000",
    "period": "Q2",
    "revenue": 5434000000,
    "costOfRevenue": 3826000000,
    "grossProfit": 1608000000,
    "grossProfitRatio": 0.2959146117,
    "researchAndDevelopmentExpenses": 0,
    "generalAndAdministrativeExpenses": 0,
    "sellingAndMarketingExpenses": 0,
    "sellingGeneralAndAdministrativeExpenses": 178000000,
    "otherExpenses": 409000000,
    "operatingExpenses": 587000000,
    "costAndExpenses": 4413000000,
    "interestIncome": 0,
    "interestExpense": 0,
    "depreciationAndAmortization": 298000000,
    "ebitda": 1319000000,
    "ebitdaratio": 0.2427309533,
    "operatingIncome": 1021000000,
    "operatingIncomeRatio": 0.1878910563,
    "totalOtherIncomeExpensesNet": -133000000,
    "incomeBeforeTax": 888000000,
    "incomeBeforeTaxRatio": 0.1634155318,
    "incomeTaxExpense": 446000000,
    "netIncome": 442000000,
    "netIncomeRatio": 0.0813397129,
    "eps": 0.87,
    "epsdiluted": 0.87,
    "weightedAverageShsOut": 507972000,
    "weightedAverageShsOutDil": 511948000,
    "link": "",
    "finalLink": ""
  },
  {
    "date": "2000-03-31",
    "symbol": "COP",
    "reportedCurrency": "USD",
    "cik": "0001163165",
    "fillingDate": "2000-03-31",
    "acceptedDate": "2000-03-30 19:00:00",
    "calendarYear": "2000",
    "period": "Q1",
    "revenue": 4768000000,
    "costOfRevenue": 3653000000,
    "grossProfit": 1115000000,
    "grossProfitRatio": 0.2338506711,
    "researchAndDevelopmentExpenses": 0,
    "generalAndAdministrativeExpenses": 0,
    "sellingAndMarketingExpenses": 0,
    "sellingGeneralAndAdministrativeExpenses": 185000000,
    "otherExpenses": 296000000,
    "operatingExpenses": 481000000,
    "costAndExpenses": 4134000000,
    "interestIncome": 0,
    "interestExpense": 0,
    "depreciationAndAmortization": 234000000,
    "ebitda": 868000000,
    "ebitdaratio": 0.1820469799,
    "operatingIncome": 634000000,
    "operatingIncomeRatio": 0.1329697987,
    "totalOtherIncomeExpensesNet": -92000000,
    "incomeBeforeTax": 542000000,
    "incomeBeforeTaxRatio": 0.1136744966,
    "incomeTaxExpense": 292000000,
    "netIncome": 250000000,
    "netIncomeRatio": 0.0524328859,
    "eps": 0.5,
    "epsdiluted": 0.49,
    "weightedAverageShsOut": 507436000,
    "weightedAverageShsOutDil": 509354000,
    "link": "",
    "finalLink": ""
  },
  {
    "date": "1999-12-31",
    "symbol": "COP",
    "reportedCurrency": "USD",
    "cik": "0001163165",
    "fillingDate": "1999-12-31",
    "acceptedDate": "1999-12-30 19:00:00",
    "calendarYear": "1999",
    "period": "Q4",
    "revenue": 4313000000,
    "costOfRevenue": 3249000000,
    "grossProfit": 1064000000,
    "grossProfitRatio": 0.2466960352,
    "researchAndDevelopmentExpenses": 0,
    "generalAndAdministrativeExpenses": 0,
    "sellingAndMarketingExpenses": 0,
    "sellingGeneralAndAdministrativeExpenses": 166000000,
    "otherExpenses": 290000000,
    "operatingExpenses": 456000000,
    "costAndExpenses": 3705000000,
    "interestIncome": 0,
    "interestExpense": 0,
    "depreciationAndAmortization": 231000000,
    "ebitda": 839000000,
    "ebitdaratio": 0.1945281706,
    "operatingIncome": 608000000,
    "operatingIncomeRatio": 0.140969163,
    "totalOtherIncomeExpensesNet": -120000000,
    "incomeBeforeTax": 488000000,
    "incomeBeforeTaxRatio": 0.1131463019,
    "incomeTaxExpense": 238000000,
    "netIncome": 250000000,
    "netIncomeRatio": 0.057964294,
    "eps": 0.49,
    "epsdiluted": 0.49,
    "weightedAverageShsOut": 506602000,
    "weightedAverageShsOutDil": 506612000,
    "link": "",
    "finalLink": ""
  },
  {
    "date": "1999-09-30",
    "symbol": "COP",
    "reportedCurrency": "USD",
    "cik": "0001163165",
    "fillingDate": "1999-09-30",
    "acceptedDate": "1999-09-29 20:00:00",
    "calendarYear": "1999",
    "period": "Q3",
    "revenue": 3769000000,
    "costOfRevenue": 2826000000,
    "grossProfit": 943000000,
    "grossProfitRatio": 0.2501989918,
    "researchAndDevelopmentExpenses": 0,
    "generalAndAdministrativeExpenses": 0,
    "sellingAndMarketingExpenses": 0,
    "sellingGeneralAndAdministrativeExpenses": 150000000,
    "otherExpenses": 282000000,
    "operatingExpenses": 432000000,
    "costAndExpenses": 3258000000,
    "interestIncome": 0,
    "interestExpense": 0,
    "depreciationAndAmortization": 229000000,
    "ebitda": 740000000,
    "ebitdaratio": 0.1963385513,
    "operatingIncome": 511000000,
    "operatingIncomeRatio": 0.1355797294,
    "totalOtherIncomeExpensesNet": -97000000,
    "incomeBeforeTax": 414000000,
    "incomeBeforeTaxRatio": 0.1098434598,
    "incomeTaxExpense": 193000000,
    "netIncome": 221000000,
    "netIncomeRatio": 0.058636243,
    "eps": 0.44,
    "epsdiluted": 0.44,
    "weightedAverageShsOut": 506612000,
    "weightedAverageShsOutDil": 510890000,
    "link": "",
    "finalLink": ""
  },
  {
    "date": "1999-06-30",
    "symbol": "COP",
    "reportedCurrency": "USD",
    "cik": "0001163165",
    "fillingDate": "1999-06-30",
    "acceptedDate": "1999-06-29 20:00:00",
    "calendarYear": "1999",
    "period": "Q2",
    "revenue": 3231000000,
    "costOfRevenue": 2456000000,
    "grossProfit": 775000000,
    "grossProfitRatio": 0.2398638193,
    "researchAndDevelopmentExpenses": 0,
    "generalAndAdministrativeExpenses": 0,
    "sellingAndMarketingExpenses": 0,
    "sellingGeneralAndAdministrativeExpenses": 174000000,
    "otherExpenses": 280000000,
    "operatingExpenses": 454000000,
    "costAndExpenses": 2910000000,
    "interestIncome": 0,
    "interestExpense": 0,
    "depreciationAndAmortization": 222000000,
    "ebitda": 543000000,
    "ebitdaratio": 0.1680594243,
    "operatingIncome": 321000000,
    "operatingIncomeRatio": 0.0993500464,
    "totalOtherIncomeExpensesNet": -137000000,
    "incomeBeforeTax": 184000000,
    "incomeBeforeTaxRatio": 0.0569483132,
    "incomeTaxExpense": 116000000,
    "netIncome": 68000000,
    "netIncomeRatio": 0.0210461158,
    "eps": 0.14,
    "epsdiluted": 0.14,
    "weightedAverageShsOut": 505162000,
    "weightedAverageShsOutDil": 509280000,
    "link": "",
    "finalLink": ""
  },
  {
    "date": "1999-03-31",
    "symbol": "COP",
    "reportedCurrency": "USD",
    "cik": "0001163165",
    "fillingDate": "1999-03-31",
    "acceptedDate": "1999-03-30 19:00:00",
    "calendarYear": "1999",
    "period": "Q1",
    "revenue": 2539000000,
    "costOfRevenue": 1904000000,
    "grossProfit": 635000000,
    "grossProfitRatio": 0.250098464,
    "researchAndDevelopmentExpenses": 0,
    "generalAndAdministrativeExpenses": 0,
    "sellingAndMarketingExpenses": 0,
    "sellingGeneralAndAdministrativeExpenses": 175000000,
    "otherExpenses": 281000000,
    "operatingExpenses": 456000000,
    "costAndExpenses": 2360000000,
    "interestIncome": 0,
    "interestExpense": 0,
    "depreciationAndAmortization": 220000000,
    "ebitda": 399000000,
    "ebitdaratio": 0.1571484837,
    "operatingIncome": 179000000,
    "operatingIncomeRatio": 0.0705001969,
    "totalOtherIncomeExpensesNet": -80000000,
    "incomeBeforeTax": 99000000,
    "incomeBeforeTaxRatio": 0.038991729,
    "incomeTaxExpense": 29000000,
    "netIncome": 70000000,
    "netIncomeRatio": 0.0275699094,
    "eps": 0.14,
    "epsdiluted": 0.14,
    "weightedAverageShsOut": 504216000,
    "weightedAverageShsOutDil": 506854000,
    "link": "",
    "finalLink": ""
  },
  {
    "date": "1998-12-31",
    "symbol": "COP",
    "reportedCurrency": "USD",
    "cik": "0001163165",
    "fillingDate": "1998-12-31",
    "acceptedDate": "1998-12-30 19:00:00",
    "calendarYear": "1998",
    "period": "Q4",
    "revenue": 2678000000,
    "costOfRevenue": 2284000000,
    "grossProfit": 394000000,
    "grossProfitRatio": 0.1471247199,
    "researchAndDevelopmentExpenses": 0,
    "generalAndAdministrativeExpenses": 0,
    "sellingAndMarketingExpenses": 0,
    "sellingGeneralAndAdministrativeExpenses": 223000000,
    "otherExpenses": 598000000,
    "operatingExpenses": 821000000,
    "costAndExpenses": 3105000000,
    "interestIncome": 0,
    "interestExpense": 0,
    "depreciationAndAmortization": 549000000,
    "ebitda": 122000000,
    "ebitdaratio": 0.0455563854,
    "operatingIncome": -427000000,
    "operatingIncomeRatio": -0.1594473488,
    "totalOtherIncomeExpensesNet": -31000000,
    "incomeBeforeTax": -458000000,
    "incomeBeforeTaxRatio": -0.1710231516,
    "incomeTaxExpense": -248000000,
    "netIncome": -210000000,
    "netIncomeRatio": -0.0784167289,
    "eps": -0.41,
    "epsdiluted": -0.41,
    "weightedAverageShsOut": 507476000,
    "weightedAverageShsOutDil": 513558000,
    "link": "",
    "finalLink": ""
  },
  {
    "date": "1998-09-30",
    "symbol": "COP",
    "reportedCurrency": "USD",
    "cik": "0001163165",
    "fillingDate": "1998-09-30",
    "acceptedDate": "1998-09-29 20:00:00",
    "calendarYear": "1998",
    "period": "Q3",
    "revenue": 2913000000,
    "costOfRevenue": 2278000000,
    "grossProfit": 635000000,
    "grossProfitRatio": 0.2179883282,
    "researchAndDevelopmentExpenses": 0,
    "generalAndAdministrativeExpenses": 0,
    "sellingAndMarketingExpenses": 0,
    "sellingGeneralAndAdministrativeExpenses": 135000000,
    "otherExpenses": 322000000,
    "operatingExpenses": 457000000,
    "costAndExpenses": 2735000000,
    "interestIncome": 0,
    "interestExpense": 0,
    "depreciationAndAmortization": 270000000,
    "ebitda": 448000000,
    "ebitdaratio": 0.1537933402,
    "operatingIncome": 178000000,
    "operatingIncomeRatio": 0.0611053896,
    "totalOtherIncomeExpensesNet": -70000000,
    "incomeBeforeTax": 108000000,
    "incomeBeforeTaxRatio": 0.0370751802,
    "incomeTaxExpense": 62000000,
    "netIncome": 46000000,
    "netIncomeRatio": 0.0157912805,
    "eps": 0.09,
    "epsdiluted": 0.09,
    "weightedAverageShsOut": 513558000,
    "weightedAverageShsOutDil": 517318000,
    "link": "",
    "finalLink": ""
  },
  {
    "date": "1998-06-30",
    "symbol": "COP",
    "reportedCurrency": "USD",
    "cik": "0001163165",
    "fillingDate": "1998-06-30",
    "acceptedDate": "1998-06-29 20:00:00",
    "calendarYear": "1998",
    "period": "Q2",
    "revenue": 3000000000,
    "costOfRevenue": 2183000000,
    "grossProfit": 817000000,
    "grossProfitRatio": 0.2723333333,
    "researchAndDevelopmentExpenses": 0,
    "generalAndAdministrativeExpenses": 0,
    "sellingAndMarketingExpenses": 0,
    "sellingGeneralAndAdministrativeExpenses": 139000000,
    "otherExpenses": 312000000,
    "operatingExpenses": 451000000,
    "costAndExpenses": 2634000000,
    "interestIncome": 0,
    "interestExpense": 0,
    "depreciationAndAmortization": 252000000,
    "ebitda": 618000000,
    "ebitdaratio": 0.206,
    "operatingIncome": 366000000,
    "operatingIncomeRatio": 0.122,
    "totalOtherIncomeExpensesNet": -47000000,
    "incomeBeforeTax": 319000000,
    "incomeBeforeTaxRatio": 0.1063333333,
    "incomeTaxExpense": 161000000,
    "netIncome": 158000000,
    "netIncomeRatio": 0.0526666667,
    "eps": 0.31,
    "epsdiluted": 0.3,
    "weightedAverageShsOut": 520766000,
    "weightedAverageShsOutDil": 525430000,
    "link": "",
    "finalLink": ""
  },
  {
    "date": "1998-03-31",
    "symbol": "COP",
    "reportedCurrency": "USD",
    "cik": "0001163165",
    "fillingDate": "1998-03-31",
    "acceptedDate": "1998-03-30 19:00:00",
    "calendarYear": "1998",
    "period": "Q1",
    "revenue": 3254000000,
    "costOfRevenue": 2303000000,
    "grossProfit": 951000000,
    "grossProfitRatio": 0.2922556853,
    "researchAndDevelopmentExpenses": 0,
    "generalAndAdministrativeExpenses": 0,
    "sellingAndMarketingExpenses": 0,
    "sellingGeneralAndAdministrativeExpenses": 144000000,
    "otherExpenses": 296000000,
    "operatingExpenses": 440000000,
    "costAndExpenses": 2743000000,
    "interestIncome": 0,
    "interestExpense": 0,
    "depreciationAndAmortization": 231000000,
    "ebitda": 742000000,
    "ebitdaratio": 0.2280270436,
    "operatingIncome": 511000000,
    "operatingIncomeRatio": 0.1570374923,
    "totalOtherIncomeExpensesNet": -59000000,
    "incomeBeforeTax": 452000000,
    "incomeBeforeTaxRatio": 0.1389059619,
    "incomeTaxExpense": 209000000,
    "netIncome": 243000000,
    "netIncomeRatio": 0.0746773202,
    "eps": 0.47,
    "epsdiluted": 0.46,
    "weightedAverageShsOut": 524512000,
    "weightedAverageShsOutDil": 528734000,
    "link": "",
    "finalLink": ""
  },
  {
    "date": "1997-12-31",
    "symbol": "COP",
    "reportedCurrency": "USD",
    "cik": "0001163165",
    "fillingDate": "1997-12-31",
    "acceptedDate": "1997-12-30 19:00:00",
    "calendarYear": "1997",
    "period": "Q4",
    "revenue": 3772000000,
    "costOfRevenue": 2841000000,
    "grossProfit": 931000000,
    "grossProfitRatio": 0.2468186638,
    "researchAndDevelopmentExpenses": 0,
    "generalAndAdministrativeExpenses": 0,
    "sellingAndMarketingExpenses": 0,
    "sellingGeneralAndAdministrativeExpenses": 164000000,
    "otherExpenses": 303000000,
    "operatingExpenses": 467000000,
    "costAndExpenses": 3308000000,
    "interestIncome": 0,
    "interestExpense": 0,
    "depreciationAndAmortization": 241000000,
    "ebitda": 705000000,
    "ebitdaratio": 0.1869034995,
    "operatingIncome": 464000000,
    "operatingIncomeRatio": 0.1230116649,
    "totalOtherIncomeExpensesNet": -65000000,
    "incomeBeforeTax": 399000000,
    "incomeBeforeTaxRatio": 0.1057794274,
    "incomeTaxExpense": 190000000,
    "netIncome": 209000000,
    "netIncomeRatio": 0.0554082715,
    "eps": 0.4,
    "epsdiluted": 0.4,
    "weightedAverageShsOut": 526382000,
    "weightedAverageShsOutDil": 527006000,
    "link": "",
    "finalLink": ""
  },
  {
    "date": "1997-09-30",
    "symbol": "COP",
    "reportedCurrency": "USD",
    "cik": "0001163165",
    "fillingDate": "1997-09-30",
    "acceptedDate": "1997-09-29 20:00:00",
    "calendarYear": "1997",
    "period": "Q3",
    "revenue": 3895000000,
    "costOfRevenue": 2877000000,
    "grossProfit": 1018000000,
    "grossProfitRatio": 0.2613607189,
    "researchAndDevelopmentExpenses": 0,
    "generalAndAdministrativeExpenses": 0,
    "sellingAndMarketingExpenses": 0,
    "sellingGeneralAndAdministrativeExpenses": 171000000,
    "otherExpenses": 315000000,
    "operatingExpenses": 486000000,
    "costAndExpenses": 3363000000,
    "interestIncome": 0,
    "interestExpense": 0,
    "depreciationAndAmortization": 250000000,
    "ebitda": 782000000,
    "ebitdaratio": 0.2007702182,
    "operatingIncome": 532000000,
    "operatingIncomeRatio": 0.1365853659,
    "totalOtherIncomeExpensesNet": -66000000,
    "incomeBeforeTax": 466000000,
    "incomeBeforeTaxRatio": 0.1196405648,
    "incomeTaxExpense": 250000000,
    "netIncome": 216000000,
    "netIncomeRatio": 0.0554557125,
    "eps": 0.41,
    "epsdiluted": 0.41,
    "weightedAverageShsOut": 527006000,
    "weightedAverageShsOutDil": 531568000,
    "link": "",
    "finalLink": ""
  },
  {
    "date": "1997-06-30",
    "symbol": "COP",
    "reportedCurrency": "USD",
    "cik": "0001163165",
    "fillingDate": "1997-06-30",
    "acceptedDate": "1997-06-29 20:00:00",
    "calendarYear": "1997",
    "period": "Q2",
    "revenue": 3763000000,
    "costOfRevenue": 2841000000,
    "grossProfit": 922000000,
    "grossProfitRatio": 0.2450172735,
    "researchAndDevelopmentExpenses": 0,
    "generalAndAdministrativeExpenses": 0,
    "sellingAndMarketingExpenses": 0,
    "sellingGeneralAndAdministrativeExpenses": 135000000,
    "otherExpenses": 251000000,
    "operatingExpenses": 386000000,
    "costAndExpenses": 3227000000,
    "interestIncome": 0,
    "interestExpense": 0,
    "depreciationAndAmortization": 189000000,
    "ebitda": 725000000,
    "ebitdaratio": 0.1926654265,
    "operatingIncome": 536000000,
    "operatingIncomeRatio": 0.1424395429,
    "totalOtherIncomeExpensesNet": 6000000,
    "incomeBeforeTax": 542000000,
    "incomeBeforeTaxRatio": 0.1440340154,
    "incomeTaxExpense": 235000000,
    "netIncome": 307000000,
    "netIncomeRatio": 0.0815838427,
    "eps": 0.59,
    "epsdiluted": 0.57,
    "weightedAverageShsOut": 526686000,
    "weightedAverageShsOutDil": 530726000,
    "link": "",
    "finalLink": ""
  },
  {
    "date": "1997-03-31",
    "symbol": "COP",
    "reportedCurrency": "USD",
    "cik": "0001163165",
    "fillingDate": "1997-03-31",
    "acceptedDate": "1997-03-30 19:00:00",
    "calendarYear": "1997",
    "period": "Q1",
    "revenue": 3994000000,
    "costOfRevenue": 3009000000,
    "grossProfit": 985000000,
    "grossProfitRatio": 0.2466199299,
    "researchAndDevelopmentExpenses": 0,
    "generalAndAdministrativeExpenses": 0,
    "sellingAndMarketingExpenses": 0,
    "sellingGeneralAndAdministrativeExpenses": 161000000,
    "otherExpenses": 257000000,
    "operatingExpenses": 418000000,
    "costAndExpenses": 3427000000,
    "interestIncome": 0,
    "interestExpense": 0,
    "depreciationAndAmortization": 183000000,
    "ebitda": 750000000,
    "ebitdaratio": 0.1877816725,
    "operatingIncome": 567000000,
    "operatingIncomeRatio": 0.1419629444,
    "totalOtherIncomeExpensesNet": -74000000,
    "incomeBeforeTax": 493000000,
    "incomeBeforeTaxRatio": 0.1234351527,
    "incomeTaxExpense": 266000000,
    "netIncome": 227000000,
    "netIncomeRatio": 0.0568352529,
    "eps": 0.43,
    "epsdiluted": 0.43,
    "weightedAverageShsOut": 527064000,
    "weightedAverageShsOutDil": 531610000,
    "link": "",
    "finalLink": ""
  },
  {
    "date": "1996-12-31",
    "symbol": "COP",
    "reportedCurrency": "USD",
    "cik": "0001163165",
    "fillingDate": "1996-12-31",
    "acceptedDate": "1996-12-30 19:00:00",
    "calendarYear": "1996",
    "period": "Q4",
    "revenue": 4333000000,
    "costOfRevenue": 3372000000,
    "grossProfit": 961000000,
    "grossProfitRatio": 0.2217862913,
    "researchAndDevelopmentExpenses": 0,
    "generalAndAdministrativeExpenses": 0,
    "sellingAndMarketingExpenses": 0,
    "sellingGeneralAndAdministrativeExpenses": 116000000,
    "otherExpenses": 371000000,
    "operatingExpenses": 487000000,
    "costAndExpenses": 3859000000,
    "interestIncome": 0,
    "interestExpense": 0,
    "depreciationAndAmortization": 308000000,
    "ebitda": 782000000,
    "ebitdaratio": 0.1804754212,
    "operatingIncome": 474000000,
    "operatingIncomeRatio": 0.1093930302,
    "totalOtherIncomeExpensesNet": -61000000,
    "incomeBeforeTax": 413000000,
    "incomeBeforeTaxRatio": 0.0953150242,
    "incomeTaxExpense": 213000000,
    "netIncome": 200000000,
    "netIncomeRatio": 0.0461573967,
    "eps": 0.38,
    "epsdiluted": 0.38,
    "weightedAverageShsOut": 526360000,
    "weightedAverageShsOutDil": 526360000,
    "link": "",
    "finalLink": ""
  },
  {
    "date": "1996-09-30",
    "symbol": "COP",
    "reportedCurrency": "USD",
    "cik": "0001163165",
    "fillingDate": "1996-09-30",
    "acceptedDate": "1996-09-29 20:00:00",
    "calendarYear": "1996",
    "period": "Q3",
    "revenue": 3897000000,
    "costOfRevenue": 2989000000,
    "grossProfit": 908000000,
    "grossProfitRatio": 0.2329997434,
    "researchAndDevelopmentExpenses": 0,
    "generalAndAdministrativeExpenses": 0,
    "sellingAndMarketingExpenses": 0,
    "sellingGeneralAndAdministrativeExpenses": 132000000,
    "otherExpenses": 274000000,
    "operatingExpenses": 406000000,
    "costAndExpenses": 3395000000,
    "interestIncome": 0,
    "interestExpense": 0,
    "depreciationAndAmortization": 205000000,
    "ebitda": 707000000,
    "ebitdaratio": 0.1814216064,
    "operatingIncome": 502000000,
    "operatingIncomeRatio": 0.1288170387,
    "totalOtherIncomeExpensesNet": -67000000,
    "incomeBeforeTax": 435000000,
    "incomeBeforeTaxRatio": 0.1116243264,
    "incomeTaxExpense": 248000000,
    "netIncome": 187000000,
    "netIncomeRatio": 0.04798563,
    "eps": 0.36,
    "epsdiluted": 0.35,
    "weightedAverageShsOut": 526360000,
    "weightedAverageShsOutDil": 526360000,
    "link": "",
    "finalLink": ""
  },
  {
    "date": "1996-06-30",
    "symbol": "COP",
    "reportedCurrency": "USD",
    "cik": "0001163165",
    "fillingDate": "1996-06-30",
    "acceptedDate": "1996-06-29 20:00:00",
    "calendarYear": "1996",
    "period": "Q2",
    "revenue": 3975000000,
    "costOfRevenue": 3075000000,
    "grossProfit": 900000000,
    "grossProfitRatio": 0.2264150943,
    "researchAndDevelopmentExpenses": 0,
    "generalAndAdministrativeExpenses": 0,
    "sellingAndMarketingExpenses": 0,
    "sellingGeneralAndAdministrativeExpenses": 135000000,
    "otherExpenses": 253000000,
    "operatingExpenses": 388000000,
    "costAndExpenses": 3463000000,
    "interestIncome": 0,
    "interestExpense": 0,
    "depreciationAndAmortization": 187000000,
    "ebitda": 699000000,
    "ebitdaratio": 0.1758490566,
    "operatingIncome": 512000000,
    "operatingIncomeRatio": 0.1288050314,
    "totalOtherIncomeExpensesNet": -69000000,
    "incomeBeforeTax": 443000000,
    "incomeBeforeTaxRatio": 0.1114465409,
    "incomeTaxExpense": 222000000,
    "netIncome": 221000000,
    "netIncomeRatio": 0.0555974843,
    "eps": 0.42,
    "epsdiluted": 0.42,
    "weightedAverageShsOut": 525898000,
    "weightedAverageShsOutDil": 525898000,
    "link": "",
    "finalLink": ""
  },
  {
    "date": "1996-03-31",
    "symbol": "COP",
    "reportedCurrency": "USD",
    "cik": "0001163165",
    "fillingDate": "1996-03-31",
    "acceptedDate": "1996-03-30 19:00:00",
    "calendarYear": "1996",
    "period": "Q1",
    "revenue": 3602000000,
    "costOfRevenue": 2792000000,
    "grossProfit": 810000000,
    "grossProfitRatio": 0.2248750694,
    "researchAndDevelopmentExpenses": 0,
    "generalAndAdministrativeExpenses": 0,
    "sellingAndMarketingExpenses": 0,
    "sellingGeneralAndAdministrativeExpenses": 126000000,
    "otherExpenses": 307000000,
    "operatingExpenses": 433000000,
    "costAndExpenses": 3225000000,
    "interestIncome": 0,
    "interestExpense": 0,
    "depreciationAndAmortization": 241000000,
    "ebitda": 618000000,
    "ebitdaratio": 0.1715713493,
    "operatingIncome": 377000000,
    "operatingIncomeRatio": 0.1046640755,
    "totalOtherIncomeExpensesNet": 504000000,
    "incomeBeforeTax": 881000000,
    "incomeBeforeTaxRatio": 0.2445863409,
    "incomeTaxExpense": 186000000,
    "netIncome": 695000000,
    "netIncomeRatio": 0.192948362,
    "eps": 1.33,
    "epsdiluted": 1.32,
    "weightedAverageShsOut": 524618000,
    "weightedAverageShsOutDil": 524618000,
    "link": "",
    "finalLink": ""
  },
  {
    "date": "1995-12-31",
    "symbol": "COP",
    "reportedCurrency": "USD",
    "cik": "0001163165",
    "fillingDate": "1995-12-31",
    "acceptedDate": "1995-12-30 19:00:00",
    "calendarYear": "1995",
    "period": "Q4",
    "revenue": 3346000000,
    "costOfRevenue": 2647000000,
    "grossProfit": 699000000,
    "grossProfitRatio": 0.2089061566,
    "researchAndDevelopmentExpenses": 0,
    "generalAndAdministrativeExpenses": 0,
    "sellingAndMarketingExpenses": 0,
    "sellingGeneralAndAdministrativeExpenses": 137000000,
    "otherExpenses": 254000000,
    "operatingExpenses": 391000000,
    "costAndExpenses": 3038000000,
    "interestIncome": 0,
    "interestExpense": 0,
    "depreciationAndAmortization": 189000000,
    "ebitda": 497000000,
    "ebitdaratio": 0.1485355649,
    "operatingIncome": 308000000,
    "operatingIncomeRatio": 0.0920502092,
    "totalOtherIncomeExpensesNet": -74000000,
    "incomeBeforeTax": 234000000,
    "incomeBeforeTaxRatio": 0.0699342499,
    "incomeTaxExpense": 125000000,
    "netIncome": 109000000,
    "netIncomeRatio": 0.0325762104,
    "eps": 0.21,
    "epsdiluted": 0.21,
    "weightedAverageShsOut": 524188000,
    "weightedAverageShsOutDil": 524308000,
    "link": "",
    "finalLink": ""
  },
  {
    "date": "1995-09-30",
    "symbol": "COP",
    "reportedCurrency": "USD",
    "cik": "0001163165",
    "fillingDate": "1995-09-30",
    "acceptedDate": "1995-09-29 20:00:00",
    "calendarYear": "1995",
    "period": "Q3",
    "revenue": 3415000000,
    "costOfRevenue": 2659000000,
    "grossProfit": 756000000,
    "grossProfitRatio": 0.2213762811,
    "researchAndDevelopmentExpenses": 0,
    "generalAndAdministrativeExpenses": 0,
    "sellingAndMarketingExpenses": 0,
    "sellingGeneralAndAdministrativeExpenses": 142000000,
    "otherExpenses": 252000000,
    "operatingExpenses": 394000000,
    "costAndExpenses": 3053000000,
    "interestIncome": 0,
    "interestExpense": 0,
    "depreciationAndAmortization": 190000000,
    "ebitda": 552000000,
    "ebitdaratio": 0.1616398243,
    "operatingIncome": 362000000,
    "operatingIncomeRatio": 0.1060029283,
    "totalOtherIncomeExpensesNet": -71000000,
    "incomeBeforeTax": 291000000,
    "incomeBeforeTaxRatio": 0.0852122987,
    "incomeTaxExpense": 155000000,
    "netIncome": 136000000,
    "netIncomeRatio": 0.0398243045,
    "eps": 0.26,
    "epsdiluted": 0.26,
    "weightedAverageShsOut": 524308000,
    "weightedAverageShsOutDil": 524308000,
    "link": "",
    "finalLink": ""
  }
]