[
  {
    "date": "2024-12-31",
    "symbol": "COP",
    "reportedCurrency": "USD",
    "cik": "0001163165",
    "fillingDate": "2025-02-18",
    "acceptedDate": "2025-02-18 14:48:53",
    "calendarYear": "2024",
    "period": "FY",
    "revenue": 54612000000,
    "costOfRevenue": 38584000000,
    "grossProfit": 16028000000,
    "grossProfitRatio": 0.2934886106,
    "researchAndDevelopmentExpenses": 81000000,
    "generalAndAdministrativeExpenses": 0,
    "sellingAndMarketingExpenses": 0,
    "sellingGeneralAndAdministrativeExpenses": 963000000,
    "otherExpenses": 2201000000,
    "operatingExpenses": 3245000000,
    "costAndExpenses": 41829000000,
    "interestIncome": 402000000,
    "interestExpense": 1108000000,
    "depreciationAndAmortization": 9645000000,
    "ebitda": 24425000000,
    "ebitdaratio": 0.4472460265,
    "operatingIncome": 12783000000,
    "operatingIncomeRatio": 0.2340694353,
    "totalOtherIncomeExpensesNet": 889000000,
    "incomeBeforeTax": 13672000000,
    "incomeBeforeTaxRatio": 0.2503479089,
    "incomeTaxExpense": 4427000000,
    "netIncome": 9218000000,
    "netIncomeRatio": 0.168790742,
    "eps": 7.82,
    "epsdiluted": 7.81,
    "weightedAverageShsOut": 1178920000,
    "weightedAverageShsOutDil": 1180871000,
    "link": "https://www.sec.gov/Archives/edgar/data/1163165/000116316525000012/0001163165-25-000012-index.htm",
    "finalLink": "https://www.sec.gov/Archives/edgar/data/1163165/000116316525000012/cop-20241231.htm"
  },
  {
    "date": "2023-12-31",
    "symbol": "COP",
    "reportedCurrency": "USD",
    "cik": "0001163165",
    "fillingDate": "2024-02-15",
    "acceptedDate": "2024-02-15 14:01:15",
    "calendarYear": "2023",
    "period": "FY",
    "revenue": 56141000000,
    "costOfRevenue": 37938000000,
    "grossProfit": 18203000000,
    "grossProfitRatio": 0.3242371885,
    "researchAndDevelopmentExpenses": 0,
    "generalAndAdministrativeExpenses": 0,
    "sellingAndMarketingExpenses": 0,
    "sellingGeneralAndAdministrativeExpenses": 705000000,
    "otherExpenses": 2472000000,
    "operatingExpenses": 3177000000,
    "costAndExpenses": 41115000000,
    "interestIncome": 412000000,
    "interestExpense": 1063000000,
    "depreciationAndAmortization": 8432000000,
    "ebitda": 25783000000,
    "ebitdaratio": 0.4592543774,
    "operatingIncome": 15030000000,
    "operatingIncomeRatio": 0.2677187795,
    "totalOtherIncomeExpensesNet": 1258000000,
    "incomeBeforeTax": 16288000000,
    "incomeBeforeTaxRatio": 0.2901266454,
    "incomeTaxExpense": 5331000000,
    "netIncome": 10922000000,
    "netIncomeRatio": 0.1945458756,
    "eps": 9.08,
    "epsdiluted": 9.06,
    "weightedAverageShsOut": 1202757000,
    "weightedAverageShsOutDil": 1205675000,
    "link": "https://www.sec.gov/Archives/edgar/data/1163165/000116316524000010/0001163165-24-000010-index.htm",
    "finalLink": "https://www.sec.gov/Archives/edgar/data/1163165/000116316524000010/cop-20231231.htm"
  },
  {
    "date": "2022-12-31",
    "symbol": "COP",
    "reportedCurrency": "USD",
    "cik": "0001163165",
    "fillingDate": "2023-02-16",
    "acceptedDate": "2023-02-16 12:42:43",
    "calendarYear": "2022",
    "period": "FY",
    "revenue": 78582000000,
    "costOfRevenue": 48954000000,
    "grossProfit": 29628000000,
    "grossProfitRatio": 0.3770329083,
    "researchAndDevelopmentExpenses": 71000000,
    "generalAndAdministrativeExpenses": 0,
    "sellingAndMarketingExpenses": 0,
    "sellingGeneralAndAdministrativeExpenses": 1063000000,
    "otherExpenses": 2853000000,
    "operatingExpenses": 3987000000,
    "costAndExpenses": 52941000000,
    "interestIncome": 195000000,
    "interestExpense": 1055000000,
    "depreciationAndAmortization": 7844000000,
    "ebitda": 37127000000,
    "ebitdaratio": 0.4724618869,
    "operatingIncome": 25641000000,
    "operatingIncomeRatio": 0.3262960983,
    "totalOtherIncomeExpensesNet": 2587000000,
    "incomeBeforeTax": 28228000000,
    "incomeBeforeTaxRatio": 0.3592171235,
    "incomeTaxExpense": 9548000000,
    "netIncome": 18620000000,
    "netIncomeRatio": 0.2369499376,
    "eps": 14.62,
    "epsdiluted": 14.57,
    "weightedAverageShsOut": 1274028000,
    "weightedAverageShsOutDil": 1278163000,
    "link": "https://www.sec.gov/Archives/edgar/data/1163165/000116316523000006/0001163165-23-000006-index.htm",
    "finalLink": "https://www.sec.gov/Archives/edgar/data/1163165/000116316523000006/cop-20221231.htm"
  },
  {
    "date": "2021-12-31",
    "symbol": "COP",
    "reportedCurrency": "USD",
    "cik": "0001163165",
    "fillingDate": "2022-02-17",
    "acceptedDate": "2022-02-17 13:20:14",
    "calendarYear": "2021",
    "period": "FY",
    "revenue": 46056000000,
    "costOfRevenue": 31329000000,
    "grossProfit": 14727000000,
    "grossProfitRatio": 0.3197628973,
    "researchAndDevelopmentExpenses": 62000000,
    "generalAndAdministrativeExpenses": 0,
    "sellingAndMarketingExpenses": 0,
    "sellingGeneralAndAdministrativeExpenses": 811000000,
    "otherExpenses": 1480000000,
    "operatingExpenses": 2353000000,
    "costAndExpenses": 33682000000,
    "interestIncome": 33000000,
    "interestExpense": 1126000000,
    "depreciationAndAmortization": 7252000000,
    "ebitda": 21090000000,
    "ebitdaratio": 0.4579207921,
    "operatingIncome": 12374000000,
    "operatingIncomeRatio": 0.2686729199,
    "totalOtherIncomeExpensesNet": 338000000,
    "incomeBeforeTax": 12712000000,
    "incomeBeforeTaxRatio": 0.2760118117,
    "incomeTaxExpense": 4633000000,
    "netIncome": 8079000000,
    "netIncomeRatio": 0.1754168838,
    "eps": 6.1,
    "epsdiluted": 6.08,
    "weightedAverageShsOut": 1324194000,
    "weightedAverageShsOutDil": 1328151000,
    "link": "https://www.sec.gov/Archives/edgar/data/1163165/000156276222000031/0001562762-22-000031-index.htm",
    "finalLink": "https://www.sec.gov/Archives/edgar/data/1163165/000156276222000031/cop10k2021.htm"
  },
  {
    "date": "2020-12-31",
    "symbol": "COP",
    "reportedCurrency": "USD",
    "cik": "0001163165",
    "fillingDate": "2021-02-16",
    "acceptedDate": "2021-02-16 12:04:27",
    "calendarYear": "2020",
    "period": "FY",
    "revenue": 18765000000,
    "costOfRevenue": 19411000000,
    "grossProfit": -646000000,
    "grossProfitRatio": -0.0344257927,
    "researchAndDevelopmentExpenses": 75000000,
    "generalAndAdministrativeExpenses": 0,
    "sellingAndMarketingExpenses": 0,
    "sellingGeneralAndAdministrativeExpenses": 988000000,
    "otherExpenses": 121000000,
    "operatingExpenses": 1184000000,
    "costAndExpenses": 20595000000,
    "interestIncome": 100000000,
    "interestExpense": 1058000000,
    "depreciationAndAmortization": 6604000000,
    "ebitda": 4522000000,
    "ebitdaratio": 0.2409805489,
    "operatingIncome": -1830000000,
    "operatingIncomeRatio": -0.0975219824,
    "totalOtherIncomeExpensesNet": -1310000000,
    "incomeBeforeTax": -3140000000,
    "incomeBeforeTaxRatio": -0.1673328004,
    "incomeTaxExpense": -485000000,
    "netIncome": -2701000000,
    "netIncomeRatio": -0.1439381828,
    "eps": -2.51,
    "epsdiluted": -2.51,
    "weightedAverageShsOut": 1078030000,
    "weightedAverageShsOutDil": 1078030000,
    "link": "https://www.sec.gov/Archives/edgar/data/1163165/000156276221000027/0001562762-21-000027-index.htm",
    "finalLink": "https://www.sec.gov/Archives/edgar/data/1163165/000156276221000027/cop10k2020.htm"
  },
  {
    "date": "2019-12-31",
    "symbol": "COP",
    "reportedCurrency": "USD",
    "cik": "0001163165",
    "fillingDate": "2020-02-18",
    "acceptedDate": "2020-02-18 12:23:02",
    "calendarYear": "2019",
    "period": "FY",
    "revenue": 32426000000,
    "costOfRevenue": 23879000000,
    "grossProfit": 8547000000,
    "grossProfitRatio": 0.2635847776,
    "researchAndDevelopmentExpenses": 82000000,
    "generalAndAdministrativeExpenses": 0,
    "sellingAndMarketingExpenses": 0,
    "sellingGeneralAndAdministrativeExpenses": 1161000000,
    "otherExpenses": 266000000,
    "operatingExpenses": 1509000000,
    "costAndExpenses": 25388000000,
    "interestIncome": 166000000,
    "interestExpense": 1104000000,
    "depreciationAndAmortization": 6511000000,
    "ebitda": 17139000000,
    "ebitdaratio": 0.5285573305,
    "operatingIncome": 7038000000,
    "operatingIncomeRatio": 0.2170480479,
    "totalOtherIncomeExpensesNet": 2486000000,
    "incomeBeforeTax": 9524000000,
    "incomeBeforeTaxRatio": 0.2937149201,
    "incomeTaxExpense": 2267000000,
    "netIncome": 7189000000,
    "netIncomeRatio": 0.2217048048,
    "eps": 6.43,
    "epsdiluted": 6.4,
    "weightedAverageShsOut": 1117260000,
    "weightedAverageShsOutDil": 1123536000,
    "link": "https://www.sec.gov/Archives/edgar/data/1163165/000119312520039954/0001193125-20-039954-index.htm",
    "finalLink": "https://www.sec.gov/Archives/edgar/data/1163165/000119312520039954/d875559d10k.htm"
  },
  {
    "date": "2018-12-31",
    "symbol": "COP",
    "reportedCurrency": "USD",
    "cik": "0001163165",
    "fillingDate": "2019-02-19",
    "acceptedDate": "2019-02-19 11:23:45",
    "calendarYear": "2018",
    "period": "FY",
    "revenue": 36372000000,
    "costOfRevenue": 25791000000,
    "grossProfit": 10581000000,
    "grossProfitRatio": 0.2909105906,
    "researchAndDevelopmentExpenses": 78000000,
    "generalAndAdministrativeExpenses": 0,
    "sellingAndMarketingExpenses": 0,
    "sellingGeneralAndAdministrativeExpenses": 898000000,
    "otherExpenses": 0,
    "operatingExpenses": 976000000,
    "costAndExpenses": 27240000000,
    "interestIncome": 97000000,
    "interestExpense": 1088000000,
    "depreciationAndAmortization": 6051000000,
    "ebitda": 17112000000,
    "ebitdaratio": 0.4704717915,
    "operatingIncome": 9132000000,
    "operatingIncomeRatio": 0.2510722534,
    "totalOtherIncomeExpensesNet": 841000000,
    "incomeBeforeTax": 9973000000,
    "incomeBeforeTaxRatio": 0.2741944353,
    "incomeTaxExpense": 3668000000,
    "netIncome": 6257000000,
    "netIncomeRatio": 0.1720279336,
    "eps": 5.36,
    "epsdiluted": 5.32,
    "weightedAverageShsOut": 1166499000,
    "weightedAverageShsOutDil": 1175538000,
    "link": "https://www.sec.gov/Archives/edgar/data/1163165/000119312519043841/0001193125-19-043841-index.htm",
    "finalLink": "https://www.sec.gov/Archives/edgar/data/1163165/000119312519043841/d636257d10k.htm"
  },
  {
    "date": "2017-12-31",
    "symbol": "COP",
    "reportedCurrency": "USD",
    "cik": "0001163165",
    "fillingDate": "2018-02-20",
    "acceptedDate": "2018-02-20 10:03:26",
    "calendarYear": "2017",
    "period": "FY",
    "revenue": 29029000000,
    "costOfRevenue": 25355000000,
    "grossProfit": 3674000000,
    "grossProfitRatio": 0.1265630921,
    "researchAndDevelopmentExpenses": 100000000,
    "generalAndAdministrativeExpenses": 0,
    "sellingAndMarketingExpenses": 0,
    "sellingGeneralAndAdministrativeExpenses": 1374000000,
    "otherExpenses": 0,
    "operatingExpenses": 1474000000,
    "costAndExpenses": 26591000000,
    "interestIncome": 112000000,
    "interestExpense": 1460000000,
    "depreciationAndAmortization": 7411000000,
    "ebitda": 6256000000,
    "ebitdaratio": 0.2155086293,
    "operatingIncome": 2438000000,
    "operatingIncomeRatio": 0.0839849805,
    "totalOtherIncomeExpensesNet": -5053000000,
    "incomeBeforeTax": -2615000000,
    "incomeBeforeTaxRatio": -0.0900823315,
    "incomeTaxExpense": -1822000000,
    "netIncome": -855000000,
    "netIncomeRatio": -0.0294533053,
    "eps": -0.7,
    "epsdiluted": -0.7,
    "weightedAverageShsOut": 1221038000,
    "weightedAverageShsOutDil": 1221038000,
    "link": "https://www.sec.gov/Archives/edgar/data/1163165/000119312518049729/0001193125-18-049729-index.htm",
    "finalLink": "https://www.sec.gov/Archives/edgar/data/1163165/000119312518049729/d534096d10k.htm"
  },
  {
    "date": "2016-12-31",
    "symbol": "COP",
    "reportedCurrency": "USD",
    "cik": "0001163165",
    "fillingDate": "2017-02-21",
    "acceptedDate": "2017-02-21 12:34:09",
    "calendarYear": "2016",
    "period": "FY",
    "revenue": 23891000000,
    "costOfRevenue": 26799000000,
    "grossProfit": -2908000000,
    "grossProfitRatio": -0.121719476,
    "researchAndDevelopmentExpenses": 116000000,
    "generalAndAdministrativeExpenses": 0,
    "sellingAndMarketingExpenses": 0,
    "sellingGeneralAndAdministrativeExpenses": 2181000000,
    "otherExpenses": -835000000,
    "operatingExpenses": 1462000000,
    "costAndExpenses": 28261000000,
    "interestIncome": 57000000,
    "interestExpense": 1670000000,
    "depreciationAndAmortization": 10246000000,
    "ebitda": 6386000000,
    "ebitdaratio": 0.2672973086,
    "operatingIncome": -4370000000,
    "operatingIncomeRatio": -0.1829140681,
    "totalOtherIncomeExpensesNet": -1160000000,
    "incomeBeforeTax": -5530000000,
    "incomeBeforeTaxRatio": -0.2314679168,
    "incomeTaxExpense": -1971000000,
    "netIncome": -3615000000,
    "netIncomeRatio": -0.1513122096,
    "eps": -2.91,
    "epsdiluted": -2.9,
    "weightedAverageShsOut": 1242268041,
    "weightedAverageShsOutDil": 1245440000,
    "link": "https://www.sec.gov/Archives/edgar/data/1163165/000119312517050077/0001193125-17-050077-index.htm",
    "finalLink": "https://www.sec.gov/Archives/edgar/data/1163165/000119312517050077/d264316d10k.htm"
  },
  {
    "date": "2015-12-31",
    "symbol": "COP",
    "reportedCurrency": "USD",
    "cik": "0001163165",
    "fillingDate": "2016-02-23",
    "acceptedDate": "2016-02-23 11:56:14",
    "calendarYear": "2015",
    "period": "FY",
    "revenue": 29333000000,
    "costOfRevenue": 32546000000,
    "grossProfit": -3213000000,
    "grossProfitRatio": -0.1095353356,
    "researchAndDevelopmentExpenses": 222000000,
    "generalAndAdministrativeExpenses": 0,
    "sellingAndMarketingExpenses": 0,
    "sellingGeneralAndAdministrativeExpenses": 3221000000,
    "otherExpenses": -1589000000,
    "operatingExpenses": 1854000000,
    "costAndExpenses": 34400000000,
    "interestIncome": 45000000,
    "interestExpense": 1403000000,
    "depreciationAndAmortization": 12178000000,
    "ebitda": 6342000000,
    "ebitdaratio": 0.2162070024,
    "operatingIncome": -5067000000,
    "operatingIncomeRatio": -0.1727405993,
    "totalOtherIncomeExpensesNet": -2172000000,
    "incomeBeforeTax": -7239000000,
    "incomeBeforeTaxRatio": -0.2467868953,
    "incomeTaxExpense": -2868000000,
    "netIncome": -4428000000,
    "netIncomeRatio": -0.1509562609,
    "eps": -3.58,
    "epsdiluted": -3.57,
    "weightedAverageShsOut": 1236871508,
    "weightedAverageShsOutDil": 1241919000,
    "link": "https://www.sec.gov/Archives/edgar/data/1163165/000119312516472901/0001193125-16-472901-index.htm",
    "finalLink": "https://www.sec.gov/Archives/edgar/data/1163165/000119312516472901/d145414d10k.htm"
  },
  {
    "date": "2014-12-31",
    "symbol": "COP",
    "reportedCurrency": "USD",
    "cik": "0001163165",
    "fillingDate": "2015-02-24",
    "acceptedDate": "2015-02-24 09:22:07",
    "calendarYear": "2014",
    "period": "FY",
    "revenue": 52001000000,
    "costOfRevenue": 40075000000,
    "grossProfit": 11926000000,
    "grossProfitRatio": 0.2293417434,
    "researchAndDevelopmentExpenses": 263000000,
    "generalAndAdministrativeExpenses": 0,
    "sellingAndMarketingExpenses": 0,
    "sellingGeneralAndAdministrativeExpenses": 2218000000,
    "otherExpenses": 342000000,
    "operatingExpenses": 2823000000,
    "costAndExpenses": 42898000000,
    "interestIncome": 83000000,
    "interestExpense": 1132000000,
    "depreciationAndAmortization": 9495000000,
    "ebitda": 20017000000,
    "ebitdaratio": 0.3849349051,
    "operatingIncome": 9103000000,
    "operatingIncomeRatio": 0.1750543259,
    "totalOtherIncomeExpensesNet": 287000000,
    "incomeBeforeTax": 9390000000,
    "incomeBeforeTaxRatio": 0.1805734505,
    "incomeTaxExpense": 3583000000,
    "netIncome": 6869000000,
    "netIncomeRatio": 0.1320936136,
    "eps": 5.54,
    "epsdiluted": 5.51,
    "weightedAverageShsOut": 1237325000,
    "weightedAverageShsOutDil": 1245863000,
    "link": "https://www.sec.gov/Archives/edgar/data/1163165/000119312515059281/0001193125-15-059281-index.htm",
    "finalLink": "https://www.sec.gov/Archives/edgar/data/1163165/000119312515059281/d869001d10k.htm"
  },
  {
    "date": "2013-12-31",
    "symbol": "COP",
    "reportedCurrency": "USD",
    "cik": "0001163165",
    "fillingDate": "2014-02-25",
    "acceptedDate": "2014-02-25 10:09:42",
    "calendarYear": "2013",
    "period": "FY",
    "revenue": 54573000000,
    "costOfRevenue": 38686000000,
    "grossProfit": 15887000000,
    "grossProfitRatio": 0.2911146538,
    "researchAndDevelopmentExpenses": 258000000,
    "generalAndAdministrativeExpenses": 0,
    "sellingAndMarketingExpenses": 0,
    "sellingGeneralAndAdministrativeExpenses": 1911000000,
    "otherExpenses": 1569000000,
    "operatingExpenses": 3738000000,
    "costAndExpenses": 42424000000,
    "interestIncome": 113000000,
    "interestExpense": 1046000000,
    "depreciationAndAmortization": 7877000000,
    "ebitda": 23369000000,
    "ebitdaratio": 0.4282154179,
    "operatingIncome": 12149000000,
    "operatingIncomeRatio": 0.2226192439,
    "totalOtherIncomeExpensesNet": 2297000000,
    "incomeBeforeTax": 14446000000,
    "incomeBeforeTaxRatio": 0.264709655,
    "incomeTaxExpense": 6409000000,
    "netIncome": 9156000000,
    "netIncomeRatio": 0.1677752735,
    "eps": 7.43,
    "epsdiluted": 7.38,
    "weightedAverageShsOut": 1230963000,
    "weightedAverageShsOutDil": 1239803000,
    "link": "https://www.sec.gov/Archives/edgar/data/1163165/000119312514066358/0001193125-14-066358-index.htm",
    "finalLink": "https://www.sec.gov/Archives/edgar/data/1163165/000119312514066358/d665238d10k.htm"
  },
  {
    "date": "2012-12-31",
    "symbol": "COP",
    "reportedCurrency": "USD",
    "cik": "0001163165",
    "fillingDate": "2013-02-19",
    "acceptedDate": "2013-02-19 17:09:15",
    "calendarYear": "2012",
    "period": "FY",
    "revenue": 58258000000,
    "costOfRevenue": 40319000000,
    "grossProfit": 17939000000,
    "grossProfitRatio": 0.3079233753,
    "researchAndDevelopmentExpenses": 221000000,
    "generalAndAdministrativeExpenses": 0,
    "sellingAndMarketingExpenses": 0,
    "sellingGeneralAndAdministrativeExpenses": 1803000000,
    "otherExpenses": 2628000000,
    "operatingExpenses": 4652000000,
    "costAndExpenses": 44971000000,
    "interestIncome": 163000000,
    "interestExpense": 1103000000,
    "depreciationAndAmortization": 7454000000,
    "ebitda": 23980000000,
    "ebitdaratio": 0.4116172886,
    "operatingIncome": 13287000000,
    "operatingIncomeRatio": 0.2280716811,
    "totalOtherIncomeExpensesNet": 2136000000,
    "incomeBeforeTax": 15423000000,
    "incomeBeforeTaxRatio": 0.2647361736,
    "incomeTaxExpense": 7942000000,
    "netIncome": 8428000000,
    "netIncomeRatio": 0.1446668269,
    "eps": 6.77,
    "epsdiluted": 6.72,
    "weightedAverageShsOut": 1243799000,
    "weightedAverageShsOutDil": 1253093000,
    "link": "https://www.sec.gov/Archives/edgar/data/1163165/000119312513065426/0001193125-13-065426-index.htm",
    "finalLink": "https://www.sec.gov/Archives/edgar/data/1163165/000119312513065426/d452384d10k.htm"
  },
  {
    "date": "2011-12-31",
    "symbol": "COP",
    "reportedCurrency": "USD",
    "cik": "0001163165",
    "fillingDate": "2012-02-21",
    "acceptedDate": "2012-02-21 17:28:08",
    "calendarYear": "2011",
    "period": "FY",
    "revenue": 63289000000,
    "costOfRevenue": 43359000000,
    "grossProfit": 19930000000,
    "grossProfitRatio": 0.3149046438,
    "researchAndDevelopmentExpenses": 193000000,
    "generalAndAdministrativeExpenses": 0,
    "sellingAndMarketingExpenses": 0,
    "sellingGeneralAndAdministrativeExpenses": 865000000,
    "otherExpenses": 3806000000,
    "operatingExpenses": 4864000000,
    "costAndExpenses": 48223000000,
    "interestIncome": 170000000,
    "interestExpense": 1376000000,
    "depreciationAndAmortization": 7296000000,
    "ebitda": 24068000000,
    "ebitdaratio": 0.3802872537,
    "operatingIncome": 15066000000,
    "operatingIncomeRatio": 0.2380508461,
    "totalOtherIncomeExpensesNet": 330000000,
    "incomeBeforeTax": 23001000000,
    "incomeBeforeTaxRatio": 0.3634280839,
    "incomeTaxExpense": 10499000000,
    "netIncome": 12436000000,
    "netIncomeRatio": 0.1964954415,
    "eps": 9.04,
    "epsdiluted": 8.97,
    "weightedAverageShsOut": 1375035000,
    "weightedAverageShsOutDil": 1387100000,
    "link": "https://www.sec.gov/Archives/edgar/data/1163165/000119312512070636/0001193125-12-070636-index.htm",
    "finalLink": "https://www.sec.gov/Archives/edgar/data/1163165/000119312512070636/d267896d10k.htm"
  },
  {
    "date": "2010-12-31",
    "symbol": "COP",
    "reportedCurrency": "USD",
    "cik": "0001163165",
    "fillingDate": "2011-03-25",
    "acceptedDate": "2011-03-25 06:02:25",
    "calendarYear": "2010",
    "period": "FY",
    "revenue": 190595000000,
    "costOfRevenue": 157637000000,
    "grossProfit": 32958000000,
    "grossProfitRatio": 0.1729216401,
    "researchAndDevelopmentExpenses": 230000000,
    "generalAndAdministrativeExpenses": 0,
    "sellingAndMarketingExpenses": 0,
    "sellingGeneralAndAdministrativeExpenses": 1775000000,
    "otherExpenses": 16793000000,
    "operatingExpenses": 18798000000,
    "costAndExpenses": 176435000000,
    "interestIncome": 187000000,
    "interestExpense": 1641000000,
    "depreciationAndAmortization": 9537000000,
    "ebitda": 30928000000,
    "ebitdaratio": 0.1622707836,
    "operatingIncome": 14160000000,
    "operatingIncomeRatio": 0.0742936593,
    "totalOtherIncomeExpensesNet": 5590000000,
    "incomeBeforeTax": 19750000000,
    "incomeBeforeTaxRatio": 0.1036228652,
    "incomeTaxExpense": 8333000000,
    "netIncome": 11358000000,
    "netIncomeRatio": 0.0595923293,
    "eps": 7.68,
    "epsdiluted": 7.62,
    "weightedAverageShsOut": 1479330000,
    "weightedAverageShsOutDil": 1491067000,
    "link": "https://www.sec.gov/Archives/edgar/data/1163165/000095012311028850/0000950123-11-028850-index.htm",
    "finalLink": "https://www.sec.gov/Archives/edgar/data/1163165/000095012311028850/h76276ae10vkza.htm"
  },
  {
    "date": "2009-12-31",
    "symbol": "COP",
    "reportedCurrency": "USD",
    "cik": "0001163165",
    "fillingDate": "2010-02-25",
    "acceptedDate": "2010-02-25 17:30:06",
    "calendarYear": "2009",
    "period": "FY",
    "revenue": 147377000000,
    "costOfRevenue": 120625000000,
    "grossProfit": 26752000000,
    "grossProfitRatio": 0.1815208615,
    "researchAndDevelopmentExpenses": 190000000,
    "generalAndAdministrativeExpenses": 0,
    "sellingAndMarketingExpenses": 0,
    "sellingGeneralAndAdministrativeExpenses": 1830000000,
    "otherExpenses": 15339000000,
    "operatingExpenses": 17359000000,
    "costAndExpenses": 137984000000,
    "interestIncome": 227000000,
    "interestExpense": 1711000000,
    "depreciationAndAmortization": 9901000000,
    "ebitda": 21194000000,
    "ebitdaratio": 0.1438080569,
    "operatingIncome": 9393000000,
    "operatingIncomeRatio": 0.063734504,
    "totalOtherIncomeExpensesNet": 189000000,
    "incomeBeforeTax": 10032000000,
    "incomeBeforeTaxRatio": 0.068070323,
    "incomeTaxExpense": 5096000000,
    "netIncome": 4414000000,
    "netIncomeRatio": 0.0299503993,
    "eps": 2.96,
    "epsdiluted": 2.94,
    "weightedAverageShsOut": 1487650000,
    "weightedAverageShsOutDil": 1497608000,
    "link": "https://www.sec.gov/Archives/edgar/data/1163165/000095012310017187/0000950123-10-017187-index.htm",
    "finalLink": "https://www.sec.gov/Archives/edgar/data/1163165/000095012310017187/h69477e10vk.htm"
  },
  {
    "date": "2008-12-31",
    "symbol": "COP",
    "reportedCurrency": "USD",
    "cik": "0001163165",
    "fillingDate": "2009-02-25",
    "acceptedDate": "2009-02-25 17:24:43",
    "calendarYear": "2008",
    "period": "FY",
    "revenue": 240831000000,
    "costOfRevenue": 190825000000,
    "grossProfit": 50006000000,
    "grossProfitRatio": 0.207639382,
    "researchAndDevelopmentExpenses": 209000000,
    "generalAndAdministrativeExpenses": 0,
    "sellingAndMarketingExpenses": 0,
    "sellingGeneralAndAdministrativeExpenses": 2229000000,
    "otherExpenses": 20428000000,
    "operatingExpenses": 22866000000,
    "costAndExpenses": 213691000000,
    "interestIncome": 245000000,
    "interestExpense": 1353000000,
    "depreciationAndAmortization": 9710000000,
    "ebitda": 7540000000,
    "ebitdaratio": 0.0313082618,
    "operatingIncome": 27140000000,
    "operatingIncomeRatio": 0.1126931334,
    "totalOtherIncomeExpensesNet": -30663000000,
    "incomeBeforeTax": -3593000000,
    "incomeBeforeTaxRatio": -0.0149191757,
    "incomeTaxExpense": 13405000000,
    "netIncome": -16998000000,
    "netIncomeRatio": -0.0705806146,
    "eps": -11.16,
    "epsdiluted": -11.16,
    "weightedAverageShsOut": 1523432000,
    "weightedAverageShsOutDil": 1523432000,
    "link": "https://www.sec.gov/Archives/edgar/data/1163165/000136231009002769/0001362310-09-002769-index.htm",
    "finalLink": "https://www.sec.gov/Archives/edgar/data/1163165/000136231009002769/c81244e10vk.htm"
  },
  {
    "date": "2007-12-31",
    "symbol": "COP",
    "reportedCurrency": "USD",
    "cik": "0001163165",
    "fillingDate": "2008-02-22",
    "acceptedDate": "2008-02-21 21:49:43",
    "calendarYear": "2007",
    "period": "FY",
    "revenue": 187437000000,
    "costOfRevenue": 143417000000,
    "grossProfit": 44020000000,
    "grossProfitRatio": 0.2348522437,
    "researchAndDevelopmentExpenses": 160000000,
    "generalAndAdministrativeExpenses": 0,
    "sellingAndMarketingExpenses": 0,
    "sellingGeneralAndAdministrativeExpenses": 3313000000,
    "otherExpenses": 17823000000,
    "operatingExpenses": 21296000000,
    "costAndExpenses": 164713000000,
    "interestIncome": 342000000,
    "interestExpense": 1594000000,
    "depreciationAndAmortization": 8761000000,
    "ebitda": 33714000000,
    "ebitdaratio": 0.1798684358,
    "operatingIncome": 22724000000,
    "operatingIncomeRatio": 0.1212354018,
    "totalOtherIncomeExpensesNet": 635000000,
    "incomeBeforeTax": 23272000000,
    "incomeBeforeTaxRatio": 0.1241590508,
    "incomeTaxExpense": 11381000000,
    "netIncome": 11891000000,
    "netIncomeRatio": 0.0634399825,
    "eps": 7.32,
    "epsdiluted": 7.22,
    "weightedAverageShsOut": 1623994000,
    "weightedAverageShsOutDil": 1645919000,
    "link": "https://www.sec.gov/Archives/edgar/data/1163165/000095012908001094/0000950129-08-001094-index.htm",
    "finalLink": "https://www.sec.gov/Archives/edgar/data/1163165/000095012908001094/h53977e10vk.htm"
  },
  {
    "date": "2006-12-31",
    "symbol": "COP",
    "reportedCurrency": "USD",
    "cik": "0001163165",
    "fillingDate": "2007-02-23",
    "acceptedDate": "2007-02-23 10:38:06",
    "calendarYear": "2006",
    "period": "FY",
    "revenue": 183650000000,
    "costOfRevenue": 137430000000,
    "grossProfit": 46220000000,
    "grossProfitRatio": 0.2516743806,
    "researchAndDevelopmentExpenses": 117000000,
    "generalAndAdministrativeExpenses": 0,
    "sellingAndMarketingExpenses": 0,
    "sellingGeneralAndAdministrativeExpenses": 3310000000,
    "otherExpenses": 17236000000,
    "operatingExpenses": 20663000000,
    "costAndExpenses": 158093000000,
    "interestIncome": 0,
    "interestExpense": 1368000000,
    "depreciationAndAmortization": 7635000000,
    "ebitda": 37412000000,
    "ebitdaratio": 0.2037135856,
    "operatingIncome": 25557000000,
    "operatingIncomeRatio": 0.1391614484,
    "totalOtherIncomeExpensesNet": 2852000000,
    "incomeBeforeTax": 28333000000,
    "incomeBeforeTaxRatio": 0.1542771576,
    "incomeTaxExpense": 12783000000,
    "netIncome": 15550000000,
    "netIncomeRatio": 0.0846719303,
    "eps": 9.8,
    "epsdiluted": 9.66,
    "weightedAverageShsOut": 1585982000,
    "weightedAverageShsOutDil": 1609530000,
    "link": "https://www.sec.gov/Archives/edgar/data/1163165/000110465907013338/0001104659-07-013338-index.htm",
    "finalLink": "https://www.sec.gov/Archives/edgar/data/1163165/000110465907013338/a07-4741_110k.htm"
  },
  {
    "date": "2005-12-31",
    "symbol": "COP",
    "reportedCurrency": "USD",
    "cik": "0001163165",
    "fillingDate": "2006-02-27",
    "acceptedDate": "2006-02-27 06:22:03",
    "calendarYear": "2005",
    "period": "FY",
    "revenue": 179442000000,
    "costOfRevenue": 138401000000,
    "grossProfit": 41041000000,
    "grossProfitRatio": 0.2287145707,
    "researchAndDevelopmentExpenses": 125000000,
    "generalAndAdministrativeExpenses": 0,
    "sellingAndMarketingExpenses": 0,
    "sellingGeneralAndAdministrativeExpenses": 2908000000,
    "otherExpenses": 17570000000,
    "operatingExpenses": 20603000000,
    "costAndExpenses": 159004000000,
    "interestIncome": 0,
    "interestExpense": 690000000,
    "depreciationAndAmortization": 4602000000,
    "ebitda": 28872000000,
    "ebitdaratio": 0.1608987862,
    "operatingIncome": 20438000000,
    "operatingIncomeRatio": 0.1138975268,
    "totalOtherIncomeExpensesNet": 3142000000,
    "incomeBeforeTax": 23547000000,
    "incomeBeforeTaxRatio": 0.1312234594,
    "incomeTaxExpense": 9907000000,
    "netIncome": 13617000000,
    "netIncomeRatio": 0.0758852443,
    "eps": 9.71,
    "epsdiluted": 9.55,
    "weightedAverageShsOut": 1393371000,
    "weightedAverageShsOutDil": 1417028000,
    "link": "https://www.sec.gov/Archives/edgar/data/1163165/000110465906012015/0001104659-06-012015-index.htm",
    "finalLink": "https://www.sec.gov/Archives/edgar/data/1163165/000110465906012015/a06-2522_110k.htm"
  },
  {
    "date": "2004-12-31",
    "symbol": "COP",
    "reportedCurrency": "USD",
    "cik": "0001163165",
    "fillingDate": "2005-02-25",
    "acceptedDate": "2005-02-25 15:09:37",
    "calendarYear": "2004",
    "period": "FY",
    "revenue": 118719000000,
    "costOfRevenue": 102055000000,
    "grossProfit": 16664000000,
    "grossProfitRatio": 0.1403650637,
    "researchAndDevelopmentExpenses": 126000000,
    "generalAndAdministrativeExpenses": 0,
    "sellingAndMarketingExpenses": 0,
    "sellingGeneralAndAdministrativeExpenses": 2128000000,
    "otherExpenses": 1004000000,
    "operatingExpenses": 3258000000,
    "costAndExpenses": 105313000000,
    "interestIncome": 0,
    "interestExpense": 546000000,
    "depreciationAndAmortization": 3798000000,
    "ebitda": 18745000000,
    "ebitdaratio": 0.1578938502,
    "operatingIncome": 13406000000,
    "operatingIncomeRatio": 0.1129221102,
    "totalOtherIncomeExpensesNet": 995000000,
    "incomeBeforeTax": 14369000000,
    "incomeBeforeTaxRatio": 0.1210337014,
    "incomeTaxExpense": 6262000000,
    "netIncome": 8107000000,
    "netIncomeRatio": 0.0682873003,
    "eps": 5.88,
    "epsdiluted": 5.8,
    "weightedAverageShsOut": 1381568000,
    "weightedAverageShsOutDil": 1401300000,
    "link": "https://www.sec.gov/Archives/edgar/data/1163165/000095012905001641/0000950129-05-001641-index.htm",
    "finalLink": "https://www.sec.gov/Archives/edgar/data/1163165/000095012905001641/h22551e10vk.htm"
  },
  {
    "date": "2003-12-31",
    "symbol": "COP",
    "reportedCurrency": "USD",
    "cik": "0001163165",
    "fillingDate": "2004-03-02",
    "acceptedDate": "2004-03-01 21:56:31",
    "calendarYear": "2003",
    "period": "FY",
    "revenue": 105097000000,
    "costOfRevenue": 75220000000,
    "grossProfit": 29877000000,
    "grossProfitRatio": 0.2842802364,
    "researchAndDevelopmentExpenses": 0,
    "generalAndAdministrativeExpenses": 0,
    "sellingAndMarketingExpenses": 0,
    "sellingGeneralAndAdministrativeExpenses": 2179000000,
    "otherExpenses": 4459000000,
    "operatingExpenses": 6638000000,
    "costAndExpenses": 81858000000,
    "interestIncome": 0,
    "interestExpense": 197000000,
    "depreciationAndAmortization": 3485000000,
    "ebitda": 26724000000,
    "ebitdaratio": 0.25427938,
    "operatingIncome": 23239000000,
    "operatingIncomeRatio": 0.2211195372,
    "totalOtherIncomeExpensesNet": -14902000000,
    "incomeBeforeTax": 8337000000,
    "incomeBeforeTaxRatio": 0.0793267172,
    "incomeTaxExpense": 3744000000,
    "netIncome": 4735000000,
    "netIncomeRatio": 0.0450536171,
    "eps": 3.48,
    "epsdiluted": 3.46,
    "weightedAverageShsOut": 1360980000,
    "weightedAverageShsOutDil": 1370866000,
    "link": "https://www.sec.gov/Archives/edgar/data/1163165/000095013404002756/0000950134-04-002756-index.htm",
    "finalLink": "https://www.sec.gov/Archives/edgar/data/1163165/000095013404002756/h12939e10vk.htm"
  },
  {
    "date": "2002-12-31",
    "symbol": "COP",
    "reportedCurrency": "USD",
    "cik": "0001163165",
    "fillingDate": "2003-03-26",
    "acceptedDate": "2003-03-26 14:39:50",
    "calendarYear": "2002",
    "period": "FY",
    "revenue": 57201000000,
    "costOfRevenue": 42521000000,
    "grossProfit": 14680000000,
    "grossProfitRatio": 0.2566388699,
    "researchAndDevelopmentExpenses": 0,
    "generalAndAdministrativeExpenses": 0,
    "sellingAndMarketingExpenses": 0,
    "sellingGeneralAndAdministrativeExpenses": 2542000000,
    "otherExpenses": 2924000000,
    "operatingExpenses": 5466000000,
    "costAndExpenses": 47987000000,
    "interestIncome": 0,
    "interestExpense": 0,
    "depreciationAndAmortization": 2245000000,
    "ebitda": 11437000000,
    "ebitdaratio": 0.1999440569,
    "operatingIncome": 9214000000,
    "operatingIncomeRatio": 0.1610811,
    "totalOtherIncomeExpensesNet": -7073000000,
    "incomeBeforeTax": 2164000000,
    "incomeBeforeTaxRatio": 0.0378315064,
    "incomeTaxExpense": 1450000000,
    "netIncome": -295000000,
    "netIncomeRatio": -0.0051572525,
    "eps": -0.31,
    "epsdiluted": -0.3,
    "weightedAverageShsOut": 964164000,
    "weightedAverageShsOutDil": 971010000,
    "link": "https://www.sec.gov/Archives/edgar/data/1163165/000095012903001563/0000950129-03-001563-index.htm",
    "finalLink": "https://www.sec.gov/Archives/edgar/data/1163165/000095012903001563/h03367e10vk.txt"
  },
  {
    "date": "2001-12-31",
    "symbol": "COP",
    "reportedCurrency": "USD",
    "cik": "0001163165",
    "fillingDate": "2001-12-31",
    "acceptedDate": "2001-12-30 19:00:00",
    "calendarYear": "2001",
    "period": "FY",
    "revenue": 25030000000,
    "costOfRevenue": 16351000000,
    "grossProfit": 8679000000,
    "grossProfitRatio": 0.3467439073,
    "researchAndDevelopmentExpenses": 0,
    "generalAndAdministrativeExpenses": 0,
    "sellingAndMarketingExpenses": 0,
    "sellingGeneralAndAdministrativeExpenses": 919000000,
    "otherExpenses": 4084000000,
    "operatingExpenses": 5003000000,
    "costAndExpenses": 21354000000,
    "interestIncome": 0,
    "interestExpense": 0,
    "depreciationAndAmortization": 1405000000,
    "ebitda": 5020000000,
    "ebitdaratio": 0.2005593288,
    "operatingIncome": 3676000000,
    "operatingIncomeRatio": 0.1468637635,
    "totalOtherIncomeExpensesNet": -435000000,
    "incomeBeforeTax": 3302000000,
    "incomeBeforeTaxRatio": 0.131921694,
    "incomeTaxExpense": 1659000000,
    "netIncome": 1661000000,
    "netIncomeRatio": 0.0663603676,
    "eps": 2.84,
    "epsdiluted": 2.82,
    "weightedAverageShsOut": 585928000,
    "weightedAverageShsOutDil": 590032000,
    "link": "",
    "finalLink": ""
  },
  {
    "date": "2000-12-31",
    "symbol": "COP",
    "reportedCurrency": "USD",
    "cik": "0001163165",
    "fillingDate": "2000-12-31",
    "acceptedDate": "2000-12-30 19:00:00",
    "calendarYear": "2000",
    "period": "FY",
    "revenue": 22539000000,
    "costOfRevenue": 13930000000,
    "grossProfit": 8609000000,
    "grossProfitRatio": 0.3819601579,
    "researchAndDevelopmentExpenses": 0,
    "generalAndAdministrativeExpenses": 0,
    "sellingAndMarketingExpenses": 0,
    "sellingGeneralAndAdministrativeExpenses": 869000000,
    "otherExpenses": 1630000000,
    "operatingExpenses": 2499000000,
    "costAndExpenses": 16429000000,
    "interestIncome": 0,
    "interestExpense": 0,
    "depreciationAndAmortization": 1179000000,
    "ebitda": 7279000000,
    "ebitdaratio": 0.3229513288,
    "operatingIncome": 6110000000,
    "operatingIncomeRatio": 0.2710856737,
    "totalOtherIncomeExpensesNet": -2362000000,
    "incomeBeforeTax": 3769000000,
    "incomeBeforeTaxRatio": 0.1672212609,
    "incomeTaxExpense": 1907000000,
    "netIncome": 1862000000,
    "netIncomeRatio": 0.0826123608,
    "eps": 3.66,
    "epsdiluted": 3.63,
    "weightedAverageShsOut": 508743169,
    "weightedAverageShsOutDil": 512947658,
    "link": "",
    "finalLink": ""
  },
  {
    "date": "1999-12-31",
    "symbol": "COP",
    "reportedCurrency": "USD",
    "cik": "0001163165",
    "fillingDate": "1999-12-31",
    "acceptedDate": "1999-12-30 19:00:00",
    "calendarYear": "1999",
    "period": "FY",
    "revenue": 13852000000,
    "costOfRevenue": 10435000000,
    "grossProfit": 3417000000,
    "grossProfitRatio": 0.2466791799,
    "researchAndDevelopmentExpenses": 0,
    "generalAndAdministrativeExpenses": 0,
    "sellingAndMarketingExpenses": 0,
    "sellingGeneralAndAdministrativeExpenses": 665000000,
    "otherExpenses": 1133000000,
    "operatingExpenses": 1798000000,
    "costAndExpenses": 12233000000,
    "interestIncome": 0,
    "interestExpense": 0,
    "depreciationAndAmortization": 902000000,
    "ebitda": 2521000000,
    "ebitdaratio": 0.1819953797,
    "operatingIncome": 1619000000,
    "operatingIncomeRatio": 0.1168784291,
    "totalOtherIncomeExpensesNet": -434000000,
    "incomeBeforeTax": 1185000000,
    "incomeBeforeTaxRatio": 0.0855472134,
    "incomeTaxExpense": 576000000,
    "netIncome": 609000000,
    "netIncomeRatio": 0.0439647704,
    "eps": 1.21,
    "epsdiluted": 1.2,
    "weightedAverageShsOut": 505654000,
    "weightedAverageShsOutDil": 508866000,
    "link": "",
    "finalLink": ""
  },
  {
    "date": "1998-12-31",
    "symbol": "COP",
    "reportedCurrency": "USD",
    "cik": "0001163165",
    "fillingDate": "1998-12-31",
    "acceptedDate": "1998-12-30 19:00:00",
    "calendarYear": "1998",
    "period": "FY",
    "revenue": 11845000000,
    "costOfRevenue": 8978000000,
    "grossProfit": 2867000000,
    "grossProfitRatio": 0.2420430561,
    "researchAndDevelopmentExpenses": 0,
    "generalAndAdministrativeExpenses": 0,
    "sellingAndMarketingExpenses": 0,
    "sellingGeneralAndAdministrativeExpenses": 697000000,
    "otherExpenses": 1125000000,
    "operatingExpenses": 1822000000,
    "costAndExpenses": 10800000000,
    "interestIncome": 0,
    "interestExpense": 0,
    "depreciationAndAmortization": 1302000000,
    "ebitda": 1944000000,
    "ebitdaratio": 0.1641198818,
    "operatingIncome": 1045000000,
    "operatingIncomeRatio": 0.0882228789,
    "totalOtherIncomeExpensesNet": -624000000,
    "incomeBeforeTax": 421000000,
    "incomeBeforeTaxRatio": 0.035542423,
    "incomeTaxExpense": 184000000,
    "netIncome": 237000000,
    "netIncomeRatio": 0.0200084424,
    "eps": 0.46,
    "epsdiluted": 0.46,
    "weightedAverageShsOut": 516548000,
    "weightedAverageShsOutDil": 520304000,
    "link": "",
    "finalLink": ""
  },
  {
    "date": "1997-12-31",
    "symbol": "COP",
    "reportedCurrency": "USD",
    "cik": "0001163165",
    "fillingDate": "1997-12-31",
    "acceptedDate": "1997-12-30 19:00:00",
    "calendarYear": "1997",
    "period": "FY",
    "revenue": 15424000000,
    "costOfRevenue": 11509000000,
    "grossProfit": 3915000000,
    "grossProfitRatio": 0.2538252075,
    "researchAndDevelopmentExpenses": 0,
    "generalAndAdministrativeExpenses": 0,
    "sellingAndMarketingExpenses": 0,
    "sellingGeneralAndAdministrativeExpenses": 660000000,
    "otherExpenses": 1058000000,
    "operatingExpenses": 1718000000,
    "costAndExpenses": 13227000000,
    "interestIncome": 0,
    "interestExpense": 0,
    "depreciationAndAmortization": 863000000,
    "ebitda": 2992000000,
    "ebitdaratio": 0.1939834025,
    "operatingIncome": 2197000000,
    "operatingIncomeRatio": 0.1424403527,
    "totalOtherIncomeExpensesNet": -297000000,
    "incomeBeforeTax": 1900000000,
    "incomeBeforeTaxRatio": 0.1231846473,
    "incomeTaxExpense": 941000000,
    "netIncome": 959000000,
    "netIncomeRatio": 0.0621758299,
    "eps": 1.82,
    "epsdiluted": 1.81,
    "weightedAverageShsOut": 526784000,
    "weightedAverageShsOutDil": 530838000,
    "link": "",
    "finalLink": ""
  },
  {
    "date": "1996-12-31",
    "symbol": "COP",
    "reportedCurrency": "USD",
    "cik": "0001163165",
    "fillingDate": "1996-12-31",
    "acceptedDate": "1996-12-30 19:00:00",
    "calendarYear": "1996",
    "period": "FY",
    "revenue": 15807000000,
    "costOfRevenue": 12228000000,
    "grossProfit": 3579000000,
    "grossProfitRatio": 0.2264186753,
    "researchAndDevelopmentExpenses": 0,
    "generalAndAdministrativeExpenses": 0,
    "sellingAndMarketingExpenses": 0,
    "sellingGeneralAndAdministrativeExpenses": 509000000,
    "otherExpenses": 1205000000,
    "operatingExpenses": 1714000000,
    "costAndExpenses": 13942000000,
    "interestIncome": 0,
    "interestExpense": 0,
    "depreciationAndAmortization": 941000000,
    "ebitda": 2806000000,
    "ebitdaratio": 0.1775162903,
    "operatingIncome": 1865000000,
    "operatingIncomeRatio": 0.1179857025,
    "totalOtherIncomeExpensesNet": 307000000,
    "incomeBeforeTax": 2172000000,
    "incomeBeforeTaxRatio": 0.1374074777,
    "incomeTaxExpense": 869000000,
    "netIncome": 1303000000,
    "netIncomeRatio": 0.082431834,
    "eps": 2.48,
    "epsdiluted": 2.46,
    "weightedAverageShsOut": 525838000,
    "weightedAverageShsOutDil": 530512000,
    "link": "",
    "finalLink": ""
  },
  {
    "date": "1995-12-31",
    "symbol": "COP",
    "reportedCurrency": "USD",
    "cik": "0001163165",
    "fillingDate": "1995-12-31",
    "acceptedDate": "1995-12-30 19:00:00",
    "calendarYear": "1995",
    "period": "FY",
    "revenue": 13521000000,
    "costOfRevenue": 10523000000,
    "grossProfit": 2998000000,
    "grossProfitRatio": 0.221729162,
    "researchAndDevelopmentExpenses": 0,
    "generalAndAdministrativeExpenses": 0,
    "sellingAndMarketingExpenses": 0,
    "sellingGeneralAndAdministrativeExpenses": 500000000,
    "otherExpenses": 1137000000,
    "operatingExpenses": 1637000000,
    "costAndExpenses": 12160000000,
    "interestIncome": 0,
    "interestExpense": 0,
    "depreciationAndAmortization": 871000000,
    "ebitda": 2232000000,
    "ebitdaratio": 0.1650765476,
    "operatingIncome": 1361000000,
    "operatingIncomeRatio": 0.1006582353,
    "totalOtherIncomeExpensesNet": -297000000,
    "incomeBeforeTax": 1064000000,
    "incomeBeforeTaxRatio": 0.0786924044,
    "incomeTaxExpense": 595000000,
    "netIncome": 469000000,
    "netIncomeRatio": 0.0346867835,
    "eps": 0.9,
    "epsdiluted": 0.89,
    "weightedAverageShsOut": 523978000,
    "weightedAverageShsOutDil": 523978000,
    "link": "",
    "finalLink": ""
  },
  {
    "date": "1994-12-31",
    "symbol": "COP",
    "reportedCurrency": "USD",
    "cik": "0001163165",
    "fillingDate": "1994-12-31",
    "acceptedDate": "1994-12-30 19:00:00",
    "calendarYear": "1994",
    "period": "FY",
    "revenue": 12367000000,
    "costOfRevenue": 9710000000,
    "grossProfit": 2657000000,
    "grossProfitRatio": 0.214845961,
    "researchAndDevelopmentExpenses": 0,
    "generalAndAdministrativeExpenses": 0,
    "sellingAndMarketingExpenses": 0,
    "sellingGeneralAndAdministrativeExpenses": 478000000,
    "otherExpenses": 1065000000,
    "operatingExpenses": 1543000000,
    "costAndExpenses": 11253000000,
    "interestIncome": 0,
    "interestExpense": 0,
    "depreciationAndAmortization": 794000000,
    "ebitda": 1908000000,
    "ebitdaratio": 0.1542815558,
    "operatingIncome": 1114000000,
    "operatingIncomeRatio": 0.0900784345,
    "totalOtherIncomeExpensesNet": -262000000,
    "incomeBeforeTax": 852000000,
    "incomeBeforeTaxRatio": 0.0688930218,
    "incomeTaxExpense": 368000000,
    "netIncome": 484000000,
    "netIncomeRatio": 0.0391364114,
    "eps": 0.93,
    "epsdiluted": 0.92,
    "weightedAverageShsOut": 523058000,
    "weightedAverageShsOutDil": 523058000,
    "link": "",
    "finalLink": ""
  },
  {
    "date": "1993-12-31",
    "symbol": "COP",
    "reportedCurrency": "USD",
    "cik": "0001163165",
    "fillingDate": "1993-12-31",
    "acceptedDate": "1993-12-30 19:00:00",
    "calendarYear": "1993",
    "period": "FY",
    "revenue": 12545000000,
    "costOfRevenue": 9976000000,
    "grossProfit": 2569000000,
    "grossProfitRatio": 0.204782782,
    "researchAndDevelopmentExpenses": 0,
    "generalAndAdministrativeExpenses": 0,
    "sellingAndMarketingExpenses": 0,
    "sellingGeneralAndAdministrativeExpenses": 597000000,
    "otherExpenses": 1124000000,
    "operatingExpenses": 1721000000,
    "costAndExpenses": 11697000000,
    "interestIncome": 0,
    "interestExpense": 0,
    "depreciationAndAmortization": 841000000,
    "ebitda": 1689000000,
    "ebitdaratio": 0.1346353129,
    "operatingIncome": 848000000,
    "operatingIncomeRatio": 0.0675966521,
    "totalOtherIncomeExpensesNet": -310000000,
    "incomeBeforeTax": 538000000,
    "incomeBeforeTaxRatio": 0.0428856118,
    "incomeTaxExpense": 293000000,
    "netIncome": 243000000,
    "netIncomeRatio": 0.019370267,
    "eps": 0.47,
    "epsdiluted": 0.46,
    "weightedAverageShsOut": 522030000,
    "weightedAverageShsOutDil": 522030000,
    "link": "",
    "finalLink": ""
  },
  {
    "date": "1992-12-31",
    "symbol": "COP",
    "reportedCurrency": "USD",
    "cik": "0001163165",
    "fillingDate": "1992-12-31",
    "acceptedDate": "1992-12-30 19:00:00",
    "calendarYear": "1992",
    "period": "FY",
    "revenue": 12140000000,
    "costOfRevenue": 9512000000,
    "grossProfit": 2628000000,
    "grossProfitRatio": 0.2164744646,
    "researchAndDevelopmentExpenses": 0,
    "generalAndAdministrativeExpenses": 0,
    "sellingAndMarketingExpenses": 0,
    "sellingGeneralAndAdministrativeExpenses": 609000000,
    "otherExpenses": 1130000000,
    "operatingExpenses": 1739000000,
    "costAndExpenses": 11251000000,
    "interestIncome": 0,
    "interestExpense": 0,
    "depreciationAndAmortization": 820000000,
    "ebitda": 1709000000,
    "ebitdaratio": 0.1407742998,
    "operatingIncome": 889000000,
    "operatingIncomeRatio": 0.0732289951,
    "totalOtherIncomeExpensesNet": -378000000,
    "incomeBeforeTax": 511000000,
    "incomeBeforeTaxRatio": 0.042092257,
    "incomeTaxExpense": 241000000,
    "netIncome": 180000000,
    "netIncomeRatio": 0.0148270181,
    "eps": 0.35,
    "epsdiluted": 0.35,
    "weightedAverageShsOut": 521739130,
    "weightedAverageShsOutDil": 521739130,
    "link": "",
    "finalLink": ""
  },
  {
    "date": "1991-12-31",
    "symbol": "COP",
    "reportedCurrency": "USD",
    "cik": "0001163165",
    "fillingDate": "1991-12-31",
    "acceptedDate": "1991-12-30 19:00:00",
    "calendarYear": "1991",
    "period": "FY",
    "revenue": 13259000000,
    "costOfRevenue": 10333000000,
    "grossProfit": 2926000000,
    "grossProfitRatio": 0.2206802926,
    "researchAndDevelopmentExpenses": 0,
    "generalAndAdministrativeExpenses": 0,
    "sellingAndMarketingExpenses": 0,
    "sellingGeneralAndAdministrativeExpenses": 562000000,
    "otherExpenses": 1456000000,
    "operatingExpenses": 2018000000,
    "costAndExpenses": 12351000000,
    "interestIncome": 0,
    "interestExpense": 0,
    "depreciationAndAmortization": 1190000000,
    "ebitda": 2098000000,
    "ebitdaratio": 0.1582321442,
    "operatingIncome": 908000000,
    "operatingIncomeRatio": 0.068481786,
    "totalOtherIncomeExpensesNet": -457000000,
    "incomeBeforeTax": 451000000,
    "incomeBeforeTaxRatio": 0.0340146316,
    "incomeTaxExpense": 353000000,
    "netIncome": 258000000,
    "netIncomeRatio": 0.019458481,
    "eps": 0.5,
    "epsdiluted": 0.5,
    "weightedAverageShsOut": 521212121,
    "weightedAverageShsOutDil": 521212121,
    "link": "",
    "finalLink": ""
  },
  {
    "date": "1990-12-31",
    "symbol": "COP",
    "reportedCurrency": "USD",
    "cik": "0001163165",
    "fillingDate": "1990-12-31",
    "acceptedDate": "1990-12-30 19:00:00",
    "calendarYear": "1990",
    "period": "FY",
    "revenue": 13975000000,
    "costOfRevenue": 10590000000,
    "grossProfit": 3385000000,
    "grossProfitRatio": 0.2422182469,
    "researchAndDevelopmentExpenses": 0,
    "generalAndAdministrativeExpenses": 0,
    "sellingAndMarketingExpenses": 0,
    "sellingGeneralAndAdministrativeExpenses": 540000000,
    "otherExpenses": 1038000000,
    "operatingExpenses": 1578000000,
    "costAndExpenses": 12168000000,
    "interestIncome": 0,
    "interestExpense": 0,
    "depreciationAndAmortization": 808000000,
    "ebitda": 2615000000,
    "ebitdaratio": 0.1871198569,
    "operatingIncome": 1807000000,
    "operatingIncomeRatio": 0.1293023256,
    "totalOtherIncomeExpensesNet": -620000000,
    "incomeBeforeTax": 1187000000,
    "incomeBeforeTaxRatio": 0.0849373882,
    "incomeTaxExpense": 646000000,
    "netIncome": 779000000,
    "netIncomeRatio": 0.0557423971,
    "eps": 1.57,
    "epsdiluted": 1.57,
    "weightedAverageShsOut": 497763578,
    "weightedAverageShsOutDil": 497763578,
    "link": "",
    "finalLink": ""
  },
  {
    "date": "1989-12-31",
    "symbol": "COP",
    "reportedCurrency": "USD",
    "cik": "0001163165",
    "fillingDate": "1989-12-31",
    "acceptedDate": "1989-12-30 19:00:00",
    "calendarYear": "1989",
    "period": "FY",
    "revenue": 12492000000,
    "costOfRevenue": 9497000000,
    "grossProfit": 2995000000,
    "grossProfitRatio": 0.2397534422,
    "researchAndDevelopmentExpenses": 0,
    "generalAndAdministrativeExpenses": 0,
    "sellingAndMarketingExpenses": 0,
    "sellingGeneralAndAdministrativeExpenses": 517000000,
    "otherExpenses": 1297000000,
    "operatingExpenses": 1814000000,
    "costAndExpenses": 11311000000,
    "interestIncome": 0,
    "interestExpense": 0,
    "depreciationAndAmortization": 1106000000,
    "ebitda": 2287000000,
    "ebitdaratio": 0.1830771694,
    "operatingIncome": 1181000000,
    "operatingIncomeRatio": 0.0945405059,
    "totalOtherIncomeExpensesNet": -645000000,
    "incomeBeforeTax": 536000000,
    "incomeBeforeTaxRatio": 0.0429074608,
    "incomeTaxExpense": 317000000,
    "netIncome": 219000000,
    "netIncomeRatio": 0.01753122,
    "eps": 0.45,
    "epsdiluted": 0.45,
    "weightedAverageShsOut": 486666667,
    "weightedAverageShsOutDil": 486666667,
    "link": "",
    "finalLink": ""
  },
  {
    "date": "1988-12-31",
    "symbol": "COP",
    "reportedCurrency": "USD",
    "cik": "0001163165",
    "fillingDate": "1988-12-31",
    "acceptedDate": "1988-12-30 19:00:00",
    "calendarYear": "1988",
    "period": "FY",
    "revenue": 11490000000,
    "costOfRevenue": 8170000000,
    "grossProfit": 3320000000,
    "grossProfitRatio": 0.2889469104,
    "researchAndDevelopmentExpenses": 0,
    "generalAndAdministrativeExpenses": 0,
    "sellingAndMarketingExpenses": 0,
    "sellingGeneralAndAdministrativeExpenses": 439000000,
    "otherExpenses": 1078000000,
    "operatingExpenses": 1517000000,
    "costAndExpenses": 9687000000,
    "interestIncome": 0,
    "interestExpense": 0,
    "depreciationAndAmortization": 868000000,
    "ebitda": 2671000000,
    "ebitdaratio": 0.2324630113,
    "operatingIncome": 1803000000,
    "operatingIncomeRatio": 0.1569190601,
    "totalOtherIncomeExpensesNet": -688000000,
    "incomeBeforeTax": 1115000000,
    "incomeBeforeTaxRatio": 0.0970409051,
    "incomeTaxExpense": 465000000,
    "netIncome": 650000000,
    "netIncomeRatio": 0.0565709312,
    "eps": 1.36,
    "epsdiluted": 1.36,
    "weightedAverageShsOut": 477941176,
    "weightedAverageShsOutDil": 477941176,
    "link": "",
    "finalLink": ""
  },
  {
    "date": "1987-12-31",
    "symbol": "COP",
    "reportedCurrency": "USD",
    "cik": "0001163165",
    "fillingDate": "1987-12-31",
    "acceptedDate": "1987-12-30 19:00:00",
    "calendarYear": "1987",
    "period": "FY",
    "revenue": 10721000000,
    "costOfRevenue": 8370000000,
    "grossProfit": 2351000000,
    "grossProfitRatio": 0.2192892454,
    "researchAndDevelopmentExpenses": 0,
    "generalAndAdministrativeExpenses": 0,
    "sellingAndMarketingExpenses": 0,
    "sellingGeneralAndAdministrativeExpenses": 370000000,
    "otherExpenses": 1139000000,
    "operatingExpenses": 1509000000,
    "costAndExpenses": 9879000000,
    "interestIncome": 0,
    "interestExpense": 0,
    "depreciationAndAmortization": 922000000,
    "ebitda": 1764000000,
    "ebitdaratio": 0.1645368902,
    "operatingIncome": 842000000,
    "operatingIncomeRatio": 0.0785374499,
    "totalOtherIncomeExpensesNet": -576000000,
    "incomeBeforeTax": 266000000,
    "incomeBeforeTaxRatio": 0.0248111184,
    "incomeTaxExpense": 231000000,
    "netIncome": 35000000,
    "netIncomeRatio": 0.0032646208,
    "eps": 0.03,
    "epsdiluted": 0.03,
    "weightedAverageShsOut": 590000000,
    "weightedAverageShsOutDil": 590000000,
    "link": "",
    "finalLink": ""
  },
  {
    "date": "1986-12-31",
    "symbol": "COP",
    "reportedCurrency": "USD",
    "cik": "0001163165",
    "fillingDate": "1986-12-31",
    "acceptedDate": "1986-12-30 19:00:00",
    "calendarYear": "1986",
    "period": "FY",
    "revenue": 9786000000,
    "costOfRevenue": 7396000000,
    "grossProfit": 2390000000,
    "grossProfitRatio": 0.2442264459,
    "researchAndDevelopmentExpenses": 0,
    "generalAndAdministrativeExpenses": 0,
    "sellingAndMarketingExpenses": 0,
    "sellingGeneralAndAdministrativeExpenses": 308000000,
    "otherExpenses": 1307000000,
    "operatingExpenses": 1615000000,
    "costAndExpenses": 9011000000,
    "interestIncome": 0,
    "interestExpense": 0,
    "depreciationAndAmortization": 1097000000,
    "ebitda": 1872000000,
    "ebitdaratio": 0.1912936849,
    "operatingIncome": 775000000,
    "operatingIncomeRatio": 0.079194768,
    "totalOtherIncomeExpensesNet": -83000000,
    "incomeBeforeTax": 692000000,
    "incomeBeforeTaxRatio": 0.0707132638,
    "incomeTaxExpense": 458000000,
    "netIncome": 234000000,
    "netIncomeRatio": 0.0239117106,
    "eps": 0.46,
    "epsdiluted": 0.46,
    "weightedAverageShsOut": 457142857,
    "weightedAverageShsOutDil": 457142857,
    "link": "",
    "finalLink": ""
  },
  {
    "date": "1985-12-31",
    "symbol": "COP",
    "reportedCurrency": "USD",
    "cik": "0001163165",
    "fillingDate": "1985-12-31",
    "acceptedDate": "1985-12-30 19:00:00",
    "calendarYear": "1985",
    "period": "FY",
    "revenue": 15673000000,
    "costOfRevenue": 11319000000,
    "grossProfit": 4354000000,
    "grossProfitRatio": 0.2778025904,
    "researchAndDevelopmentExpenses": 0,
    "generalAndAdministrativeExpenses": 0,
    "sellingAndMarketingExpenses": 0,
    "sellingGeneralAndAdministrativeExpenses": 412000000,
    "otherExpenses": 1450000000,
    "operatingExpenses": 1862000000,
    "costAndExpenses": 13181000000,
    "interestIncome": 0,
    "interestExpense": 0,
    "depreciationAndAmortization": 1044000000,
    "ebitda": 3536000000,
    "ebitdaratio": 0.2256109232,
    "operatingIncome": 2492000000,
    "operatingIncomeRatio": 0.1589995534,
    "totalOtherIncomeExpensesNet": -539000000,
    "incomeBeforeTax": 1953000000,
    "incomeBeforeTaxRatio": 0.1246092005,
    "incomeTaxExpense": 1357000000,
    "netIncome": 418000000,
    "netIncomeRatio": 0.0266700695,
    "eps": 0.72,
    "epsdiluted": 0.72,
    "weightedAverageShsOut": 454282000,
    "weightedAverageShsOutDil": 454282000,
    "link": "",
    "finalLink": ""
  }
]