[
  {
    "date": "2025-06-30",
    "symbol": "COR",
    "reportedCurrency": "USD",
    "cik": "0001140859",
    "fillingDate": "2025-08-06",
    "acceptedDate": "2025-08-06 14:27:19",
    "calendarYear": "2025",
    "period": "Q3",
    "revenue": 80663532000,
    "costOfRevenue": 78005131000,
    "grossProfit": 2658401000,
    "grossProfitRatio": 0.032956665,
    "researchAndDevelopmentExpenses": 0,
    "generalAndAdministrativeExpenses": 0,
    "sellingAndMarketingExpenses": 0,
    "sellingGeneralAndAdministrativeExpenses": 1672881000,
    "otherExpenses": 0,
    "operatingExpenses": 1672881000,
    "costAndExpenses": 79678012000,
    "interestIncome": 35102000,
    "interestExpense": 116896000,
    "depreciationAndAmortization": 256223000,
    "ebitda": 1269396000,
    "ebitdaratio": 0.0157369256,
    "operatingIncome": 985520000,
    "operatingIncomeRatio": 0.0122176649,
    "totalOtherIncomeExpensesNet": -89243000,
    "incomeBeforeTax": 896277000,
    "incomeBeforeTaxRatio": 0.0111113037,
    "incomeTaxExpense": 206528000,
    "netIncome": 687402000,
    "netIncomeRatio": 0.0085218436,
    "eps": 3.55,
    "epsdiluted": 3.52,
    "weightedAverageShsOut": 193794000,
    "weightedAverageShsOutDil": 195172000,
    "link": "https://www.sec.gov/Archives/edgar/data/1140859/000114085925000122/0001140859-25-000122-index.htm",
    "finalLink": "https://www.sec.gov/Archives/edgar/data/1140859/000114085925000122/cor-20250630.htm"
  },
  {
    "date": "2025-03-31",
    "symbol": "COR",
    "reportedCurrency": "USD",
    "cik": "0001140859",
    "fillingDate": "2025-05-07",
    "acceptedDate": "2025-05-07 13:48:31",
    "calendarYear": "2025",
    "period": "Q2",
    "revenue": 75453673000,
    "costOfRevenue": 72837849000,
    "grossProfit": 2615824000,
    "grossProfitRatio": 0.0346679478,
    "researchAndDevelopmentExpenses": 0,
    "generalAndAdministrativeExpenses": 0,
    "sellingAndMarketingExpenses": 0,
    "sellingGeneralAndAdministrativeExpenses": 1600040000,
    "otherExpenses": 0,
    "operatingExpenses": 1600040000,
    "costAndExpenses": 74437889000,
    "interestIncome": 28330000,
    "interestExpense": 132318000,
    "depreciationAndAmortization": 261600000,
    "ebitda": 1322574000,
    "ebitdaratio": 0.0175282918,
    "operatingIncome": 1015784000,
    "operatingIncomeRatio": 0.0134623533,
    "totalOtherIncomeExpensesNet": -87128000,
    "incomeBeforeTax": 928656000,
    "incomeBeforeTaxRatio": 0.0123076315,
    "incomeTaxExpense": 211239000,
    "netIncome": 717871000,
    "netIncomeRatio": 0.009514063,
    "eps": 3.7043,
    "epsdiluted": 3.6796,
    "weightedAverageShsOut": 193796000,
    "weightedAverageShsOutDil": 195094000,
    "link": "https://www.sec.gov/Archives/edgar/data/1140859/000114085925000083/0001140859-25-000083-index.htm",
    "finalLink": "https://www.sec.gov/Archives/edgar/data/1140859/000114085925000083/cor-20250331.htm"
  },
  {
    "date": "2024-12-31",
    "symbol": "COR",
    "reportedCurrency": "USD",
    "cik": "0001140859",
    "fillingDate": "2025-02-05",
    "acceptedDate": "2025-02-05 14:09:29",
    "calendarYear": "2025",
    "period": "Q1",
    "revenue": 81487060000,
    "costOfRevenue": 79223229000,
    "grossProfit": 2263830999,
    "grossProfitRatio": 0.0277814784,
    "researchAndDevelopmentExpenses": 0,
    "generalAndAdministrativeExpenses": 0,
    "sellingAndMarketingExpenses": 0,
    "sellingGeneralAndAdministrativeExpenses": 1472055000,
    "otherExpenses": 0,
    "operatingExpenses": 1472055000,
    "costAndExpenses": 80695284000,
    "interestIncome": 33247999,
    "interestExpense": 61181000,
    "depreciationAndAmortization": 279409000,
    "ebitda": 961037000,
    "ebitdaratio": 0.0117937376,
    "operatingIncome": 791776000,
    "operatingIncomeRatio": 0.0097165857,
    "totalOtherIncomeExpensesNet": -171329000,
    "incomeBeforeTax": 620447000,
    "incomeBeforeTaxRatio": 0.0076140555,
    "incomeTaxExpense": 126728000,
    "netIncome": 488600000,
    "netIncomeRatio": 0.005996044,
    "eps": 2.5217,
    "epsdiluted": 2.5032,
    "weightedAverageShsOut": 193758000,
    "weightedAverageShsOutDil": 195188000,
    "link": "https://www.sec.gov/Archives/edgar/data/1140859/000114085925000034/0001140859-25-000034-index.htm",
    "finalLink": "https://www.sec.gov/Archives/edgar/data/1140859/000114085925000034/cor-20241231.htm"
  },
  {
    "date": "2024-09-30",
    "symbol": "COR",
    "reportedCurrency": "USD",
    "cik": "0001140859",
    "fillingDate": "2024-11-26",
    "acceptedDate": "2024-11-26 14:45:55",
    "calendarYear": "2024",
    "period": "Q4",
    "revenue": 79050106000,
    "costOfRevenue": 76886898000,
    "grossProfit": 2163208000,
    "grossProfitRatio": 0.0273650234,
    "researchAndDevelopmentExpenses": 0,
    "generalAndAdministrativeExpenses": 0,
    "sellingAndMarketingExpenses": 0,
    "sellingGeneralAndAdministrativeExpenses": 1490343000,
    "otherExpenses": 0,
    "operatingExpenses": 1490343000,
    "costAndExpenses": 78377241000,
    "interestIncome": 33351000,
    "interestExpense": 54320000,
    "depreciationAndAmortization": 278137000,
    "ebitda": 457633999,
    "ebitdaratio": 0.0057891636,
    "operatingIncome": 672865000,
    "operatingIncomeRatio": 0.0085118798,
    "totalOtherIncomeExpensesNet": -547688000,
    "incomeBeforeTax": 125177000,
    "incomeBeforeTaxRatio": 0.0015835146,
    "incomeTaxExpense": 117711000,
    "netIncome": 3382000,
    "netIncomeRatio": 0.000042783,
    "eps": 0.0172,
    "epsdiluted": 0.0171,
    "weightedAverageShsOut": 196270000,
    "weightedAverageShsOutDil": 198082000,
    "link": "https://www.sec.gov/Archives/edgar/data/1140859/000114085924000177/0001140859-24-000177-index.htm",
    "finalLink": "https://www.sec.gov/Archives/edgar/data/1140859/000114085924000177/cor-20240930.htm"
  },
  {
    "date": "2024-06-30",
    "symbol": "COR",
    "reportedCurrency": "USD",
    "cik": "0001140859",
    "fillingDate": "2024-07-31",
    "acceptedDate": "2024-07-31 16:05:22",
    "calendarYear": "2024",
    "period": "Q3",
    "revenue": 74241353000,
    "costOfRevenue": 72154776000,
    "grossProfit": 2086577000,
    "grossProfitRatio": 0.0281053202,
    "researchAndDevelopmentExpenses": 0,
    "generalAndAdministrativeExpenses": 0,
    "sellingAndMarketingExpenses": 0,
    "sellingGeneralAndAdministrativeExpenses": 1383206000,
    "otherExpenses": 0,
    "operatingExpenses": 1383206000,
    "costAndExpenses": 73537982000,
    "interestIncome": 27608000,
    "interestExpense": 58936000,
    "depreciationAndAmortization": 278932000,
    "ebitda": 966202000,
    "ebitdaratio": 0.0130143372,
    "operatingIncome": 703371000,
    "operatingIncomeRatio": 0.0094741134,
    "totalOtherIncomeExpensesNet": -75037000,
    "incomeBeforeTax": 628334000,
    "incomeBeforeTaxRatio": 0.0084633964,
    "incomeTaxExpense": 140740000,
    "netIncome": 483463000,
    "netIncomeRatio": 0.0065120446,
    "eps": 2.4385,
    "epsdiluted": 2.4168,
    "weightedAverageShsOut": 198260000,
    "weightedAverageShsOutDil": 200047000,
    "link": "https://www.sec.gov/Archives/edgar/data/1140859/000114085924000119/0001140859-24-000119-index.htm",
    "finalLink": "https://www.sec.gov/Archives/edgar/data/1140859/000114085924000119/cor-20240630.htm"
  },
  {
    "date": "2024-03-31",
    "symbol": "COR",
    "reportedCurrency": "USD",
    "cik": "0001140859",
    "fillingDate": "2024-03-31",
    "acceptedDate": "2024-03-30 20:00:00",
    "calendarYear": "2024",
    "period": "Q2",
    "revenue": 68414307000,
    "costOfRevenue": 66156729999,
    "grossProfit": 2257577000,
    "grossProfitRatio": 0.0329986095,
    "researchAndDevelopmentExpenses": 0,
    "generalAndAdministrativeExpenses": 0,
    "sellingAndMarketingExpenses": 0,
    "sellingGeneralAndAdministrativeExpenses": 1388810000,
    "otherExpenses": 0,
    "operatingExpenses": 1388810000,
    "costAndExpenses": 67545539999,
    "interestIncome": 12680000,
    "interestExpense": 76810000,
    "depreciationAndAmortization": 278071000,
    "ebitda": 821947000,
    "ebitdaratio": 0.012014256,
    "operatingIncome": 868767000,
    "operatingIncomeRatio": 0.0126986158,
    "totalOtherIncomeExpensesNet": -401701000,
    "incomeBeforeTax": 467066000,
    "incomeBeforeTaxRatio": 0.0068270223,
    "incomeTaxExpense": 45861000,
    "netIncome": 420775000,
    "netIncomeRatio": 0.0061503948,
    "eps": 2.1101,
    "epsdiluted": 2.0916,
    "weightedAverageShsOut": 199406000,
    "weightedAverageShsOutDil": 201177000,
    "link": null,
    "finalLink": null
  },
  {
    "date": "2023-12-31",
    "symbol": "COR",
    "reportedCurrency": "USD",
    "cik": "0001140859",
    "fillingDate": "2023-12-31",
    "acceptedDate": "2023-12-30 19:00:00",
    "calendarYear": "2024",
    "period": "Q1",
    "revenue": 72252833000,
    "costOfRevenue": 70102872000,
    "grossProfit": 2149961000,
    "grossProfitRatio": 0.0297560789,
    "researchAndDevelopmentExpenses": 0,
    "generalAndAdministrativeExpenses": 0,
    "sellingAndMarketingExpenses": 0,
    "sellingGeneralAndAdministrativeExpenses": 1398747000,
    "otherExpenses": 0,
    "operatingExpenses": 1398747000,
    "costAndExpenses": 71501619000,
    "interestIncome": 18052000,
    "interestExpense": 58616000,
    "depreciationAndAmortization": 276534000,
    "ebitda": 1118548000,
    "ebitdaratio": 0.0154810262,
    "operatingIncome": 751214000,
    "operatingIncomeRatio": 0.0103970179,
    "totalOtherIncomeExpensesNet": 32184000,
    "incomeBeforeTax": 783398000,
    "incomeBeforeTaxRatio": 0.0108424537,
    "incomeTaxExpense": 180390000,
    "netIncome": 601500000,
    "netIncomeRatio": 0.0083249331,
    "eps": 3.0063,
    "epsdiluted": 2.9801,
    "weightedAverageShsOut": 200081000,
    "weightedAverageShsOutDil": 201837000,
    "link": null,
    "finalLink": null
  },
  {
    "date": "2023-09-30",
    "symbol": "COR",
    "reportedCurrency": "USD",
    "cik": "0001140859",
    "fillingDate": "2023-09-30",
    "acceptedDate": "2023-09-29 20:00:00",
    "calendarYear": "2023",
    "period": "Q4",
    "revenue": 68922331000,
    "costOfRevenue": 67015687000,
    "grossProfit": 1906644000,
    "grossProfitRatio": 0.027663661,
    "researchAndDevelopmentExpenses": 0,
    "generalAndAdministrativeExpenses": 0,
    "sellingAndMarketingExpenses": 0,
    "sellingGeneralAndAdministrativeExpenses": 1393828000,
    "otherExpenses": 0,
    "operatingExpenses": 1393828000,
    "costAndExpenses": 68409515000,
    "interestIncome": 13164000,
    "interestExpense": 74106000,
    "depreciationAndAmortization": 276226000,
    "ebitda": 796755000,
    "ebitdaratio": 0.0115601865,
    "operatingIncome": 512816000,
    "operatingIncomeRatio": 0.0074404912,
    "totalOtherIncomeExpensesNet": -66393000,
    "incomeBeforeTax": 446423000,
    "incomeBeforeTaxRatio": 0.0064771895,
    "incomeTaxExpense": 97443000,
    "netIncome": 350565000,
    "netIncomeRatio": 0.0050863776,
    "eps": 1.7412,
    "epsdiluted": 1.7236,
    "weightedAverageShsOut": 201338000,
    "weightedAverageShsOutDil": 203395000,
    "link": null,
    "finalLink": null
  },
  {
    "date": "2023-06-30",
    "symbol": "COR",
    "reportedCurrency": "USD",
    "cik": "0001140859",
    "fillingDate": "2023-06-30",
    "acceptedDate": "2023-06-29 20:00:00",
    "calendarYear": "2023",
    "period": "Q3",
    "revenue": 66947043000,
    "costOfRevenue": 65075280000,
    "grossProfit": 1871763000,
    "grossProfitRatio": 0.02795886,
    "researchAndDevelopmentExpenses": 0,
    "generalAndAdministrativeExpenses": 0,
    "sellingAndMarketingExpenses": 0,
    "sellingGeneralAndAdministrativeExpenses": 1304141000,
    "otherExpenses": 0,
    "operatingExpenses": 1304141000,
    "costAndExpenses": 66379421000,
    "interestIncome": 10602000,
    "interestExpense": 68466000,
    "depreciationAndAmortization": 275439000,
    "ebitda": 952733000,
    "ebitdaratio": 0.0142311439,
    "operatingIncome": 567622000,
    "operatingIncomeRatio": 0.0084786717,
    "totalOtherIncomeExpensesNet": 41206000,
    "incomeBeforeTax": 608828000,
    "incomeBeforeTaxRatio": 0.0090941731,
    "incomeTaxExpense": 129615000,
    "netIncome": 479581000,
    "netIncomeRatio": 0.0071635875,
    "eps": 2.3701,
    "epsdiluted": 2.3466,
    "weightedAverageShsOut": 202349000,
    "weightedAverageShsOutDil": 204375000,
    "link": null,
    "finalLink": null
  },
  {
    "date": "2023-03-31",
    "symbol": "COR",
    "reportedCurrency": "USD",
    "cik": "0001140859",
    "fillingDate": "2023-03-31",
    "acceptedDate": "2023-03-31 00:00:00",
    "calendarYear": "2023",
    "period": "Q2",
    "revenue": 63457205000,
    "costOfRevenue": 61403229000,
    "grossProfit": 2053976000,
    "grossProfitRatio": 0.0323678927,
    "researchAndDevelopmentExpenses": 0,
    "generalAndAdministrativeExpenses": 0,
    "sellingAndMarketingExpenses": 0,
    "sellingGeneralAndAdministrativeExpenses": 1321087000,
    "otherExpenses": 0,
    "operatingExpenses": 1321087000,
    "costAndExpenses": 62724316000,
    "interestIncome": 8163000,
    "interestExpense": 72272000,
    "depreciationAndAmortization": 242127000,
    "ebitda": 826529000,
    "ebitdaratio": 0.0130249827,
    "operatingIncome": 732889000,
    "operatingIncomeRatio": 0.0115493426,
    "totalOtherIncomeExpensesNet": -220759000,
    "incomeBeforeTax": 512130000,
    "incomeBeforeTaxRatio": 0.0080704784,
    "incomeTaxExpense": 83917000,
    "netIncome": 435402000,
    "netIncomeRatio": 0.0068613485,
    "eps": 2.1521,
    "epsdiluted": 2.1316,
    "weightedAverageShsOut": 202316000,
    "weightedAverageShsOutDil": 204256000,
    "link": null,
    "finalLink": null
  },
  {
    "date": "2022-12-31",
    "symbol": "COR",
    "reportedCurrency": "USD",
    "cik": "0001140859",
    "fillingDate": "2022-12-31",
    "acceptedDate": "2022-12-31 00:00:00",
    "calendarYear": "2023",
    "period": "Q1",
    "revenue": 62846832000,
    "costOfRevenue": 60922718000,
    "grossProfit": 1924114000,
    "grossProfitRatio": 0.0306159267,
    "researchAndDevelopmentExpenses": 0,
    "generalAndAdministrativeExpenses": 0,
    "sellingAndMarketingExpenses": 0,
    "sellingGeneralAndAdministrativeExpenses": 1290928000,
    "otherExpenses": 0,
    "operatingExpenses": 1290928000,
    "costAndExpenses": 62213646000,
    "interestIncome": 14790000,
    "interestExpense": 60806000,
    "depreciationAndAmortization": 172730000,
    "ebitda": 826991000,
    "ebitdaratio": 0.0131588335,
    "operatingIncome": 633186000,
    "operatingIncomeRatio": 0.0100750663,
    "totalOtherIncomeExpensesNet": -39731000,
    "incomeBeforeTax": 593455000,
    "incomeBeforeTaxRatio": 0.0094428785,
    "incomeTaxExpense": 117285000,
    "netIncome": 479745000,
    "netIncomeRatio": 0.007633559,
    "eps": 2.3513,
    "epsdiluted": 2.3252,
    "weightedAverageShsOut": 204032000,
    "weightedAverageShsOutDil": 206327000,
    "link": null,
    "finalLink": null
  },
  {
    "date": "2022-09-30",
    "symbol": "COR",
    "reportedCurrency": "USD",
    "cik": "0001140859",
    "fillingDate": "2022-09-30",
    "acceptedDate": "2022-09-30 00:00:00",
    "calendarYear": "2022",
    "period": "Q4",
    "revenue": 61174149000,
    "costOfRevenue": 59359152000,
    "grossProfit": 1814997000,
    "grossProfitRatio": 0.0296693461,
    "researchAndDevelopmentExpenses": 0,
    "generalAndAdministrativeExpenses": 0,
    "sellingAndMarketingExpenses": 0,
    "sellingGeneralAndAdministrativeExpenses": 1263462000,
    "otherExpenses": 0,
    "operatingExpenses": 1263462000,
    "costAndExpenses": 60622614000,
    "interestIncome": 10798000,
    "interestExpense": 62321000,
    "depreciationAndAmortization": 170562000,
    "ebitda": 615223000,
    "ebitdaratio": 0.0100569115,
    "operatingIncome": 551535000,
    "operatingIncomeRatio": 0.0090158181,
    "totalOtherIncomeExpensesNet": -169195000,
    "incomeBeforeTax": 382340000,
    "incomeBeforeTaxRatio": 0.0062500256,
    "incomeTaxExpense": 83664000,
    "netIncome": 294737000,
    "netIncomeRatio": 0.0048179992,
    "eps": 1.4223,
    "epsdiluted": 1.4,
    "weightedAverageShsOut": 207222000,
    "weightedAverageShsOutDil": 209961000,
    "link": null,
    "finalLink": null
  },
  {
    "date": "2022-06-30",
    "symbol": "COR",
    "reportedCurrency": "USD",
    "cik": "0001140859",
    "fillingDate": "2022-06-30",
    "acceptedDate": "2022-06-30 00:00:00",
    "calendarYear": "2022",
    "period": "Q3",
    "revenue": 60064601000,
    "costOfRevenue": 58221346000,
    "grossProfit": 1843255000,
    "grossProfitRatio": 0.0306878755,
    "researchAndDevelopmentExpenses": 0,
    "generalAndAdministrativeExpenses": 0,
    "sellingAndMarketingExpenses": 0,
    "sellingGeneralAndAdministrativeExpenses": 1212152000,
    "otherExpenses": 0,
    "operatingExpenses": 1212152000,
    "costAndExpenses": 59433498000,
    "interestIncome": 4795000,
    "interestExpense": 57657000,
    "depreciationAndAmortization": 172843000,
    "ebitda": 706823000,
    "ebitdaratio": 0.0117677132,
    "operatingIncome": 631103000,
    "operatingIncomeRatio": 0.0105070705,
    "totalOtherIncomeExpensesNet": -154780000,
    "incomeBeforeTax": 476323000,
    "incomeBeforeTaxRatio": 0.0079301784,
    "incomeTaxExpense": 113120000,
    "netIncome": 406964000,
    "netIncomeRatio": 0.0067754383,
    "eps": 1.9483,
    "epsdiluted": 1.922,
    "weightedAverageShsOut": 208885000,
    "weightedAverageShsOutDil": 211738000,
    "link": null,
    "finalLink": null
  },
  {
    "date": "2022-03-31",
    "symbol": "COR",
    "reportedCurrency": "USD",
    "cik": "0001140859",
    "fillingDate": "2022-03-31",
    "acceptedDate": "2022-03-30 20:00:00",
    "calendarYear": "2022",
    "period": "Q2",
    "revenue": 57719446000,
    "costOfRevenue": 55659656000,
    "grossProfit": 2059790000,
    "grossProfitRatio": 0.03568624,
    "researchAndDevelopmentExpenses": 0,
    "generalAndAdministrativeExpenses": 0,
    "sellingAndMarketingExpenses": 0,
    "sellingGeneralAndAdministrativeExpenses": 1203238000,
    "otherExpenses": 0,
    "operatingExpenses": 1203238000,
    "costAndExpenses": 56862894000,
    "interestIncome": 2456000,
    "interestExpense": 55372000,
    "depreciationAndAmortization": 176701000,
    "ebitda": 960262000,
    "ebitdaratio": 0.0166367155,
    "operatingIncome": 856552000,
    "operatingIncomeRatio": 0.0148399207,
    "totalOtherIncomeExpensesNet": -128363000,
    "incomeBeforeTax": 728189000,
    "incomeBeforeTaxRatio": 0.0126160081,
    "incomeTaxExpense": 172944000,
    "netIncome": 548014000,
    "netIncomeRatio": 0.0094944432,
    "eps": 2.619,
    "epsdiluted": 2.5851,
    "weightedAverageShsOut": 209244000,
    "weightedAverageShsOutDil": 211991000,
    "link": null,
    "finalLink": null
  },
  {
    "date": "2021-12-31",
    "symbol": "COR",
    "reportedCurrency": "USD",
    "cik": "0001140859",
    "fillingDate": "2021-12-31",
    "acceptedDate": "2021-12-30 19:00:00",
    "calendarYear": "2022",
    "period": "Q1",
    "revenue": 59628810000,
    "costOfRevenue": 57744380000,
    "grossProfit": 1884430000,
    "grossProfitRatio": 0.0316026766,
    "researchAndDevelopmentExpenses": 0,
    "generalAndAdministrativeExpenses": 0,
    "sellingAndMarketingExpenses": 0,
    "sellingGeneralAndAdministrativeExpenses": 1170110000,
    "otherExpenses": 0,
    "operatingExpenses": 1170110000,
    "costAndExpenses": 58914490000,
    "interestIncome": 3260000,
    "interestExpense": 56632000,
    "depreciationAndAmortization": 177270000,
    "ebitda": 830107000,
    "ebitdaratio": 0.0139212404,
    "operatingIncome": 714320000,
    "operatingIncomeRatio": 0.0119794442,
    "totalOtherIncomeExpensesNet": -118115000,
    "incomeBeforeTax": 596205000,
    "incomeBeforeTaxRatio": 0.0099986064,
    "incomeTaxExpense": 146789000,
    "netIncome": 449105000,
    "netIncomeRatio": 0.0075316781,
    "eps": 2.1534,
    "epsdiluted": 2.1268,
    "weightedAverageShsOut": 208555000,
    "weightedAverageShsOutDil": 211168000,
    "link": null,
    "finalLink": null
  },
  {
    "date": "2021-09-30",
    "symbol": "COR",
    "reportedCurrency": "USD",
    "cik": "0001140859",
    "fillingDate": "2021-09-30",
    "acceptedDate": "2021-09-29 20:00:00",
    "calendarYear": "2021",
    "period": "Q4",
    "revenue": 58912421000,
    "costOfRevenue": 57042125000,
    "grossProfit": 1870296000,
    "grossProfitRatio": 0.0317470572,
    "researchAndDevelopmentExpenses": 0,
    "generalAndAdministrativeExpenses": 0,
    "sellingAndMarketingExpenses": 0,
    "sellingGeneralAndAdministrativeExpenses": 1215688000,
    "otherExpenses": 0,
    "operatingExpenses": 1215688000,
    "costAndExpenses": 58257813000,
    "interestIncome": 5175000,
    "interestExpense": 59771000,
    "depreciationAndAmortization": 177721000,
    "ebitda": 791428000,
    "ebitdaratio": 0.0134339752,
    "operatingIncome": 654608000,
    "operatingIncomeRatio": 0.0111115447,
    "totalOtherIncomeExpensesNet": -100672000,
    "incomeBeforeTax": 553936000,
    "incomeBeforeTaxRatio": 0.009402703,
    "incomeTaxExpense": 117488000,
    "netIncome": 437698000,
    "netIncomeRatio": 0.0074296386,
    "eps": 2.1053,
    "epsdiluted": 2.0763,
    "weightedAverageShsOut": 207900000,
    "weightedAverageShsOutDil": 210810000,
    "link": null,
    "finalLink": null
  },
  {
    "date": "2021-06-30",
    "symbol": "COR",
    "reportedCurrency": "USD",
    "cik": "0001140859",
    "fillingDate": "2021-07-30",
    "acceptedDate": "2021-07-30 07:19:20",
    "calendarYear": "2021",
    "period": "Q3",
    "revenue": 53405695000,
    "costOfRevenue": 51497190000,
    "grossProfit": 1908505000,
    "grossProfitRatio": 0.0357359828,
    "researchAndDevelopmentExpenses": 0,
    "generalAndAdministrativeExpenses": 0,
    "sellingAndMarketingExpenses": 0,
    "sellingGeneralAndAdministrativeExpenses": 913414000,
    "otherExpenses": 0,
    "operatingExpenses": 913414000,
    "costAndExpenses": 52410604000,
    "interestIncome": 1673000,
    "interestExpense": 53011000,
    "depreciationAndAmortization": 127953000,
    "ebitda": 754494000,
    "ebitdaratio": 0.0141275944,
    "operatingIncome": 995091000,
    "operatingIncomeRatio": 0.0186326758,
    "totalOtherIncomeExpensesNet": -421561000,
    "incomeBeforeTax": 573530000,
    "incomeBeforeTaxRatio": 0.0107391169,
    "incomeTaxExpense": 278082000,
    "netIncome": 292122000,
    "netIncomeRatio": 0.0054698661,
    "eps": 1.417,
    "epsdiluted": 1.3983,
    "weightedAverageShsOut": 206156000,
    "weightedAverageShsOutDil": 208912000,
    "link": "https://www.sec.gov/Archives/edgar/data/1490892/000155837021009655/0001558370-21-009655-index.htm",
    "finalLink": "https://www.sec.gov/Archives/edgar/data/1490892/000155837021009655/cor-20210630x10q.htm"
  },
  {
    "date": "2021-03-31",
    "symbol": "COR",
    "reportedCurrency": "USD",
    "cik": "0001140859",
    "fillingDate": "2021-04-30",
    "acceptedDate": "2021-04-30 07:19:01",
    "calendarYear": "2021",
    "period": "Q2",
    "revenue": 49154171000,
    "costOfRevenue": 47721587000,
    "grossProfit": 1432584000,
    "grossProfitRatio": 0.0291447088,
    "researchAndDevelopmentExpenses": 0,
    "generalAndAdministrativeExpenses": 0,
    "sellingAndMarketingExpenses": 0,
    "sellingGeneralAndAdministrativeExpenses": 730081000,
    "otherExpenses": 0,
    "operatingExpenses": 730081000,
    "costAndExpenses": 48451668000,
    "interestIncome": 658000,
    "interestExpense": 35184000,
    "depreciationAndAmortization": 103066000,
    "ebitda": 704761000,
    "ebitdaratio": 0.014337766,
    "operatingIncome": 702503000,
    "operatingIncomeRatio": 0.0142918289,
    "totalOtherIncomeExpensesNet": -135992000,
    "incomeBeforeTax": 566511000,
    "incomeBeforeTaxRatio": 0.0115251867,
    "incomeTaxExpense": 132506000,
    "netIncome": 435267000,
    "netIncomeRatio": 0.0088551387,
    "eps": 2.1241,
    "epsdiluted": 2.0995,
    "weightedAverageShsOut": 204916000,
    "weightedAverageShsOutDil": 207315000,
    "link": "https://www.sec.gov/Archives/edgar/data/1490892/000155837021005326/0001558370-21-005326-index.htm",
    "finalLink": "https://www.sec.gov/Archives/edgar/data/1490892/000155837021005326/cor-20210331x10q.htm"
  },
  {
    "date": "2020-12-31",
    "symbol": "COR",
    "reportedCurrency": "USD",
    "cik": "0001140859",
    "fillingDate": "2021-02-05",
    "acceptedDate": "2021-02-05 07:18:21",
    "calendarYear": "2021",
    "period": "Q1",
    "revenue": 52516556000,
    "costOfRevenue": 51163879000,
    "grossProfit": 1352677000,
    "grossProfitRatio": 0.0257571536,
    "researchAndDevelopmentExpenses": 0,
    "generalAndAdministrativeExpenses": 0,
    "sellingAndMarketingExpenses": 0,
    "sellingGeneralAndAdministrativeExpenses": 735068000,
    "otherExpenses": 0,
    "operatingExpenses": 735068000,
    "costAndExpenses": 51898947000,
    "interestIncome": 964000,
    "interestExpense": 34578000,
    "depreciationAndAmortization": 102751000,
    "ebitda": 665211000,
    "ebitdaratio": 0.0126666912,
    "operatingIncome": 617609000,
    "operatingIncomeRatio": 0.0117602723,
    "totalOtherIncomeExpensesNet": -89727000,
    "incomeBeforeTax": 527881999,
    "incomeBeforeTaxRatio": 0.0100517254,
    "incomeTaxExpense": 149175000,
    "netIncome": 374845000,
    "netIncomeRatio": 0.0071376539,
    "eps": 1.8313,
    "epsdiluted": 1.8126,
    "weightedAverageShsOut": 204683000,
    "weightedAverageShsOutDil": 206801000,
    "link": "https://www.sec.gov/Archives/edgar/data/1490892/000155837021000757/0001558370-21-000757-index.htm",
    "finalLink": "https://www.sec.gov/Archives/edgar/data/1490892/000155837021000757/cor-20201231x10k.htm"
  },
  {
    "date": "2020-09-30",
    "symbol": "COR",
    "reportedCurrency": "USD",
    "cik": "0001140859",
    "fillingDate": "2020-10-30",
    "acceptedDate": "2020-10-30 07:18:15",
    "calendarYear": "2020",
    "period": "Q4",
    "revenue": 49244768000,
    "costOfRevenue": 47995834000,
    "grossProfit": 1248934000,
    "grossProfitRatio": 0.0253617603,
    "researchAndDevelopmentExpenses": 0,
    "generalAndAdministrativeExpenses": 0,
    "sellingAndMarketingExpenses": 0,
    "sellingGeneralAndAdministrativeExpenses": 720966000,
    "otherExpenses": 0,
    "operatingExpenses": 720966000,
    "costAndExpenses": 48716800000,
    "interestIncome": 1054000,
    "interestExpense": 35761000,
    "depreciationAndAmortization": 101333000,
    "ebitda": -6006362999,
    "ebitdaratio": -0.1219695664,
    "operatingIncome": 527967999,
    "operatingIncomeRatio": 0.0107213014,
    "totalOtherIncomeExpensesNet": -6671425000,
    "incomeBeforeTax": -6143457000,
    "incomeBeforeTaxRatio": -0.1247534967,
    "incomeTaxExpense": -1298952000,
    "netIncome": -4846072000,
    "netIncomeRatio": -0.0984078552,
    "eps": -23.7443,
    "epsdiluted": -23.7443,
    "weightedAverageShsOut": 204094000,
    "weightedAverageShsOutDil": 204094000,
    "link": "https://www.sec.gov/Archives/edgar/data/1490892/000155837020012091/0001558370-20-012091-index.htm",
    "finalLink": "https://www.sec.gov/Archives/edgar/data/1490892/000155837020012091/cor-20200930x10q.htm"
  },
  {
    "date": "2020-06-30",
    "symbol": "COR",
    "reportedCurrency": "USD",
    "cik": "0001140859",
    "fillingDate": "2020-07-31",
    "acceptedDate": "2020-07-31 08:43:39",
    "calendarYear": "2020",
    "period": "Q3",
    "revenue": 45366777000,
    "costOfRevenue": 44236476000,
    "grossProfit": 1130301000,
    "grossProfitRatio": 0.02491473,
    "researchAndDevelopmentExpenses": 0,
    "generalAndAdministrativeExpenses": 0,
    "sellingAndMarketingExpenses": 0,
    "sellingGeneralAndAdministrativeExpenses": 666885000,
    "otherExpenses": 0,
    "operatingExpenses": 666885000,
    "costAndExpenses": 44903361000,
    "interestIncome": 1429000,
    "interestExpense": 39177000,
    "depreciationAndAmortization": 97412000,
    "ebitda": 480424000,
    "ebitdaratio": 0.0105897759,
    "operatingIncome": 463416000,
    "operatingIncomeRatio": 0.010214876,
    "totalOtherIncomeExpensesNet": -119581000,
    "incomeBeforeTax": 343835000,
    "incomeBeforeTaxRatio": 0.0075790043,
    "incomeTaxExpense": 56567000,
    "netIncome": 289439000,
    "netIncomeRatio": 0.0063799771,
    "eps": 1.4212,
    "epsdiluted": 1.4082,
    "weightedAverageShsOut": 203654000,
    "weightedAverageShsOutDil": 205544000,
    "link": "https://www.sec.gov/Archives/edgar/data/1490892/000155837020008831/0001558370-20-008831-index.htm",
    "finalLink": "https://www.sec.gov/Archives/edgar/data/1490892/000155837020008831/cor-20200630x10q.htm"
  },
  {
    "date": "2020-03-31",
    "symbol": "COR",
    "reportedCurrency": "USD",
    "cik": "0001140859",
    "fillingDate": "2020-05-01",
    "acceptedDate": "2020-05-01 07:17:50",
    "calendarYear": "2020",
    "period": "Q2",
    "revenue": 47417639000,
    "costOfRevenue": 46123427000,
    "grossProfit": 1294212000,
    "grossProfitRatio": 0.0272938937,
    "researchAndDevelopmentExpenses": 0,
    "generalAndAdministrativeExpenses": 0,
    "sellingAndMarketingExpenses": 0,
    "sellingGeneralAndAdministrativeExpenses": 693413000,
    "otherExpenses": 0,
    "operatingExpenses": 693413000,
    "costAndExpenses": 46816840000,
    "interestIncome": 7561000,
    "interestExpense": 41982000,
    "depreciationAndAmortization": 95757000,
    "ebitda": 413942000,
    "ebitdaratio": 0.008729705,
    "operatingIncome": 600799000,
    "operatingIncomeRatio": 0.0126703694,
    "totalOtherIncomeExpensesNet": -324596000,
    "incomeBeforeTax": 276203000,
    "incomeBeforeTaxRatio": 0.0058248999,
    "incomeTaxExpense": -694908000,
    "netIncome": 960277000,
    "netIncomeRatio": 0.0202514722,
    "eps": 4.6758,
    "epsdiluted": 4.6376,
    "weightedAverageShsOut": 205370000,
    "weightedAverageShsOutDil": 207062000,
    "link": "https://www.sec.gov/Archives/edgar/data/1490892/000155837020004871/0001558370-20-004871-index.html",
    "finalLink": "https://www.sec.gov/Archives/edgar/data/1490892/000155837020004871/cor-20200501x10q.htm"
  },
  {
    "date": "2019-12-31",
    "symbol": "COR",
    "reportedCurrency": "USD",
    "cik": "0001140859",
    "fillingDate": "2020-02-07",
    "acceptedDate": "2020-02-07 07:18:29",
    "calendarYear": "2020",
    "period": "Q1",
    "revenue": 47864742000,
    "costOfRevenue": 46746543000,
    "grossProfit": 1118199000,
    "grossProfitRatio": 0.0233616427,
    "researchAndDevelopmentExpenses": 0,
    "generalAndAdministrativeExpenses": 0,
    "sellingAndMarketingExpenses": 0,
    "sellingGeneralAndAdministrativeExpenses": 685953000,
    "otherExpenses": 0,
    "operatingExpenses": 685953000,
    "costAndExpenses": 47432496000,
    "interestIncome": 10595000,
    "interestExpense": 41602000,
    "depreciationAndAmortization": 107117000,
    "ebitda": 378307000,
    "ebitdaratio": 0.0079036674,
    "operatingIncome": 432246000,
    "operatingIncomeRatio": 0.009030572,
    "totalOtherIncomeExpensesNet": -202658000,
    "incomeBeforeTax": 229588000,
    "incomeBeforeTaxRatio": 0.0047965996,
    "incomeTaxExpense": 43020000,
    "netIncome": 187640000,
    "netIncomeRatio": 0.0039202133,
    "eps": 0.9108,
    "epsdiluted": 0.9042,
    "weightedAverageShsOut": 206008000,
    "weightedAverageShsOutDil": 207517000,
    "link": "https://www.sec.gov/Archives/edgar/data/1490892/000155837020000595/0001558370-20-000595-index.html",
    "finalLink": "https://www.sec.gov/Archives/edgar/data/1490892/000155837020000595/cor-20191231x10k0cf293.htm"
  },
  {
    "date": "2019-09-30",
    "symbol": "COR",
    "reportedCurrency": "USD",
    "cik": "0001140859",
    "fillingDate": "2019-11-01",
    "acceptedDate": "2019-11-01 07:17:42",
    "calendarYear": "2019",
    "period": "Q4",
    "revenue": 45637802000,
    "costOfRevenue": 44564710000,
    "grossProfit": 1073092000,
    "grossProfitRatio": 0.023513227,
    "researchAndDevelopmentExpenses": 0,
    "generalAndAdministrativeExpenses": 0,
    "sellingAndMarketingExpenses": 0,
    "sellingGeneralAndAdministrativeExpenses": 721944000,
    "otherExpenses": 0,
    "operatingExpenses": 721944000,
    "costAndExpenses": 45286654000,
    "interestIncome": 11243000,
    "interestExpense": 47646000,
    "depreciationAndAmortization": 110689000,
    "ebitda": 302986000,
    "ebitdaratio": 0.0066389262,
    "operatingIncome": 351148000,
    "operatingIncomeRatio": 0.0076942356,
    "totalOtherIncomeExpensesNet": -206497000,
    "incomeBeforeTax": 144651000,
    "incomeBeforeTaxRatio": 0.0031695435,
    "incomeTaxExpense": 12344000,
    "netIncome": 132619000,
    "netIncomeRatio": 0.0029059024,
    "eps": 0.6377,
    "epsdiluted": 0.6325,
    "weightedAverageShsOut": 207979000,
    "weightedAverageShsOutDil": 209680000,
    "link": "https://www.sec.gov/Archives/edgar/data/1490892/000155837019009633/0001558370-19-009633-index.html",
    "finalLink": "https://www.sec.gov/Archives/edgar/data/1490892/000155837019009633/cor-20190930x10q52e74e.htm"
  },
  {
    "date": "2019-06-30",
    "symbol": "COR",
    "reportedCurrency": "USD",
    "cik": "0001140859",
    "fillingDate": "2019-07-26",
    "acceptedDate": "2019-07-26 07:24:16",
    "calendarYear": "2019",
    "period": "Q3",
    "revenue": 45239265000,
    "costOfRevenue": 44119122000,
    "grossProfit": 1120143000,
    "grossProfitRatio": 0.0247604155,
    "researchAndDevelopmentExpenses": 0,
    "generalAndAdministrativeExpenses": 0,
    "sellingAndMarketingExpenses": 0,
    "sellingGeneralAndAdministrativeExpenses": 656943000,
    "otherExpenses": 0,
    "operatingExpenses": 656943000,
    "costAndExpenses": 44776065000,
    "interestIncome": 12789000,
    "interestExpense": 48710000,
    "depreciationAndAmortization": 110381000,
    "ebitda": 530206000,
    "ebitdaratio": 0.0117200401,
    "operatingIncome": 463200000,
    "operatingIncomeRatio": 0.0102388931,
    "totalOtherIncomeExpensesNet": -92085000,
    "incomeBeforeTax": 371115000,
    "incomeBeforeTaxRatio": 0.0082033826,
    "incomeTaxExpense": 69113000,
    "netIncome": 301959000,
    "netIncomeRatio": 0.0066747106,
    "eps": 1.44,
    "epsdiluted": 1.43,
    "weightedAverageShsOut": 209705000,
    "weightedAverageShsOutDil": 211161000,
    "link": "https://www.sec.gov/Archives/edgar/data/1490892/000155837019006376/0001558370-19-006376-index.html",
    "finalLink": "https://www.sec.gov/Archives/edgar/data/1490892/000155837019006376/cor-20190630x10q.htm"
  },
  {
    "date": "2019-03-31",
    "symbol": "COR",
    "reportedCurrency": "USD",
    "cik": "0001140859",
    "fillingDate": "2019-04-26",
    "acceptedDate": "2019-04-26 07:16:30",
    "calendarYear": "2019",
    "period": "Q2",
    "revenue": 43319602000,
    "costOfRevenue": 42070612000,
    "grossProfit": 1248990000,
    "grossProfitRatio": 0.0288319823,
    "researchAndDevelopmentExpenses": 0,
    "generalAndAdministrativeExpenses": 0,
    "sellingAndMarketingExpenses": 0,
    "sellingGeneralAndAdministrativeExpenses": 628036000,
    "otherExpenses": 0,
    "operatingExpenses": 628036000,
    "costAndExpenses": 42698648000,
    "interestIncome": 6607000,
    "interestExpense": 49882000,
    "depreciationAndAmortization": 134340000,
    "ebitda": 203006000,
    "ebitdaratio": 0.0046862388,
    "operatingIncome": 620954000,
    "operatingIncomeRatio": 0.0143342499,
    "totalOtherIncomeExpensesNet": -602170000,
    "incomeBeforeTax": 18784000,
    "incomeBeforeTaxRatio": 0.0004336143,
    "incomeTaxExpense": -9289000,
    "netIncome": 27135000,
    "netIncomeRatio": 0.0006263908,
    "eps": 0.13,
    "epsdiluted": 0.13,
    "weightedAverageShsOut": 210934000,
    "weightedAverageShsOutDil": 212563000,
    "link": "https://www.sec.gov/Archives/edgar/data/1490892/000155837019003347/0001558370-19-003347-index.html",
    "finalLink": "https://www.sec.gov/Archives/edgar/data/1490892/000155837019003347/cor-20190331x10q.htm"
  },
  {
    "date": "2018-12-31",
    "symbol": "COR",
    "reportedCurrency": "USD",
    "cik": "0001140859",
    "fillingDate": "2019-02-08",
    "acceptedDate": "2019-02-08 07:22:34",
    "calendarYear": "2019",
    "period": "Q1",
    "revenue": 45392452000,
    "costOfRevenue": 44304672000,
    "grossProfit": 1087780000,
    "grossProfitRatio": 0.023963896,
    "researchAndDevelopmentExpenses": 0,
    "generalAndAdministrativeExpenses": 0,
    "sellingAndMarketingExpenses": 0,
    "sellingGeneralAndAdministrativeExpenses": 656585000,
    "otherExpenses": 0,
    "operatingExpenses": 656585000,
    "costAndExpenses": 44961257000,
    "interestIncome": 7066000,
    "interestExpense": 49236000,
    "depreciationAndAmortization": 133133999,
    "ebitda": 614926000,
    "ebitdaratio": 0.0135468778,
    "operatingIncome": 431195000,
    "operatingIncomeRatio": 0.0094992665,
    "totalOtherIncomeExpensesNet": 1361000,
    "incomeBeforeTax": 432556000,
    "incomeBeforeTaxRatio": 0.0095292495,
    "incomeTaxExpense": 40803000,
    "netIncome": 393652000,
    "netIncomeRatio": 0.0086721907,
    "eps": 1.86,
    "epsdiluted": 1.84,
    "weightedAverageShsOut": 212054000,
    "weightedAverageShsOutDil": 213969000,
    "link": "https://www.sec.gov/Archives/edgar/data/1490892/000155837019000493/0001558370-19-000493-index.html",
    "finalLink": "https://www.sec.gov/Archives/edgar/data/1490892/000155837019000493/cor-20181231x10k.htm"
  },
  {
    "date": "2018-09-30",
    "symbol": "COR",
    "reportedCurrency": "USD",
    "cik": "0001140859",
    "fillingDate": "2018-10-26",
    "acceptedDate": "2018-10-26 07:22:56",
    "calendarYear": "2018",
    "period": "Q4",
    "revenue": 43297136000,
    "costOfRevenue": 42385053000,
    "grossProfit": 912082999,
    "grossProfitRatio": 0.0210656658,
    "researchAndDevelopmentExpenses": 0,
    "generalAndAdministrativeExpenses": 0,
    "sellingAndMarketingExpenses": 0,
    "sellingGeneralAndAdministrativeExpenses": 657805000,
    "otherExpenses": 0,
    "operatingExpenses": 657805000,
    "costAndExpenses": 43042858000,
    "interestIncome": 6381000,
    "interestExpense": 49428000,
    "depreciationAndAmortization": 131633999,
    "ebitda": 292932000,
    "ebitdaratio": 0.0067656207,
    "operatingIncome": 254278000,
    "operatingIncomeRatio": 0.0058728596,
    "totalOtherIncomeExpensesNet": -142408000,
    "incomeBeforeTax": 111870000,
    "incomeBeforeTaxRatio": 0.0025837737,
    "incomeTaxExpense": -82134000,
    "netIncome": 233288000,
    "netIncomeRatio": 0.00538807,
    "eps": 1.08,
    "epsdiluted": 1.07,
    "weightedAverageShsOut": 216851320,
    "weightedAverageShsOutDil": 35721478,
    "link": "https://www.sec.gov/Archives/edgar/data/1490892/000155837018007910/0001558370-18-007910-index.html",
    "finalLink": "https://www.sec.gov/Archives/edgar/data/1490892/000155837018007910/cor-20180930x10q.htm"
  },
  {
    "date": "2018-06-30",
    "symbol": "COR",
    "reportedCurrency": "USD",
    "cik": "0001140859",
    "fillingDate": "2018-07-27",
    "acceptedDate": "2018-07-27 07:17:38",
    "calendarYear": "2018",
    "period": "Q3",
    "revenue": 43142309000,
    "costOfRevenue": 42086613000,
    "grossProfit": 1055695999,
    "grossProfitRatio": 0.0244700857,
    "researchAndDevelopmentExpenses": 0,
    "generalAndAdministrativeExpenses": 0,
    "sellingAndMarketingExpenses": 0,
    "sellingGeneralAndAdministrativeExpenses": 626548000,
    "otherExpenses": 0,
    "operatingExpenses": 626548000,
    "costAndExpenses": 42713161000,
    "interestIncome": 5694000,
    "interestExpense": 52845000,
    "depreciationAndAmortization": 138919000,
    "ebitda": 536966000,
    "ebitdaratio": 0.0124463899,
    "operatingIncome": 429148000,
    "operatingIncomeRatio": 0.0099472655,
    "totalOtherIncomeExpensesNet": -83946000,
    "incomeBeforeTax": 345202000,
    "incomeBeforeTaxRatio": 0.0080014725,
    "incomeTaxExpense": 67327000,
    "netIncome": 275809000,
    "netIncomeRatio": 0.0063930051,
    "eps": 1.26,
    "epsdiluted": 1.25,
    "weightedAverageShsOut": 218569000,
    "weightedAverageShsOutDil": 220760000,
    "link": "https://www.sec.gov/Archives/edgar/data/1490892/000155837018005794/0001558370-18-005794-index.html",
    "finalLink": "https://www.sec.gov/Archives/edgar/data/1490892/000155837018005794/cor-20180630x10q.htm"
  },
  {
    "date": "2018-03-31",
    "symbol": "COR",
    "reportedCurrency": "USD",
    "cik": "0001140859",
    "fillingDate": "2018-04-27",
    "acceptedDate": "2018-04-27 07:16:18",
    "calendarYear": "2018",
    "period": "Q2",
    "revenue": 41033858000,
    "costOfRevenue": 39897901000,
    "grossProfit": 1135957000,
    "grossProfitRatio": 0.0276834072,
    "researchAndDevelopmentExpenses": 0,
    "generalAndAdministrativeExpenses": 0,
    "sellingAndMarketingExpenses": 0,
    "sellingGeneralAndAdministrativeExpenses": 617426000,
    "otherExpenses": 0,
    "operatingExpenses": 617426000,
    "costAndExpenses": 40515327000,
    "interestIncome": 1347000,
    "interestExpense": 49984000,
    "depreciationAndAmortization": 119388000,
    "ebitda": 530703999,
    "ebitdaratio": 0.0129333196,
    "operatingIncome": 518530999,
    "operatingIncomeRatio": 0.0126366621,
    "totalOtherIncomeExpensesNet": -157198999,
    "incomeBeforeTax": 361332000,
    "incomeBeforeTaxRatio": 0.0088057038,
    "incomeTaxExpense": 79172000,
    "netIncome": 287455000,
    "netIncomeRatio": 0.0070053125,
    "eps": 1.31,
    "epsdiluted": 1.29,
    "weightedAverageShsOut": 219200000,
    "weightedAverageShsOutDil": 222303000,
    "link": "https://www.sec.gov/Archives/edgar/data/1490892/000155837018003374/0001558370-18-003374-index.html",
    "finalLink": "https://www.sec.gov/Archives/edgar/data/1490892/000155837018003374/cor-20180331x10q.htm"
  },
  {
    "date": "2017-12-31",
    "symbol": "COR",
    "reportedCurrency": "USD",
    "cik": "0001140859",
    "fillingDate": "2018-02-09",
    "acceptedDate": "2018-02-09 07:19:16",
    "calendarYear": "2018",
    "period": "Q1",
    "revenue": 40466332000,
    "costOfRevenue": 39458816000,
    "grossProfit": 1007516000,
    "grossProfitRatio": 0.0248976359,
    "researchAndDevelopmentExpenses": 0,
    "generalAndAdministrativeExpenses": 0,
    "sellingAndMarketingExpenses": 0,
    "sellingGeneralAndAdministrativeExpenses": 558522000,
    "otherExpenses": 0,
    "operatingExpenses": 558522000,
    "costAndExpenses": 40017338000,
    "interestIncome": 1519000,
    "interestExpense": 37383000,
    "depreciationAndAmortization": 109705000,
    "ebitda": 506107000,
    "ebitdaratio": 0.0125068662,
    "operatingIncome": 448994000,
    "operatingIncomeRatio": 0.0110954954,
    "totalOtherIncomeExpensesNet": -89975000,
    "incomeBeforeTax": 359019000,
    "incomeBeforeTaxRatio": 0.0088720421,
    "incomeTaxExpense": -502834000,
    "netIncome": 861853000,
    "netIncomeRatio": 0.0212980262,
    "eps": 3.95,
    "epsdiluted": 3.9,
    "weightedAverageShsOut": 218323000,
    "weightedAverageShsOutDil": 220822000,
    "link": "https://www.sec.gov/Archives/edgar/data/1490892/000155837018000547/0001558370-18-000547-index.html",
    "finalLink": "https://www.sec.gov/Archives/edgar/data/1490892/000155837018000547/cor-20171231x10k.htm"
  },
  {
    "date": "2017-09-30",
    "symbol": "COR",
    "reportedCurrency": "USD",
    "cik": "0001140859",
    "fillingDate": "2017-10-27",
    "acceptedDate": "2017-10-27 07:16:45",
    "calendarYear": "2017",
    "period": "Q4",
    "revenue": 39120015000,
    "costOfRevenue": 38052330000,
    "grossProfit": 1067685000,
    "grossProfitRatio": 0.0272925509,
    "researchAndDevelopmentExpenses": 0,
    "generalAndAdministrativeExpenses": 0,
    "sellingAndMarketingExpenses": 0,
    "sellingGeneralAndAdministrativeExpenses": 560877000,
    "otherExpenses": 0,
    "operatingExpenses": 560877000,
    "costAndExpenses": 38613207000,
    "interestIncome": 842000,
    "interestExpense": 36153000,
    "depreciationAndAmortization": 109873000,
    "ebitda": 24485000,
    "ebitdaratio": 0.0006258944,
    "operatingIncome": 506808000,
    "operatingIncomeRatio": 0.0129552098,
    "totalOtherIncomeExpensesNet": -628349000,
    "incomeBeforeTax": -121541000,
    "incomeBeforeTaxRatio": -0.0031068751,
    "incomeTaxExpense": 173046000,
    "netIncome": -294587000,
    "netIncomeRatio": -0.0075303396,
    "eps": -1.35,
    "epsdiluted": -1.35,
    "weightedAverageShsOut": 218501000,
    "weightedAverageShsOutDil": 218501000,
    "link": "https://www.sec.gov/Archives/edgar/data/1490892/000155837017007621/0001558370-17-007621-index.html",
    "finalLink": "https://www.sec.gov/Archives/edgar/data/1490892/000155837017007621/cor-20170930x10q.htm"
  },
  {
    "date": "2017-06-30",
    "symbol": "COR",
    "reportedCurrency": "USD",
    "cik": "0001140859",
    "fillingDate": "2017-07-28",
    "acceptedDate": "2017-07-28 07:16:20",
    "calendarYear": "2017",
    "period": "Q3",
    "revenue": 38707144000,
    "costOfRevenue": 37726788000,
    "grossProfit": 980356000,
    "grossProfitRatio": 0.0253275209,
    "researchAndDevelopmentExpenses": 0,
    "generalAndAdministrativeExpenses": 0,
    "sellingAndMarketingExpenses": 0,
    "sellingGeneralAndAdministrativeExpenses": 525462999,
    "otherExpenses": 0,
    "operatingExpenses": 525462999,
    "costAndExpenses": 38252251000,
    "interestIncome": 1414000,
    "interestExpense": 37017000,
    "depreciationAndAmortization": 99519000,
    "ebitda": 269911000,
    "ebitdaratio": 0.0069731572,
    "operatingIncome": 454893000,
    "operatingIncomeRatio": 0.0117521716,
    "totalOtherIncomeExpensesNet": -321518000,
    "incomeBeforeTax": 133375000,
    "incomeBeforeTaxRatio": 0.0034457463,
    "incomeTaxExpense": 83023000,
    "netIncome": 50352000,
    "netIncomeRatio": 0.0013008451,
    "eps": 0.23,
    "epsdiluted": 0.23,
    "weightedAverageShsOut": 218676000,
    "weightedAverageShsOutDil": 221873000,
    "link": "https://www.sec.gov/Archives/edgar/data/1490892/000155837017005424/0001558370-17-005424-index.html",
    "finalLink": "https://www.sec.gov/Archives/edgar/data/1490892/000155837017005424/cor-20170630x10q.htm"
  },
  {
    "date": "2017-03-31",
    "symbol": "COR",
    "reportedCurrency": "USD",
    "cik": "0001140859",
    "fillingDate": "2017-04-28",
    "acceptedDate": "2017-04-28 07:19:02",
    "calendarYear": "2017",
    "period": "Q2",
    "revenue": 37147402000,
    "costOfRevenue": 35988644000,
    "grossProfit": 1158758000,
    "grossProfitRatio": 0.0311935139,
    "researchAndDevelopmentExpenses": 0,
    "generalAndAdministrativeExpenses": 0,
    "sellingAndMarketingExpenses": 0,
    "sellingGeneralAndAdministrativeExpenses": 521842999,
    "otherExpenses": 0,
    "operatingExpenses": 521842999,
    "costAndExpenses": -36510487000,
    "interestIncome": 586000,
    "interestExpense": 37885000,
    "depreciationAndAmortization": 103922000,
    "ebitda": 734722000,
    "ebitdaratio": 0.0197785568,
    "operatingIncome": 636915000,
    "operatingIncomeRatio": 0.0171456136,
    "totalOtherIncomeExpensesNet": -44000000,
    "incomeBeforeTax": 592915000,
    "incomeBeforeTaxRatio": 0.0159611431,
    "incomeTaxExpense": 181442000,
    "netIncome": 411473000,
    "netIncomeRatio": 0.0110767639,
    "eps": 1.89,
    "epsdiluted": 1.86,
    "weightedAverageShsOut": 217650000,
    "weightedAverageShsOutDil": 221221000,
    "link": "https://www.sec.gov/Archives/edgar/data/1490892/000155837017003033/0001558370-17-003033-index.html",
    "finalLink": "https://www.sec.gov/Archives/edgar/data/1490892/000155837017003033/cor-20170331x10q.htm"
  },
  {
    "date": "2016-12-31",
    "symbol": "COR",
    "reportedCurrency": "USD",
    "cik": "0001140859",
    "fillingDate": "2017-02-10",
    "acceptedDate": "2017-02-10 07:16:35",
    "calendarYear": "2017",
    "period": "Q1",
    "revenue": 38169265000,
    "costOfRevenue": 37229065000,
    "grossProfit": 940200000,
    "grossProfitRatio": 0.0246323842,
    "researchAndDevelopmentExpenses": 0,
    "generalAndAdministrativeExpenses": 0,
    "sellingAndMarketingExpenses": 0,
    "sellingGeneralAndAdministrativeExpenses": 520547000,
    "otherExpenses": 0,
    "operatingExpenses": 520547000,
    "costAndExpenses": 37749612000,
    "interestIncome": 1014999,
    "interestExpense": 37987000,
    "depreciationAndAmortization": 103406000,
    "ebitda": 504531000,
    "ebitdaratio": 0.013218253,
    "operatingIncome": 419653000,
    "operatingIncomeRatio": 0.0109945266,
    "totalOtherIncomeExpensesNet": -56515000,
    "incomeBeforeTax": 363138000,
    "incomeBeforeTaxRatio": 0.0095138851,
    "incomeTaxExpense": 115892000,
    "netIncome": 247246000,
    "netIncomeRatio": 0.0064776201,
    "eps": 1.13,
    "epsdiluted": 1.11,
    "weightedAverageShsOut": 218661000,
    "weightedAverageShsOutDil": 221979000,
    "link": "https://www.sec.gov/Archives/edgar/data/1490892/000155837017000503/0001558370-17-000503-index.html",
    "finalLink": "https://www.sec.gov/Archives/edgar/data/1490892/000155837017000503/cor-20161231x10k.htm"
  },
  {
    "date": "2016-09-30",
    "symbol": "COR",
    "reportedCurrency": "USD",
    "cik": "0001140859",
    "fillingDate": "2016-10-28",
    "acceptedDate": "2016-10-28 07:18:50",
    "calendarYear": "2016",
    "period": "Q4",
    "revenue": 37560603000,
    "costOfRevenue": 36530779000,
    "grossProfit": 1029824000,
    "grossProfitRatio": 0.0274176642,
    "researchAndDevelopmentExpenses": 0,
    "generalAndAdministrativeExpenses": 0,
    "sellingAndMarketingExpenses": 0,
    "sellingGeneralAndAdministrativeExpenses": 530256000,
    "otherExpenses": 0,
    "operatingExpenses": 530256000,
    "costAndExpenses": 37061035000,
    "interestIncome": 1458000,
    "interestExpense": 36510000,
    "depreciationAndAmortization": 105702000,
    "ebitda": 333785000,
    "ebitdaratio": 0.0088865719,
    "operatingIncome": 499568000,
    "operatingIncomeRatio": 0.013300319,
    "totalOtherIncomeExpensesNet": -307995000,
    "incomeBeforeTax": 191573000,
    "incomeBeforeTaxRatio": 0.0051003707,
    "incomeTaxExpense": 45888000,
    "netIncome": 145685000,
    "netIncomeRatio": 0.0038786651,
    "eps": 0.66,
    "epsdiluted": 0.64,
    "weightedAverageShsOut": 225758313,
    "weightedAverageShsOutDil": 33912155,
    "link": "https://www.sec.gov/Archives/edgar/data/1490892/000155837016008838/0001558370-16-008838-index.html",
    "finalLink": "https://www.sec.gov/Archives/edgar/data/1490892/000155837016008838/cor-20160930x10q.htm"
  },
  {
    "date": "2016-06-30",
    "symbol": "COR",
    "reportedCurrency": "USD",
    "cik": "0001140859",
    "fillingDate": "2016-07-29",
    "acceptedDate": "2016-07-29 07:16:46",
    "calendarYear": "2016",
    "period": "Q3",
    "revenue": 36881680000,
    "costOfRevenue": 35894777000,
    "grossProfit": 986903000,
    "grossProfitRatio": 0.0267586238,
    "researchAndDevelopmentExpenses": 0,
    "generalAndAdministrativeExpenses": 14152000,
    "sellingAndMarketingExpenses": 4501000,
    "sellingGeneralAndAdministrativeExpenses": 18653000,
    "otherExpenses": 26233000,
    "operatingExpenses": 44886000,
    "costAndExpenses": 73532000,
    "interestIncome": 1525000,
    "interestExpense": 2680000,
    "depreciationAndAmortization": 26227000,
    "ebitda": 632795000,
    "ebitdaratio": 0.0171574343,
    "operatingIncome": 22558000,
    "operatingIncomeRatio": 0.0006116316,
    "totalOtherIncomeExpensesNet": -32995000,
    "incomeBeforeTax": 19878000,
    "incomeBeforeTaxRatio": 0.0005389668,
    "incomeTaxExpense": 43000,
    "netIncome": 14120000,
    "netIncomeRatio": 0.0003828459,
    "eps": 1.62,
    "epsdiluted": 1.55,
    "weightedAverageShsOut": 215688000,
    "weightedAverageShsOutDil": 224802000,
    "link": "https://www.sec.gov/Archives/edgar/data/1490892/000110465916135174/0001104659-16-135174-index.htm",
    "finalLink": "https://www.sec.gov/Archives/edgar/data/1490892/000110465916135174/a16-11636_110q.htm"
  },
  {
    "date": "2016-03-31",
    "symbol": "COR",
    "reportedCurrency": "USD",
    "cik": "0001140859",
    "fillingDate": "2016-04-29",
    "acceptedDate": "2016-04-29 07:16:21",
    "calendarYear": "2016",
    "period": "Q2",
    "revenue": 35698357000,
    "costOfRevenue": 34623033000,
    "grossProfit": 1075324000,
    "grossProfitRatio": 0.0301225068,
    "researchAndDevelopmentExpenses": 0,
    "generalAndAdministrativeExpenses": 14137000,
    "sellingAndMarketingExpenses": 4221000,
    "sellingGeneralAndAdministrativeExpenses": 18358000,
    "otherExpenses": 24773000,
    "operatingExpenses": 43131000,
    "costAndExpenses": 70859000,
    "interestIncome": 1000,
    "interestExpense": 1729000,
    "depreciationAndAmortization": 24770000,
    "ebitda": 1051043000,
    "ebitdaratio": 0.0294423354,
    "operatingIncome": 21621000,
    "operatingIncomeRatio": 0.0006056581,
    "totalOtherIncomeExpensesNet": -35210000,
    "incomeBeforeTax": 19610000,
    "incomeBeforeTaxRatio": 0.000549325,
    "incomeTaxExpense": 4000,
    "netIncome": 13345000,
    "netIncomeRatio": 0.0003738267,
    "eps": 2.9,
    "epsdiluted": 2.68,
    "weightedAverageShsOut": 207858000,
    "weightedAverageShsOutDil": 225450000,
    "link": "https://www.sec.gov/Archives/edgar/data/1490892/000110465916115577/0001104659-16-115577-index.html",
    "finalLink": "https://www.sec.gov/Archives/edgar/data/1490892/000110465916115577/a16-6542_110q.htm"
  },
  {
    "date": "2015-12-31",
    "symbol": "COR",
    "reportedCurrency": "USD",
    "cik": "0001140859",
    "fillingDate": "2016-02-12",
    "acceptedDate": "2016-02-12 07:32:04",
    "calendarYear": "2016",
    "period": "Q1",
    "revenue": 36709046000,
    "costOfRevenue": 35756960000,
    "grossProfit": 952086000,
    "grossProfitRatio": 0.025936005,
    "researchAndDevelopmentExpenses": 0,
    "generalAndAdministrativeExpenses": 15103000,
    "sellingAndMarketingExpenses": 4117000,
    "sellingGeneralAndAdministrativeExpenses": 19220000,
    "otherExpenses": 24493000,
    "operatingExpenses": 43713000,
    "costAndExpenses": 70881000,
    "interestIncome": 1000,
    "interestExpense": 675000,
    "depreciationAndAmortization": 24493000,
    "ebitda": -87948000,
    "ebitdaratio": -0.0023958127,
    "operatingIncome": 19643000,
    "operatingIncomeRatio": 0.0005350997,
    "totalOtherIncomeExpensesNet": 195537000,
    "incomeBeforeTax": 17401000,
    "incomeBeforeTaxRatio": 0.0004740248,
    "incomeTaxExpense": 14000,
    "netIncome": 11427000,
    "netIncomeRatio": 0.0003112857,
    "eps": 1.6,
    "epsdiluted": 1.45,
    "weightedAverageShsOut": 206180000,
    "weightedAverageShsOutDil": 226718000,
    "link": "https://www.sec.gov/Archives/edgar/data/1490892/000104746916010126/0001047469-16-010126-index.html",
    "finalLink": "https://www.sec.gov/Archives/edgar/data/1490892/000104746916010126/a2227284z10-k.htm"
  },
  {
    "date": "2015-09-30",
    "symbol": "COR",
    "reportedCurrency": "USD",
    "cik": "0001140859",
    "fillingDate": "2015-10-23",
    "acceptedDate": "2015-10-23 07:31:29",
    "calendarYear": "2015",
    "period": "Q4",
    "revenue": 35470378000,
    "costOfRevenue": 34497247000,
    "grossProfit": 973131000,
    "grossProfitRatio": 0.0274350333,
    "researchAndDevelopmentExpenses": 0,
    "generalAndAdministrativeExpenses": 14084000,
    "sellingAndMarketingExpenses": 3775000,
    "sellingGeneralAndAdministrativeExpenses": 17859000,
    "otherExpenses": 24353000,
    "operatingExpenses": 42212000,
    "costAndExpenses": 69804000,
    "interestIncome": 1000,
    "interestExpense": 1775000,
    "depreciationAndAmortization": 24347000,
    "ebitda": 577350000,
    "ebitdaratio": 0.0162769621,
    "operatingIncome": 16751000,
    "operatingIncomeRatio": 0.0004722532,
    "totalOtherIncomeExpensesNet": -61955000,
    "incomeBeforeTax": 14564000,
    "incomeBeforeTaxRatio": 0.0004105961,
    "incomeTaxExpense": 34000,
    "netIncome": 9004000,
    "netIncomeRatio": 0.0002538456,
    "eps": 1.72,
    "epsdiluted": 1.56,
    "weightedAverageShsOut": 212155000,
    "weightedAverageShsOutDil": 233395000,
    "link": "https://www.sec.gov/Archives/edgar/data/1490892/000110465915072306/0001104659-15-072306-index.html",
    "finalLink": "https://www.sec.gov/Archives/edgar/data/1490892/000110465915072306/a15-17892_110q.htm"
  },
  {
    "date": "2015-06-30",
    "symbol": "COR",
    "reportedCurrency": "USD",
    "cik": "0001140859",
    "fillingDate": "2015-07-24",
    "acceptedDate": "2015-07-24 07:31:17",
    "calendarYear": "2015",
    "period": "Q3",
    "revenue": 34233556000,
    "costOfRevenue": 33385659000,
    "grossProfit": 847897000,
    "grossProfitRatio": 0.0247680083,
    "researchAndDevelopmentExpenses": 0,
    "generalAndAdministrativeExpenses": 12959000,
    "sellingAndMarketingExpenses": 4256000,
    "sellingGeneralAndAdministrativeExpenses": 17215000,
    "otherExpenses": 24091000,
    "operatingExpenses": 41306000,
    "costAndExpenses": 66780000,
    "interestIncome": 2000,
    "interestExpense": 1438000,
    "depreciationAndAmortization": 24046000,
    "ebitda": 404943000,
    "ebitdaratio": 0.0118288325,
    "operatingIncome": 14676000,
    "operatingIncomeRatio": 0.0004287022,
    "totalOtherIncomeExpensesNet": -28259000,
    "incomeBeforeTax": 12948000,
    "incomeBeforeTaxRatio": 0.0003782254,
    "incomeTaxExpense": 66000,
    "netIncome": 7623000,
    "netIncomeRatio": 0.0002226763,
    "eps": 0.98,
    "epsdiluted": 0.89,
    "weightedAverageShsOut": 219359000,
    "weightedAverageShsOutDil": 240236000,
    "link": "https://www.sec.gov/Archives/edgar/data/1490892/000110465915052959/0001104659-15-052959-index.html",
    "finalLink": "https://www.sec.gov/Archives/edgar/data/1490892/000110465915052959/a15-11971_110q.htm"
  },
  {
    "date": "2015-03-31",
    "symbol": "COR",
    "reportedCurrency": "USD",
    "cik": "0001140859",
    "fillingDate": "2015-04-24",
    "acceptedDate": "2015-04-24 07:31:46",
    "calendarYear": "2015",
    "period": "Q2",
    "revenue": 32669267000,
    "costOfRevenue": 31778774000,
    "grossProfit": 890493000,
    "grossProfitRatio": 0.02725782,
    "researchAndDevelopmentExpenses": 0,
    "generalAndAdministrativeExpenses": 13108000,
    "sellingAndMarketingExpenses": 3782000,
    "sellingGeneralAndAdministrativeExpenses": 16890000,
    "otherExpenses": 22816000,
    "operatingExpenses": 39706000,
    "costAndExpenses": 61421000,
    "interestIncome": 2000,
    "interestExpense": 971000,
    "depreciationAndAmortization": 22816000,
    "ebitda": -318566000,
    "ebitdaratio": -0.0097512442,
    "operatingIncome": 13336000,
    "operatingIncomeRatio": 0.0004082124,
    "totalOtherIncomeExpensesNet": -411936000,
    "incomeBeforeTax": 12109000,
    "incomeBeforeTaxRatio": 0.0003706542,
    "incomeTaxExpense": 49000,
    "netIncome": 6652000,
    "netIncomeRatio": 0.0002036164,
    "eps": -2.33,
    "epsdiluted": -2.33,
    "weightedAverageShsOut": 220243000,
    "weightedAverageShsOutDil": 220243000,
    "link": "https://www.sec.gov/Archives/edgar/data/1490892/000110465915029922/0001104659-15-029922-index.html",
    "finalLink": "https://www.sec.gov/Archives/edgar/data/1490892/000110465915029922/a15-7197_110q.htm"
  },
  {
    "date": "2014-12-31",
    "symbol": "COR",
    "reportedCurrency": "USD",
    "cik": "0001140859",
    "fillingDate": "2015-02-13",
    "acceptedDate": "2015-02-13 07:31:33",
    "calendarYear": "2015",
    "period": "Q1",
    "revenue": 33588602000,
    "costOfRevenue": 32836303000,
    "grossProfit": 752299000,
    "grossProfitRatio": 0.022397449,
    "researchAndDevelopmentExpenses": 0,
    "generalAndAdministrativeExpenses": 11408000,
    "sellingAndMarketingExpenses": 3413000,
    "sellingGeneralAndAdministrativeExpenses": 14821000,
    "otherExpenses": 22422000,
    "operatingExpenses": 37243000,
    "costAndExpenses": 60015000,
    "interestIncome": 1000,
    "interestExpense": 17891000,
    "depreciationAndAmortization": 22422000,
    "ebitda": -37992000,
    "ebitdaratio": -0.001131098,
    "operatingIncome": 12477000,
    "operatingIncomeRatio": 0.0003714653,
    "totalOtherIncomeExpensesNet": -18656000,
    "incomeBeforeTax": 12324000,
    "incomeBeforeTaxRatio": 0.0003669102,
    "incomeTaxExpense": 18000,
    "netIncome": 6749000,
    "netIncomeRatio": 0.0002009313,
    "eps": -0.91,
    "epsdiluted": -0.91,
    "weightedAverageShsOut": 219456000,
    "weightedAverageShsOutDil": 219456000,
    "link": "https://www.sec.gov/Archives/edgar/data/1490892/000104746915000775/0001047469-15-000775-index.htm",
    "finalLink": "https://www.sec.gov/Archives/edgar/data/1490892/000104746915000775/a2222961z10-k.htm"
  },
  {
    "date": "2014-09-30",
    "symbol": "COR",
    "reportedCurrency": "USD",
    "cik": "0001140859",
    "fillingDate": "2014-10-31",
    "acceptedDate": "2014-10-31 07:31:04",
    "calendarYear": "2014",
    "period": "Q4",
    "revenue": 31588708000,
    "costOfRevenue": 30716204000,
    "grossProfit": 872504000,
    "grossProfitRatio": 0.0276207561,
    "researchAndDevelopmentExpenses": 0,
    "generalAndAdministrativeExpenses": 12258000,
    "sellingAndMarketingExpenses": 3806000,
    "sellingGeneralAndAdministrativeExpenses": 16064000,
    "otherExpenses": 20963000,
    "operatingExpenses": 37027000,
    "costAndExpenses": 60143000,
    "interestIncome": 1000,
    "interestExpense": 913000,
    "depreciationAndAmortization": 20914000,
    "ebitda": 257750000,
    "ebitdaratio": 0.0081595613,
    "operatingIncome": 10372000,
    "operatingIncomeRatio": 0.0003283452,
    "totalOtherIncomeExpensesNet": -18985000,
    "incomeBeforeTax": 9012000,
    "incomeBeforeTaxRatio": 0.0002852918,
    "incomeTaxExpense": 22000,
    "netIncome": 5231000,
    "netIncomeRatio": 0.0001655971,
    "eps": 0.3,
    "epsdiluted": 0.29,
    "weightedAverageShsOut": 224087000,
    "weightedAverageShsOutDil": 235074000,
    "link": "https://www.sec.gov/Archives/edgar/data/1490892/000110465914075407/0001104659-14-075407-index.html",
    "finalLink": "https://www.sec.gov/Archives/edgar/data/1490892/000110465914075407/a14-19731_110q.htm"
  },
  {
    "date": "2014-06-30",
    "symbol": "COR",
    "reportedCurrency": "USD",
    "cik": "0001140859",
    "fillingDate": "2014-07-24",
    "acceptedDate": "2014-07-24 07:31:08",
    "calendarYear": "2014",
    "period": "Q3",
    "revenue": 30348154000,
    "costOfRevenue": 29658674000,
    "grossProfit": 689480000,
    "grossProfitRatio": 0.0227190095,
    "researchAndDevelopmentExpenses": 0,
    "generalAndAdministrativeExpenses": 11802000,
    "sellingAndMarketingExpenses": 3747000,
    "sellingGeneralAndAdministrativeExpenses": 15549000,
    "otherExpenses": 19513000,
    "operatingExpenses": 35062000,
    "costAndExpenses": 52616000,
    "interestIncome": 2000,
    "interestExpense": 966000,
    "depreciationAndAmortization": 19504000,
    "ebitda": 128724000,
    "ebitdaratio": 0.0042415759,
    "operatingIncome": 13066000,
    "operatingIncomeRatio": 0.0004305369,
    "totalOtherIncomeExpensesNet": -100261000,
    "incomeBeforeTax": 10616000,
    "incomeBeforeTaxRatio": 0.0003498071,
    "incomeTaxExpense": -22000,
    "netIncome": 5968000,
    "netIncomeRatio": 0.0001966512,
    "eps": -0.06,
    "epsdiluted": -0.06,
    "weightedAverageShsOut": 225727000,
    "weightedAverageShsOutDil": 225727000,
    "link": "https://www.sec.gov/Archives/edgar/data/1490892/000110465914053122/0001104659-14-053122-index.html",
    "finalLink": "https://www.sec.gov/Archives/edgar/data/1490892/000110465914053122/a14-14001_110q.htm"
  },
  {
    "date": "2014-03-31",
    "symbol": "COR",
    "reportedCurrency": "USD",
    "cik": "0001140859",
    "fillingDate": "2014-04-25",
    "acceptedDate": "2014-04-25 07:32:01",
    "calendarYear": "2014",
    "period": "Q2",
    "revenue": 28455903000,
    "costOfRevenue": 27727159000,
    "grossProfit": 728744000,
    "grossProfitRatio": 0.0256095897,
    "researchAndDevelopmentExpenses": 0,
    "generalAndAdministrativeExpenses": 13693000,
    "sellingAndMarketingExpenses": 3588000,
    "sellingGeneralAndAdministrativeExpenses": 17281000,
    "otherExpenses": 17886000,
    "operatingExpenses": 35167000,
    "costAndExpenses": 54422000,
    "interestIncome": 2000,
    "interestExpense": 593000,
    "depreciationAndAmortization": 17882000,
    "ebitda": 351255000,
    "ebitdaratio": 0.012343836,
    "operatingIncome": 9309000,
    "operatingIncomeRatio": 0.0003271377,
    "totalOtherIncomeExpensesNet": -15691000,
    "incomeBeforeTax": 8138000,
    "incomeBeforeTaxRatio": 0.0002859864,
    "incomeTaxExpense": 20000,
    "netIncome": 4817000,
    "netIncomeRatio": 0.0001692795,
    "eps": 0.78,
    "epsdiluted": 0.76,
    "weightedAverageShsOut": 229409000,
    "weightedAverageShsOutDil": 236268000,
    "link": "https://www.sec.gov/Archives/edgar/data/1490892/000110465914030197/0001104659-14-030197-index.html",
    "finalLink": "https://www.sec.gov/Archives/edgar/data/1490892/000110465914030197/a14-9470_110q.htm"
  },
  {
    "date": "2013-12-31",
    "symbol": "COR",
    "reportedCurrency": "USD",
    "cik": "0001140859",
    "fillingDate": "2014-02-14",
    "acceptedDate": "2014-02-14 07:32:19",
    "calendarYear": "2014",
    "period": "Q1",
    "revenue": 29176362000,
    "costOfRevenue": 28509160000,
    "grossProfit": 667202000,
    "grossProfitRatio": 0.0228678956,
    "researchAndDevelopmentExpenses": 0,
    "generalAndAdministrativeExpenses": 12120000,
    "sellingAndMarketingExpenses": 3474000,
    "sellingGeneralAndAdministrativeExpenses": 15594000,
    "otherExpenses": 17151000,
    "operatingExpenses": 32745000,
    "costAndExpenses": 51700000,
    "interestIncome": 14000,
    "interestExpense": 19043000,
    "depreciationAndAmortization": 17151000,
    "ebitda": 206134000,
    "ebitdaratio": 0.0070651029,
    "operatingIncome": 9740000,
    "operatingIncomeRatio": 0.0003338319,
    "totalOtherIncomeExpensesNet": -18235000,
    "incomeBeforeTax": 8995000,
    "incomeBeforeTaxRatio": 0.0003082975,
    "incomeTaxExpense": -34000,
    "netIncome": 5220000,
    "netIncomeRatio": 0.000178912,
    "eps": 0.18,
    "epsdiluted": 0.17,
    "weightedAverageShsOut": 230277000,
    "weightedAverageShsOutDil": 237012000,
    "link": "https://www.sec.gov/Archives/edgar/data/1490892/000104746914000899/0001047469-14-000899-index.htm",
    "finalLink": "https://www.sec.gov/Archives/edgar/data/1490892/000104746914000899/a2218228z10-k.htm"
  },
  {
    "date": "2013-09-30",
    "symbol": "COR",
    "reportedCurrency": "USD",
    "cik": "0001140859",
    "fillingDate": "2013-11-01",
    "acceptedDate": "2013-11-01 07:31:06",
    "calendarYear": "2013",
    "period": "Q4",
    "revenue": 24469040000,
    "costOfRevenue": 23902623000,
    "grossProfit": 566417000,
    "grossProfitRatio": 0.0231483131,
    "researchAndDevelopmentExpenses": 0,
    "generalAndAdministrativeExpenses": 12127000,
    "sellingAndMarketingExpenses": 3206000,
    "sellingGeneralAndAdministrativeExpenses": 15333000,
    "otherExpenses": 16449000,
    "operatingExpenses": 31782000,
    "costAndExpenses": 51376000,
    "interestIncome": 14000,
    "interestExpense": 708000,
    "depreciationAndAmortization": 16424000,
    "ebitda": 159990000,
    "ebitdaratio": 0.0065384666,
    "operatingIncome": 9259000,
    "operatingIncomeRatio": 0.0003783965,
    "totalOtherIncomeExpensesNet": -17465000,
    "incomeBeforeTax": 8565000,
    "incomeBeforeTaxRatio": 0.0003500342,
    "incomeTaxExpense": 56000,
    "netIncome": 4985000,
    "netIncomeRatio": 0.0002037268,
    "eps": 0.22,
    "epsdiluted": 0.22,
    "weightedAverageShsOut": 230478000,
    "weightedAverageShsOutDil": 235127000,
    "link": "https://www.sec.gov/Archives/edgar/data/1490892/000110465913079844/0001104659-13-079844-index.html",
    "finalLink": "https://www.sec.gov/Archives/edgar/data/1490892/000110465913079844/a13-18872_110q.htm"
  },
  {
    "date": "2013-06-30",
    "symbol": "COR",
    "reportedCurrency": "USD",
    "cik": "0001140859",
    "fillingDate": "2013-07-26",
    "acceptedDate": "2013-07-26 07:30:57",
    "calendarYear": "2013",
    "period": "Q3",
    "revenue": 21906648000,
    "costOfRevenue": 21350182000,
    "grossProfit": 556466000,
    "grossProfitRatio": 0.0254016954,
    "researchAndDevelopmentExpenses": 0,
    "generalAndAdministrativeExpenses": 10933000,
    "sellingAndMarketingExpenses": 3936000,
    "sellingGeneralAndAdministrativeExpenses": 14869000,
    "otherExpenses": 16510000,
    "operatingExpenses": 31379000,
    "costAndExpenses": 48801000,
    "interestIncome": 2000,
    "interestExpense": 783000,
    "depreciationAndAmortization": 16261000,
    "ebitda": 177476000,
    "ebitdaratio": 0.0081014676,
    "operatingIncome": 8866000,
    "operatingIncomeRatio": 0.0004047173,
    "totalOtherIncomeExpensesNet": -18715000,
    "incomeBeforeTax": 8085000,
    "incomeBeforeTaxRatio": 0.000369066,
    "incomeTaxExpense": 206000,
    "netIncome": 4703000,
    "netIncomeRatio": 0.0002146837,
    "eps": 0.73,
    "epsdiluted": 0.71,
    "weightedAverageShsOut": 231002000,
    "weightedAverageShsOutDil": 235669000,
    "link": "https://www.sec.gov/Archives/edgar/data/1490892/000110465913056840/0001104659-13-056840-index.html",
    "finalLink": "https://www.sec.gov/Archives/edgar/data/1490892/000110465913056840/a13-13708_110q.htm"
  },
  {
    "date": "2013-03-31",
    "symbol": "COR",
    "reportedCurrency": "USD",
    "cik": "0001140859",
    "fillingDate": "2013-04-25",
    "acceptedDate": "2013-04-25 07:31:22",
    "calendarYear": "2013",
    "period": "Q2",
    "revenue": 20523668000,
    "costOfRevenue": 19810135000,
    "grossProfit": 713533000,
    "grossProfitRatio": 0.0347663488,
    "researchAndDevelopmentExpenses": 0,
    "generalAndAdministrativeExpenses": 11796000,
    "sellingAndMarketingExpenses": 3789000,
    "sellingGeneralAndAdministrativeExpenses": 15585000,
    "otherExpenses": 15954000,
    "operatingExpenses": 31539000,
    "costAndExpenses": 48286000,
    "interestIncome": 2000,
    "interestExpense": 439000,
    "depreciationAndAmortization": 15949000,
    "ebitda": 391601000,
    "ebitdaratio": 0.0190804587,
    "operatingIncome": 6805000,
    "operatingIncomeRatio": 0.0003315684,
    "totalOtherIncomeExpensesNet": -19259000,
    "incomeBeforeTax": 6368000,
    "incomeBeforeTaxRatio": 0.0003102759,
    "incomeTaxExpense": 173000,
    "netIncome": 3933000,
    "netIncomeRatio": 0.0001916324,
    "eps": 0.2,
    "epsdiluted": 0.19,
    "weightedAverageShsOut": 230422000,
    "weightedAverageShsOutDil": 234587000,
    "link": "https://www.sec.gov/Archives/edgar/data/1490892/000110465913032675/0001104659-13-032675-index.html",
    "finalLink": "https://www.sec.gov/Archives/edgar/data/1490892/000110465913032675/a13-8364_110q.htm"
  },
  {
    "date": "2012-12-31",
    "symbol": "COR",
    "reportedCurrency": "USD",
    "cik": "0001140859",
    "fillingDate": "2013-02-25",
    "acceptedDate": "2013-02-25 07:31:31",
    "calendarYear": "2013",
    "period": "Q1",
    "revenue": 21059811000,
    "costOfRevenue": 20411291000,
    "grossProfit": 648520000,
    "grossProfitRatio": 0.0307941985,
    "researchAndDevelopmentExpenses": 0,
    "generalAndAdministrativeExpenses": 11311000,
    "sellingAndMarketingExpenses": 3389000,
    "sellingGeneralAndAdministrativeExpenses": 14700000,
    "otherExpenses": 10645000,
    "operatingExpenses": 25345000,
    "costAndExpenses": 49316000,
    "interestIncome": 1000,
    "interestExpense": 1314000,
    "depreciationAndAmortization": 17577000,
    "ebitda": 341232000,
    "ebitdaratio": 0.0162029944,
    "operatingIncome": 5936000,
    "operatingIncomeRatio": 0.0002818639,
    "totalOtherIncomeExpensesNet": -18502000,
    "incomeBeforeTax": 4623000,
    "incomeBeforeTaxRatio": 0.0002195176,
    "incomeTaxExpense": 45000,
    "netIncome": 2299000,
    "netIncomeRatio": 0.0001091653,
    "eps": 0.73,
    "epsdiluted": 0.71,
    "weightedAverageShsOut": 232361000,
    "weightedAverageShsOutDil": 235992000,
    "link": "https://www.sec.gov/Archives/edgar/data/1490892/000110465913013502/0001104659-13-013502-index.html",
    "finalLink": "https://www.sec.gov/Archives/edgar/data/1490892/000110465913013502/a12-28649_110k.htm"
  },
  {
    "date": "2012-09-30",
    "symbol": "COR",
    "reportedCurrency": "USD",
    "cik": "0001140859",
    "fillingDate": "2012-11-02",
    "acceptedDate": "2012-11-02 07:30:38",
    "calendarYear": "2012",
    "period": "Q4",
    "revenue": 19064443000,
    "costOfRevenue": 18365426000,
    "grossProfit": 699017000,
    "grossProfitRatio": 0.036666007,
    "researchAndDevelopmentExpenses": 0,
    "generalAndAdministrativeExpenses": 11371000,
    "sellingAndMarketingExpenses": 2231000,
    "sellingGeneralAndAdministrativeExpenses": 13602000,
    "otherExpenses": 18741000,
    "operatingExpenses": 32343000,
    "costAndExpenses": 48703000,
    "interestIncome": 5000,
    "interestExpense": 1595000,
    "depreciationAndAmortization": 16139000,
    "ebitda": 325943000,
    "ebitdaratio": 0.0170969065,
    "operatingIncome": 5059000,
    "operatingIncomeRatio": 0.0002653631,
    "totalOtherIncomeExpensesNet": -23331000,
    "incomeBeforeTax": 3469000,
    "incomeBeforeTaxRatio": 0.0001819618,
    "incomeTaxExpense": 522000,
    "netIncome": 1320000,
    "netIncomeRatio": 0.0000692388,
    "eps": 0.0053,
    "epsdiluted": 0.0628,
    "weightedAverageShsOut": 246875315,
    "weightedAverageShsOutDil": 21027635,
    "link": "https://www.sec.gov/Archives/edgar/data/1490892/000110465912073416/0001104659-12-073416-index.html",
    "finalLink": "https://www.sec.gov/Archives/edgar/data/1490892/000110465912073416/a12-19569_110q.htm"
  },
  {
    "date": "2012-06-30",
    "symbol": "COR",
    "reportedCurrency": "USD",
    "cik": "0001140859",
    "fillingDate": "2012-07-27",
    "acceptedDate": "2012-07-27 07:30:00",
    "calendarYear": "2012",
    "period": "Q3",
    "revenue": 19326807000,
    "costOfRevenue": 18658941000,
    "grossProfit": 667866000,
    "grossProfitRatio": 0.0345564583,
    "researchAndDevelopmentExpenses": 0,
    "generalAndAdministrativeExpenses": 0,
    "sellingAndMarketingExpenses": 303812000,
    "sellingGeneralAndAdministrativeExpenses": 303812000,
    "otherExpenses": 4785000,
    "operatingExpenses": 339345000,
    "costAndExpenses": 18998286000,
    "interestIncome": 545000,
    "interestExpense": 24316000,
    "depreciationAndAmortization": 37000000,
    "ebitda": 366716000,
    "ebitdaratio": 0.0189744742,
    "operatingIncome": 324386000,
    "operatingIncomeRatio": 0.016784252,
    "totalOtherIncomeExpensesNet": -18986000,
    "incomeBeforeTax": 305400000,
    "incomeBeforeTaxRatio": 0.015801886,
    "incomeTaxExpense": 115223000,
    "netIncome": 181271000,
    "netIncomeRatio": 0.0093792524,
    "eps": 0.72,
    "epsdiluted": 0.71,
    "weightedAverageShsOut": 252116000,
    "weightedAverageShsOutDil": 255725000,
    "link": "https://www.sec.gov/Archives/edgar/data/1490892/000110465912051616/0001104659-12-051616-index.html",
    "finalLink": "https://www.sec.gov/Archives/edgar/data/1490892/000110465912051616/a12-16491_110q.htm"
  },
  {
    "date": "2012-03-31",
    "symbol": "COR",
    "reportedCurrency": "USD",
    "cik": "0001140859",
    "fillingDate": "2012-04-27",
    "acceptedDate": "2012-04-27 07:31:12",
    "calendarYear": "2012",
    "period": "Q2",
    "revenue": 19708371000,
    "costOfRevenue": 19028630000,
    "grossProfit": 679741000,
    "grossProfitRatio": 0.0344899637,
    "researchAndDevelopmentExpenses": 0,
    "generalAndAdministrativeExpenses": 0,
    "sellingAndMarketingExpenses": 262421000,
    "sellingGeneralAndAdministrativeExpenses": 262421000,
    "otherExpenses": 131000,
    "operatingExpenses": 293654000,
    "costAndExpenses": 19322284000,
    "interestIncome": 670000,
    "interestExpense": 24045000,
    "depreciationAndAmortization": 31719000,
    "ebitda": 409580000,
    "ebitdaratio": 0.0207820322,
    "operatingIncome": 377060000,
    "operatingIncomeRatio": 0.0191319719,
    "totalOtherIncomeExpensesNet": -23244000,
    "incomeBeforeTax": 353816000,
    "incomeBeforeTaxRatio": 0.0179525746,
    "incomeTaxExpense": 134673000,
    "netIncome": 212105000,
    "netIncomeRatio": 0.0107621782,
    "eps": 0.82,
    "epsdiluted": 0.81,
    "weightedAverageShsOut": 258162000,
    "weightedAverageShsOutDil": 262363000,
    "link": "https://www.sec.gov/Archives/edgar/data/1490892/000119312512076742/0001193125-12-076742-index.htm",
    "finalLink": "https://www.sec.gov/Archives/edgar/data/1490892/000119312512076742/d286427d10k.htm"
  },
  {
    "date": "2011-12-31",
    "symbol": "COR",
    "reportedCurrency": "USD",
    "cik": "0001140859",
    "fillingDate": "2012-02-24",
    "acceptedDate": "2012-02-24 07:31:09",
    "calendarYear": "2012",
    "period": "Q1",
    "revenue": 20311922000,
    "costOfRevenue": 19728005000,
    "grossProfit": 583917000,
    "grossProfitRatio": 0.0287475011,
    "researchAndDevelopmentExpenses": 0,
    "generalAndAdministrativeExpenses": 0,
    "sellingAndMarketingExpenses": 268893000,
    "sellingGeneralAndAdministrativeExpenses": 268893000,
    "otherExpenses": 1000,
    "operatingExpenses": 298939000,
    "costAndExpenses": 20026944000,
    "interestIncome": 204000,
    "interestExpense": 22780000,
    "depreciationAndAmortization": 31882000,
    "ebitda": 313506000,
    "ebitdaratio": 0.0154345807,
    "operatingIncome": 281419000,
    "operatingIncomeRatio": 0.0138548681,
    "totalOtherIncomeExpensesNet": -22575000,
    "incomeBeforeTax": 258844000,
    "incomeBeforeTaxRatio": 0.0127434519,
    "incomeTaxExpense": 98887000,
    "netIncome": 162116000,
    "netIncomeRatio": 0.0079813225,
    "eps": 0.63,
    "epsdiluted": 0.62,
    "weightedAverageShsOut": 258461000,
    "weightedAverageShsOutDil": 263084000,
    "link": "https://www.sec.gov/Archives/edgar/data/1490892/000119312512076742/0001193125-12-076742-index.html",
    "finalLink": "https://www.sec.gov/Archives/edgar/data/1490892/000119312512076742/d286427d10k.htm"
  },
  {
    "date": "2011-09-30",
    "symbol": "COR",
    "reportedCurrency": "USD",
    "cik": "0001140859",
    "fillingDate": "2011-11-04",
    "acceptedDate": "2011-11-04 07:30:43",
    "calendarYear": "2011",
    "period": "Q4",
    "revenue": 20407670000,
    "costOfRevenue": 19789723000,
    "grossProfit": 617947000,
    "grossProfitRatio": 0.0302801349,
    "researchAndDevelopmentExpenses": 0,
    "generalAndAdministrativeExpenses": 9540000,
    "sellingAndMarketingExpenses": 1315000,
    "sellingGeneralAndAdministrativeExpenses": 314998000,
    "otherExpenses": 18254000,
    "operatingExpenses": 367870000,
    "costAndExpenses": 20157593000,
    "interestIncome": 268000,
    "interestExpense": 20184000,
    "depreciationAndAmortization": 33679000,
    "ebitda": 280388000,
    "ebitdaratio": 0.0137393441,
    "operatingIncome": 243571000,
    "operatingIncomeRatio": 0.0119352675,
    "totalOtherIncomeExpensesNet": -17046000,
    "incomeBeforeTax": 226525000,
    "incomeBeforeTaxRatio": 0.0110999933,
    "incomeTaxExpense": 79201000,
    "netIncome": 147324000,
    "netIncomeRatio": 0.0072190505,
    "eps": 0.55,
    "epsdiluted": 0.54,
    "weightedAverageShsOut": 266432000,
    "weightedAverageShsOutDil": 271357000,
    "link": "https://www.sec.gov/Archives/edgar/data/1490892/000095012311095099/0000950123-11-095099-index.html",
    "finalLink": "https://www.sec.gov/Archives/edgar/data/1490892/000095012311095099/c23744e10vq.htm"
  },
  {
    "date": "2011-06-30",
    "symbol": "COR",
    "reportedCurrency": "USD",
    "cik": "0001140859",
    "fillingDate": "2011-08-05",
    "acceptedDate": "2011-08-05 07:30:29",
    "calendarYear": "2011",
    "period": "Q3",
    "revenue": 20161022000,
    "costOfRevenue": 19507441000,
    "grossProfit": 653581000,
    "grossProfitRatio": 0.032418049,
    "researchAndDevelopmentExpenses": 0,
    "generalAndAdministrativeExpenses": 10202000,
    "sellingAndMarketingExpenses": 1433000,
    "sellingGeneralAndAdministrativeExpenses": 308806000,
    "otherExpenses": 20492000,
    "operatingExpenses": 336422000,
    "costAndExpenses": 19843863000,
    "interestIncome": 750000,
    "interestExpense": 19355000,
    "depreciationAndAmortization": 32012000,
    "ebitda": 349859000,
    "ebitdaratio": 0.0173532374,
    "operatingIncome": 317159000,
    "operatingIncomeRatio": 0.0157312958,
    "totalOtherIncomeExpensesNet": -18667000,
    "incomeBeforeTax": 298492000,
    "incomeBeforeTaxRatio": 0.0148054002,
    "incomeTaxExpense": 114073000,
    "netIncome": 184419000,
    "netIncomeRatio": 0.0091473041,
    "eps": 0.67,
    "epsdiluted": 0.66,
    "weightedAverageShsOut": 273492000,
    "weightedAverageShsOutDil": 279015000,
    "link": "https://www.sec.gov/Archives/edgar/data/1490892/000095012311073257/0000950123-11-073257-index.html",
    "finalLink": "https://www.sec.gov/Archives/edgar/data/1490892/000095012311073257/c18777e10vq.htm"
  },
  {
    "date": "2011-03-31",
    "symbol": "COR",
    "reportedCurrency": "USD",
    "cik": "0001140859",
    "fillingDate": "2011-05-06",
    "acceptedDate": "2011-05-06 07:30:41",
    "calendarYear": "2011",
    "period": "Q2",
    "revenue": 19760257000,
    "costOfRevenue": 19072921000,
    "grossProfit": 687336000,
    "grossProfitRatio": 0.0347837581,
    "researchAndDevelopmentExpenses": 0,
    "generalAndAdministrativeExpenses": 10164000,
    "sellingAndMarketingExpenses": 1377000,
    "sellingGeneralAndAdministrativeExpenses": 296132000,
    "otherExpenses": 22216000,
    "operatingExpenses": 322087000,
    "costAndExpenses": 19395008000,
    "interestIncome": 569000,
    "interestExpense": 19625000,
    "depreciationAndAmortization": 30391000,
    "ebitda": 396351000,
    "ebitdaratio": 0.0200579881,
    "operatingIncome": 365249000,
    "operatingIncomeRatio": 0.0184840207,
    "totalOtherIncomeExpensesNet": -18914000,
    "incomeBeforeTax": 346335000,
    "incomeBeforeTaxRatio": 0.0175268469,
    "incomeTaxExpense": 131954000,
    "netIncome": 214381000,
    "netIncomeRatio": 0.0108490998,
    "eps": 0.78,
    "epsdiluted": 0.77,
    "weightedAverageShsOut": 274319000,
    "weightedAverageShsOutDil": 279766000,
    "link": "https://www.sec.gov/Archives/edgar/data/1490892/000095012311046094/0000950123-11-046094-index.html",
    "finalLink": "https://www.sec.gov/Archives/edgar/data/1490892/000095012311046094/c16425e10vq.htm"
  },
  {
    "date": "2010-12-31",
    "symbol": "COR",
    "reportedCurrency": "USD",
    "cik": "0001140859",
    "fillingDate": "2011-03-11",
    "acceptedDate": "2011-03-11 16:35:55",
    "calendarYear": "2011",
    "period": "Q1",
    "revenue": 19888609000,
    "costOfRevenue": 19308377000,
    "grossProfit": 580232000,
    "grossProfitRatio": 0.0291740865,
    "researchAndDevelopmentExpenses": 0,
    "generalAndAdministrativeExpenses": 9684000,
    "sellingAndMarketingExpenses": 1216000,
    "sellingGeneralAndAdministrativeExpenses": 278033000,
    "otherExpenses": 19200000,
    "operatingExpenses": 303466000,
    "costAndExpenses": 19611843000,
    "interestIncome": 594000,
    "interestExpense": 19738000,
    "depreciationAndAmortization": 29859000,
    "ebitda": 308886000,
    "ebitdaratio": 0.0155307996,
    "operatingIncome": 276766000,
    "operatingIncomeRatio": 0.0139158048,
    "totalOtherIncomeExpensesNet": -17477000,
    "incomeBeforeTax": 259289000,
    "incomeBeforeTaxRatio": 0.0130370606,
    "incomeTaxExpense": 98789000,
    "netIncome": 160500000,
    "netIncomeRatio": 0.008069946,
    "eps": 0.58,
    "epsdiluted": 0.57,
    "weightedAverageShsOut": 275605000,
    "weightedAverageShsOutDil": 280693000,
    "link": "https://www.sec.gov/Archives/edgar/data/1490892/000095012311024775/0000950123-11-024775-index.html",
    "finalLink": "https://www.sec.gov/Archives/edgar/data/1490892/000095012311024775/c13842e10vk.htm"
  },
  {
    "date": "2010-09-30",
    "symbol": "COR",
    "reportedCurrency": "USD",
    "cik": "0001140859",
    "fillingDate": "2010-09-30",
    "acceptedDate": "2010-09-29 20:00:00",
    "calendarYear": "2010",
    "period": "Q4",
    "revenue": 19715373000,
    "costOfRevenue": 19122539000,
    "grossProfit": 592834000,
    "grossProfitRatio": 0.0300696314,
    "researchAndDevelopmentExpenses": 0,
    "generalAndAdministrativeExpenses": 7346000,
    "sellingAndMarketingExpenses": 65000,
    "sellingGeneralAndAdministrativeExpenses": 318810000,
    "otherExpenses": 5350000,
    "operatingExpenses": 346644000,
    "costAndExpenses": 19469183000,
    "interestIncome": 903000,
    "interestExpense": 18950000,
    "depreciationAndAmortization": 27771000,
    "ebitda": 274507000,
    "ebitdaratio": 0.0139235002,
    "operatingIncome": 248172000,
    "operatingIncomeRatio": 0.0125877405,
    "totalOtherIncomeExpensesNet": -20386000,
    "incomeBeforeTax": 227786000,
    "incomeBeforeTaxRatio": 0.0115537251,
    "incomeTaxExpense": 86558000,
    "netIncome": 141228000,
    "netIncomeRatio": 0.0071633441,
    "eps": 0.51,
    "epsdiluted": 0.5,
    "weightedAverageShsOut": 278862000,
    "weightedAverageShsOutDil": 283748000,
    "link": "",
    "finalLink": ""
  },
  {
    "date": "2010-06-30",
    "symbol": "COR",
    "reportedCurrency": "USD",
    "cik": "0001140859",
    "fillingDate": "2010-06-30",
    "acceptedDate": "2010-06-29 20:00:00",
    "calendarYear": "2010",
    "period": "Q3",
    "revenue": 19602120000,
    "costOfRevenue": 19013750000,
    "grossProfit": 588370000,
    "grossProfitRatio": 0.030015631,
    "researchAndDevelopmentExpenses": 0,
    "generalAndAdministrativeExpenses": 2346000,
    "sellingAndMarketingExpenses": 57000,
    "sellingGeneralAndAdministrativeExpenses": 289288000,
    "otherExpenses": 4155000,
    "operatingExpenses": 310913000,
    "costAndExpenses": 19324663000,
    "interestIncome": 714000,
    "interestExpense": 18615000,
    "depreciationAndAmortization": 26009000,
    "ebitda": 308089000,
    "ebitdaratio": 0.0157171265,
    "operatingIncome": 281854000,
    "operatingIncomeRatio": 0.0143787509,
    "totalOtherIncomeExpensesNet": -18389000,
    "incomeBeforeTax": 263465000,
    "incomeBeforeTaxRatio": 0.0134406381,
    "incomeTaxExpense": 100260000,
    "netIncome": 163205000,
    "netIncomeRatio": 0.0083258852,
    "eps": 0.58,
    "epsdiluted": 0.57,
    "weightedAverageShsOut": 281195000,
    "weightedAverageShsOutDil": 286693000,
    "link": "",
    "finalLink": ""
  },
  {
    "date": "2010-03-31",
    "symbol": "COR",
    "reportedCurrency": "USD",
    "cik": "0001140859",
    "fillingDate": "2010-03-31",
    "acceptedDate": "2010-03-30 20:00:00",
    "calendarYear": "2010",
    "period": "Q2",
    "revenue": 19300627000,
    "costOfRevenue": 18688559000,
    "grossProfit": 612068000,
    "grossProfitRatio": 0.0317123376,
    "researchAndDevelopmentExpenses": 0,
    "generalAndAdministrativeExpenses": 1839000,
    "sellingAndMarketingExpenses": 2000,
    "sellingGeneralAndAdministrativeExpenses": 279491000,
    "otherExpenses": 3605000,
    "operatingExpenses": 300178000,
    "costAndExpenses": 18988737000,
    "interestIncome": 319000,
    "interestExpense": 19598000,
    "depreciationAndAmortization": 25188000,
    "ebitda": 336466000,
    "ebitdaratio": 0.0174329052,
    "operatingIncome": 311227000,
    "operatingIncomeRatio": 0.0161252274,
    "totalOtherIncomeExpensesNet": -19547000,
    "incomeBeforeTax": 291680000,
    "incomeBeforeTaxRatio": 0.0151124624,
    "incomeTaxExpense": 110672000,
    "netIncome": 181008000,
    "netIncomeRatio": 0.0093783482,
    "eps": 0.64,
    "epsdiluted": 0.63,
    "weightedAverageShsOut": 281926000,
    "weightedAverageShsOutDil": 287162000,
    "link": "",
    "finalLink": ""
  },
  {
    "date": "2009-12-31",
    "symbol": "COR",
    "reportedCurrency": "USD",
    "cik": "0001140859",
    "fillingDate": "2009-12-31",
    "acceptedDate": "2009-12-30 19:00:00",
    "calendarYear": "2010",
    "period": "Q1",
    "revenue": 19335859000,
    "costOfRevenue": 18772489000,
    "grossProfit": 563370000,
    "grossProfitRatio": 0.0291360213,
    "researchAndDevelopmentExpenses": 0,
    "generalAndAdministrativeExpenses": 1358000,
    "sellingAndMarketingExpenses": 40000,
    "sellingGeneralAndAdministrativeExpenses": 280239000,
    "otherExpenses": 3533000,
    "operatingExpenses": 300988000,
    "costAndExpenses": 19073477000,
    "interestIncome": 375000,
    "interestExpense": 17642000,
    "depreciationAndAmortization": 25204000,
    "ebitda": 287684000,
    "ebitdaratio": 0.0148782632,
    "operatingIncome": 262382000,
    "operatingIncomeRatio": 0.01356971,
    "totalOtherIncomeExpensesNet": -17544000,
    "incomeBeforeTax": 244838000,
    "incomeBeforeTaxRatio": 0.0126623803,
    "incomeTaxExpense": 93531000,
    "netIncome": 151307000,
    "netIncomeRatio": 0.0078252019,
    "eps": 0.53,
    "epsdiluted": 0.52,
    "weightedAverageShsOut": 286955000,
    "weightedAverageShsOutDil": 291287000,
    "link": "",
    "finalLink": ""
  },
  {
    "date": "2009-09-30",
    "symbol": "COR",
    "reportedCurrency": "USD",
    "cik": "0001140859",
    "fillingDate": "2009-09-30",
    "acceptedDate": "2009-09-30 00:00:00",
    "calendarYear": "2009",
    "period": "Q4",
    "revenue": 18716063000,
    "costOfRevenue": 18177530000,
    "grossProfit": 538533000,
    "grossProfitRatio": 0.0287738399,
    "researchAndDevelopmentExpenses": 0,
    "generalAndAdministrativeExpenses": 2117000,
    "sellingAndMarketingExpenses": 32000,
    "sellingGeneralAndAdministrativeExpenses": 291473000,
    "otherExpenses": 3266000,
    "operatingExpenses": 312349000,
    "costAndExpenses": 18489879000,
    "interestIncome": 1000,
    "interestExpense": 14951000,
    "depreciationAndAmortization": 24922000,
    "ebitda": 249285000,
    "ebitdaratio": 0.0133193076,
    "operatingIncome": 224612000,
    "operatingIncomeRatio": 0.0120010282,
    "totalOtherIncomeExpensesNet": -15200000,
    "incomeBeforeTax": 209412000,
    "incomeBeforeTaxRatio": 0.0111888916,
    "incomeTaxExpense": 79265000,
    "netIncome": 130147000,
    "netIncomeRatio": 0.0069537595,
    "eps": 0.44,
    "epsdiluted": 0.44,
    "weightedAverageShsOut": 292617000,
    "weightedAverageShsOutDil": 295503000,
    "link": "",
    "finalLink": ""
  },
  {
    "date": "2009-06-30",
    "symbol": "COR",
    "reportedCurrency": "USD",
    "cik": "0001140859",
    "fillingDate": "2009-06-30",
    "acceptedDate": "2009-06-30 00:00:00",
    "calendarYear": "2009",
    "period": "Q3",
    "revenue": 18393899000,
    "costOfRevenue": 17874676000,
    "grossProfit": 519223000,
    "grossProfitRatio": 0.028228001,
    "researchAndDevelopmentExpenses": 0,
    "generalAndAdministrativeExpenses": 1678000,
    "sellingAndMarketingExpenses": 40000,
    "sellingGeneralAndAdministrativeExpenses": 277434000,
    "otherExpenses": 3243000,
    "operatingExpenses": 297336000,
    "costAndExpenses": 18172012000,
    "interestIncome": 1032000,
    "interestExpense": 15684000,
    "depreciationAndAmortization": 23551000,
    "ebitda": 237384000,
    "ebitdaratio": 0.0129055835,
    "operatingIncome": 212987000,
    "operatingIncomeRatio": 0.0115792198,
    "totalOtherIncomeExpensesNet": -14838000,
    "incomeBeforeTax": 198149000,
    "incomeBeforeTaxRatio": 0.0107725393,
    "incomeTaxExpense": 73015000,
    "netIncome": 118807000,
    "netIncomeRatio": 0.0064590438,
    "eps": 0.4,
    "epsdiluted": 0.4,
    "weightedAverageShsOut": 298477000,
    "weightedAverageShsOutDil": 300592000,
    "link": "",
    "finalLink": ""
  },
  {
    "date": "2009-03-31",
    "symbol": "COR",
    "reportedCurrency": "USD",
    "cik": "0001140859",
    "fillingDate": "2009-03-31",
    "acceptedDate": "2009-03-31 00:00:00",
    "calendarYear": "2009",
    "period": "Q2",
    "revenue": 17311651000,
    "costOfRevenue": 16759180000,
    "grossProfit": 552471000,
    "grossProfitRatio": 0.0319132473,
    "researchAndDevelopmentExpenses": 0,
    "generalAndAdministrativeExpenses": 1307000,
    "sellingAndMarketingExpenses": 23000,
    "sellingGeneralAndAdministrativeExpenses": 283471000,
    "otherExpenses": 2938000,
    "operatingExpenses": 302905000,
    "costAndExpenses": 17062085000,
    "interestIncome": 1379000,
    "interestExpense": 15900000,
    "depreciationAndAmortization": 23187000,
    "ebitda": 272328000,
    "ebitdaratio": 0.0157309086,
    "operatingIncome": 248266000,
    "operatingIncomeRatio": 0.0143409776,
    "totalOtherIncomeExpensesNet": -15025000,
    "incomeBeforeTax": 233241000,
    "incomeBeforeTaxRatio": 0.013473065,
    "incomeTaxExpense": 89199000,
    "netIncome": 143387000,
    "netIncomeRatio": 0.0082826878,
    "eps": 0.47,
    "epsdiluted": 0.47,
    "weightedAverageShsOut": 302446000,
    "weightedAverageShsOutDil": 304584000,
    "link": "",
    "finalLink": ""
  },
  {
    "date": "2008-12-31",
    "symbol": "COR",
    "reportedCurrency": "USD",
    "cik": "0001140859",
    "fillingDate": "2008-12-31",
    "acceptedDate": "2008-12-30 19:00:00",
    "calendarYear": "2009",
    "period": "Q1",
    "revenue": 17338377000,
    "costOfRevenue": 16848529000,
    "grossProfit": 489848000,
    "grossProfitRatio": 0.0282522407,
    "researchAndDevelopmentExpenses": 0,
    "generalAndAdministrativeExpenses": 272026000,
    "sellingAndMarketingExpenses": 0,
    "sellingGeneralAndAdministrativeExpenses": 272026000,
    "otherExpenses": 18909000,
    "operatingExpenses": 290935000,
    "costAndExpenses": 17139464000,
    "interestIncome": 0,
    "interestExpense": 14183000,
    "depreciationAndAmortization": 17813000,
    "ebitda": 220111000,
    "ebitdaratio": 0.0126950175,
    "operatingIncome": 197884000,
    "operatingIncomeRatio": 0.0114130636,
    "totalOtherIncomeExpensesNet": -14612000,
    "incomeBeforeTax": 183272000,
    "incomeBeforeTaxRatio": 0.0105703089,
    "incomeTaxExpense": 70743000,
    "netIncome": 111056000,
    "netIncomeRatio": 0.0064052131,
    "eps": 0.36,
    "epsdiluted": 0.36,
    "weightedAverageShsOut": 308594000,
    "weightedAverageShsOutDil": 310178000,
    "link": null,
    "finalLink": null
  },
  {
    "date": "2008-09-30",
    "symbol": "COR",
    "reportedCurrency": "USD",
    "cik": "0001140859",
    "fillingDate": "2008-09-30",
    "acceptedDate": "2008-09-29 20:00:00",
    "calendarYear": "2008",
    "period": "Q4",
    "revenue": 17157846000,
    "costOfRevenue": 16630393000,
    "grossProfit": 527453000,
    "grossProfitRatio": 0.0307412131,
    "researchAndDevelopmentExpenses": 0,
    "generalAndAdministrativeExpenses": 303279000,
    "sellingAndMarketingExpenses": 0,
    "sellingGeneralAndAdministrativeExpenses": 303279000,
    "otherExpenses": 18531000,
    "operatingExpenses": 321810000,
    "costAndExpenses": 16952203000,
    "interestIncome": 0,
    "interestExpense": 0,
    "depreciationAndAmortization": 22268000,
    "ebitda": 227911000,
    "ebitdaratio": 0.0132831942,
    "operatingIncome": 202692000,
    "operatingIncomeRatio": 0.011813371,
    "totalOtherIncomeExpensesNet": -14929000,
    "incomeBeforeTax": 187763000,
    "incomeBeforeTaxRatio": 0.0109432734,
    "incomeTaxExpense": 72701000,
    "netIncome": 114907000,
    "netIncomeRatio": 0.0066970528,
    "eps": 0.36,
    "epsdiluted": 0.36,
    "weightedAverageShsOut": 312854000,
    "weightedAverageShsOutDil": 315818000,
    "link": null,
    "finalLink": null
  },
  {
    "date": "2008-06-30",
    "symbol": "COR",
    "reportedCurrency": "USD",
    "cik": "0001140859",
    "fillingDate": "2008-06-30",
    "acceptedDate": "2008-06-29 20:00:00",
    "calendarYear": "2008",
    "period": "Q3",
    "revenue": 17996666000,
    "costOfRevenue": 17498621000,
    "grossProfit": 498045000,
    "grossProfitRatio": 0.0276742926,
    "researchAndDevelopmentExpenses": 0,
    "generalAndAdministrativeExpenses": 271098000,
    "sellingAndMarketingExpenses": 0,
    "sellingGeneralAndAdministrativeExpenses": 271098000,
    "otherExpenses": 21557000,
    "operatingExpenses": 292655000,
    "costAndExpenses": 17791276000,
    "interestIncome": 0,
    "interestExpense": 0,
    "depreciationAndAmortization": 21709000,
    "ebitda": 227099000,
    "ebitdaratio": 0.0126189484,
    "operatingIncome": 197525000,
    "operatingIncomeRatio": 0.010975644,
    "totalOtherIncomeExpensesNet": -16734000,
    "incomeBeforeTax": 180791000,
    "incomeBeforeTaxRatio": 0.0100458052,
    "incomeTaxExpense": 68026000,
    "netIncome": -108020000,
    "netIncomeRatio": -0.0060022229,
    "eps": -0.34,
    "epsdiluted": -0.34,
    "weightedAverageShsOut": 319064000,
    "weightedAverageShsOutDil": 322234000,
    "link": null,
    "finalLink": null
  },
  {
    "date": "2008-03-31",
    "symbol": "COR",
    "reportedCurrency": "USD",
    "cik": "0001140859",
    "fillingDate": "2008-03-31",
    "acceptedDate": "2008-03-30 20:00:00",
    "calendarYear": "2008",
    "period": "Q2",
    "revenue": 17846246000,
    "costOfRevenue": 17287493000,
    "grossProfit": 558753000,
    "grossProfitRatio": 0.0313092737,
    "researchAndDevelopmentExpenses": 0,
    "generalAndAdministrativeExpenses": 297607000,
    "sellingAndMarketingExpenses": 0,
    "sellingGeneralAndAdministrativeExpenses": 297607000,
    "otherExpenses": 23040000,
    "operatingExpenses": 320647000,
    "costAndExpenses": 17608140000,
    "interestIncome": 0,
    "interestExpense": 0,
    "depreciationAndAmortization": 26348000,
    "ebitda": 264846000,
    "ebitdaratio": 0.014840432,
    "operatingIncome": 236722000,
    "operatingIncomeRatio": 0.0132645263,
    "totalOtherIncomeExpensesNet": -17734000,
    "incomeBeforeTax": 218988000,
    "incomeBeforeTaxRatio": 0.0122708159,
    "incomeTaxExpense": 85136000,
    "netIncome": 133852000,
    "netIncomeRatio": 0.0075002889,
    "eps": 0.42,
    "epsdiluted": 0.41,
    "weightedAverageShsOut": 322436000,
    "weightedAverageShsOutDil": 326536000,
    "link": null,
    "finalLink": null
  },
  {
    "date": "2007-12-31",
    "symbol": "COR",
    "reportedCurrency": "USD",
    "cik": "0001140859",
    "fillingDate": "2007-12-31",
    "acceptedDate": "2007-12-30 19:00:00",
    "calendarYear": "2008",
    "period": "Q1",
    "revenue": 17372915000,
    "costOfRevenue": 16865455000,
    "grossProfit": 507460000,
    "grossProfitRatio": 0.0292098361,
    "researchAndDevelopmentExpenses": 0,
    "generalAndAdministrativeExpenses": 290117000,
    "sellingAndMarketingExpenses": 0,
    "sellingGeneralAndAdministrativeExpenses": 290117000,
    "otherExpenses": 22353000,
    "operatingExpenses": 312470000,
    "costAndExpenses": 17177925000,
    "interestIncome": 0,
    "interestExpense": 0,
    "depreciationAndAmortization": 25557000,
    "ebitda": 213446000,
    "ebitdaratio": 0.0122861362,
    "operatingIncome": 194990000,
    "operatingIncomeRatio": 0.0112237929,
    "totalOtherIncomeExpensesNet": -17151000,
    "incomeBeforeTax": 177829000,
    "incomeBeforeTaxRatio": 0.0102359909,
    "incomeTaxExpense": 68009000,
    "netIncome": 109820000,
    "netIncomeRatio": 0.0063213341,
    "eps": 0.34,
    "epsdiluted": 0.33,
    "weightedAverageShsOut": 329810000,
    "weightedAverageShsOutDil": 334124000,
    "link": null,
    "finalLink": null
  },
  {
    "date": "2007-09-30",
    "symbol": "COR",
    "reportedCurrency": "USD",
    "cik": "0001140859",
    "fillingDate": "2007-09-30",
    "acceptedDate": "2007-09-29 20:00:00",
    "calendarYear": "2007",
    "period": "Q4",
    "revenue": 16390450000,
    "costOfRevenue": 15862020000,
    "grossProfit": 528430000,
    "grossProfitRatio": 0.0322401154,
    "researchAndDevelopmentExpenses": 0,
    "generalAndAdministrativeExpenses": 332898000,
    "sellingAndMarketingExpenses": 0,
    "sellingGeneralAndAdministrativeExpenses": 332898000,
    "otherExpenses": 25058000,
    "operatingExpenses": 357956000,
    "costAndExpenses": 16219976000,
    "interestIncome": 0,
    "interestExpense": 0,
    "depreciationAndAmortization": 25219000,
    "ebitda": 195693000,
    "ebitdaratio": 0.0119394525,
    "operatingIncome": 181020000,
    "operatingIncomeRatio": 0.0110442361,
    "totalOtherIncomeExpensesNet": -6977000,
    "incomeBeforeTax": 174043000,
    "incomeBeforeTaxRatio": 0.0106185614,
    "incomeTaxExpense": 61866000,
    "netIncome": 87576000,
    "netIncomeRatio": 0.0053431114,
    "eps": 0.26,
    "epsdiluted": 0.26,
    "weightedAverageShsOut": 348678000,
    "weightedAverageShsOutDil": 353548000,
    "link": null,
    "finalLink": null
  },
  {
    "date": "2007-06-30",
    "symbol": "COR",
    "reportedCurrency": "USD",
    "cik": "0001140859",
    "fillingDate": "2007-06-30",
    "acceptedDate": "2007-06-29 20:00:00",
    "calendarYear": "2007",
    "period": "Q3",
    "revenue": 16445928000,
    "costOfRevenue": 15848705000,
    "grossProfit": 597223000,
    "grossProfitRatio": 0.0363143387,
    "researchAndDevelopmentExpenses": 0,
    "generalAndAdministrativeExpenses": 359877000,
    "sellingAndMarketingExpenses": 0,
    "sellingGeneralAndAdministrativeExpenses": 359877000,
    "otherExpenses": 24415000,
    "operatingExpenses": 384292000,
    "costAndExpenses": 16232997000,
    "interestIncome": 0,
    "interestExpense": 0,
    "depreciationAndAmortization": 27359000,
    "ebitda": 240290000,
    "ebitdaratio": 0.0146109116,
    "operatingIncome": 209571000,
    "operatingIncomeRatio": 0.0127430328,
    "totalOtherIncomeExpensesNet": -9841000,
    "incomeBeforeTax": 199730000,
    "incomeBeforeTaxRatio": 0.0121446476,
    "incomeTaxExpense": 69822000,
    "netIncome": 129908000,
    "netIncomeRatio": 0.0078990982,
    "eps": 0.35,
    "epsdiluted": 0.35,
    "weightedAverageShsOut": 370344000,
    "weightedAverageShsOutDil": 375902000,
    "link": null,
    "finalLink": null
  },
  {
    "date": "2007-03-31",
    "symbol": "COR",
    "reportedCurrency": "USD",
    "cik": "0001140859",
    "fillingDate": "2007-03-31",
    "acceptedDate": "2007-03-30 20:00:00",
    "calendarYear": "2007",
    "period": "Q2",
    "revenue": 16512541000,
    "costOfRevenue": 15906098000,
    "grossProfit": 606443000,
    "grossProfitRatio": 0.0367262071,
    "researchAndDevelopmentExpenses": 0,
    "generalAndAdministrativeExpenses": 363367000,
    "sellingAndMarketingExpenses": 0,
    "sellingGeneralAndAdministrativeExpenses": 363367000,
    "otherExpenses": 22049000,
    "operatingExpenses": 385416000,
    "costAndExpenses": 16291514000,
    "interestIncome": 0,
    "interestExpense": 0,
    "depreciationAndAmortization": 24991000,
    "ebitda": 246018000,
    "ebitdaratio": 0.0148988578,
    "operatingIncome": 220892000,
    "operatingIncomeRatio": 0.0133772264,
    "totalOtherIncomeExpensesNet": -10265000,
    "incomeBeforeTax": 210627000,
    "incomeBeforeTaxRatio": 0.0127555777,
    "incomeTaxExpense": 81131000,
    "netIncome": 129496000,
    "netIncomeRatio": 0.0078422818,
    "eps": 0.35,
    "epsdiluted": 0.34,
    "weightedAverageShsOut": 377544000,
    "weightedAverageShsOutDil": 383594000,
    "link": null,
    "finalLink": null
  },
  {
    "date": "2006-12-31",
    "symbol": "COR",
    "reportedCurrency": "USD",
    "cik": "0001140859",
    "fillingDate": "2006-12-31",
    "acceptedDate": "2006-12-30 19:00:00",
    "calendarYear": "2007",
    "period": "Q1",
    "revenue": 16725393000,
    "costOfRevenue": 16130750000,
    "grossProfit": 594643000,
    "grossProfitRatio": 0.0355533051,
    "researchAndDevelopmentExpenses": 0,
    "generalAndAdministrativeExpenses": 362984000,
    "sellingAndMarketingExpenses": 0,
    "sellingGeneralAndAdministrativeExpenses": 362984000,
    "otherExpenses": 22800000,
    "operatingExpenses": 385784000,
    "costAndExpenses": 16516534000,
    "interestIncome": 0,
    "interestExpense": 0,
    "depreciationAndAmortization": 26775000,
    "ebitda": 235634000,
    "ebitdaratio": 0.0140883984,
    "operatingIncome": 208859000,
    "operatingIncomeRatio": 0.0124875392,
    "totalOtherIncomeExpensesNet": -8209000,
    "incomeBeforeTax": 200650000,
    "incomeBeforeTaxRatio": 0.0119967286,
    "incomeTaxExpense": 78463000,
    "netIncome": 122187000,
    "netIncomeRatio": 0.0073054786,
    "eps": 0.32,
    "epsdiluted": 0.32,
    "weightedAverageShsOut": 384782000,
    "weightedAverageShsOutDil": 389940000,
    "link": null,
    "finalLink": null
  },
  {
    "date": "2006-09-30",
    "symbol": "COR",
    "reportedCurrency": "USD",
    "cik": "0001140859",
    "fillingDate": "2006-09-30",
    "acceptedDate": "2006-09-29 20:00:00",
    "calendarYear": "2006",
    "period": "Q4",
    "revenue": 15643004000,
    "costOfRevenue": 15057509000,
    "grossProfit": 585495000,
    "grossProfitRatio": 0.0374285527,
    "researchAndDevelopmentExpenses": 0,
    "generalAndAdministrativeExpenses": 379734000,
    "sellingAndMarketingExpenses": 0,
    "sellingGeneralAndAdministrativeExpenses": 379734000,
    "otherExpenses": 22746000,
    "operatingExpenses": 402480000,
    "costAndExpenses": 15459989000,
    "interestIncome": 0,
    "interestExpense": 0,
    "depreciationAndAmortization": 25054000,
    "ebitda": 208069000,
    "ebitdaratio": 0.0133010897,
    "operatingIncome": 195333000,
    "operatingIncomeRatio": 0.0124869239,
    "totalOtherIncomeExpensesNet": 239000,
    "incomeBeforeTax": 195572000,
    "incomeBeforeTaxRatio": 0.0125022023,
    "incomeTaxExpense": 73594000,
    "netIncome": 122078000,
    "netIncomeRatio": 0.0078039998,
    "eps": 0.31,
    "epsdiluted": 0.3,
    "weightedAverageShsOut": 397706000,
    "weightedAverageShsOutDil": 402550000,
    "link": null,
    "finalLink": null
  },
  {
    "date": "2006-06-30",
    "symbol": "COR",
    "reportedCurrency": "USD",
    "cik": "0001140859",
    "fillingDate": "2006-06-30",
    "acceptedDate": "2006-06-29 20:00:00",
    "calendarYear": "2006",
    "period": "Q3",
    "revenue": 15686315000,
    "costOfRevenue": 15129136000,
    "grossProfit": 557179000,
    "grossProfitRatio": 0.0355200696,
    "researchAndDevelopmentExpenses": 0,
    "generalAndAdministrativeExpenses": 346394000,
    "sellingAndMarketingExpenses": 0,
    "sellingGeneralAndAdministrativeExpenses": 346394000,
    "otherExpenses": 22027000,
    "operatingExpenses": 368421000,
    "costAndExpenses": 15497557000,
    "interestIncome": 0,
    "interestExpense": 0,
    "depreciationAndAmortization": 24956000,
    "ebitda": 213714000,
    "ebitdaratio": 0.0136242323,
    "operatingIncome": 188844000,
    "operatingIncomeRatio": 0.0120387739,
    "totalOtherIncomeExpensesNet": 497000,
    "incomeBeforeTax": 189341000,
    "incomeBeforeTaxRatio": 0.0120704576,
    "incomeTaxExpense": 69873000,
    "netIncome": 119468000,
    "netIncomeRatio": 0.0076160653,
    "eps": 0.29,
    "epsdiluted": 0.29,
    "weightedAverageShsOut": 409660000,
    "weightedAverageShsOutDil": 414670000,
    "link": null,
    "finalLink": null
  },
  {
    "date": "2006-03-31",
    "symbol": "COR",
    "reportedCurrency": "USD",
    "cik": "0001140859",
    "fillingDate": "2006-03-31",
    "acceptedDate": "2006-03-30 19:00:00",
    "calendarYear": "2006",
    "period": "Q2",
    "revenue": 15220679000,
    "costOfRevenue": 14659916000,
    "grossProfit": 560763000,
    "grossProfitRatio": 0.0368421803,
    "researchAndDevelopmentExpenses": 0,
    "generalAndAdministrativeExpenses": 339113000,
    "sellingAndMarketingExpenses": 0,
    "sellingGeneralAndAdministrativeExpenses": 339113000,
    "otherExpenses": 20149000,
    "operatingExpenses": 359262000,
    "costAndExpenses": 15019178000,
    "interestIncome": 0,
    "interestExpense": 0,
    "depreciationAndAmortization": 23229000,
    "ebitda": 224730000,
    "ebitdaratio": 0.0147647815,
    "operatingIncome": 197924000,
    "operatingIncomeRatio": 0.0130036249,
    "totalOtherIncomeExpensesNet": -1518000,
    "incomeBeforeTax": 196406000,
    "incomeBeforeTaxRatio": 0.0129038921,
    "incomeTaxExpense": 67816000,
    "netIncome": 129001000,
    "netIncomeRatio": 0.0084753775,
    "eps": 0.31,
    "epsdiluted": 0.31,
    "weightedAverageShsOut": 416100000,
    "weightedAverageShsOutDil": 421542000,
    "link": null,
    "finalLink": null
  },
  {
    "date": "2005-12-31",
    "symbol": "COR",
    "reportedCurrency": "USD",
    "cik": "0001140859",
    "fillingDate": "2005-12-31",
    "acceptedDate": "2005-12-30 19:00:00",
    "calendarYear": "2006",
    "period": "Q1",
    "revenue": 14653147000,
    "costOfRevenue": 14124769000,
    "grossProfit": 528378000,
    "grossProfitRatio": 0.0360590118,
    "researchAndDevelopmentExpenses": 0,
    "generalAndAdministrativeExpenses": 340686000,
    "sellingAndMarketingExpenses": 0,
    "sellingGeneralAndAdministrativeExpenses": 340686000,
    "otherExpenses": 21087000,
    "operatingExpenses": 361773000,
    "costAndExpenses": 14486542000,
    "interestIncome": 0,
    "interestExpense": 0,
    "depreciationAndAmortization": 23694000,
    "ebitda": 190299000,
    "ebitdaratio": 0.0129869031,
    "operatingIncome": 166605000,
    "operatingIncomeRatio": 0.0113699126,
    "totalOtherIncomeExpensesNet": -7295000,
    "incomeBeforeTax": 159310000,
    "incomeBeforeTaxRatio": 0.0108720673,
    "incomeTaxExpense": 61334000,
    "netIncome": 98685000,
    "netIncomeRatio": 0.0067347308,
    "eps": 0.24,
    "epsdiluted": 0.23,
    "weightedAverageShsOut": 416500000,
    "weightedAverageShsOutDil": 420698000,
    "link": null,
    "finalLink": null
  },
  {
    "date": "2005-09-30",
    "symbol": "COR",
    "reportedCurrency": "USD",
    "cik": "0001140859",
    "fillingDate": "2005-09-30",
    "acceptedDate": "2005-09-29 20:00:00",
    "calendarYear": "2005",
    "period": "Q4",
    "revenue": 13918353000,
    "costOfRevenue": 13396579000,
    "grossProfit": 521774000,
    "grossProfitRatio": 0.0374881999,
    "researchAndDevelopmentExpenses": 0,
    "generalAndAdministrativeExpenses": 356597000,
    "sellingAndMarketingExpenses": 0,
    "sellingGeneralAndAdministrativeExpenses": 356597000,
    "otherExpenses": 20896000,
    "operatingExpenses": 377493000,
    "costAndExpenses": 13774072000,
    "interestIncome": 0,
    "interestExpense": 0,
    "depreciationAndAmortization": 23310000,
    "ebitda": 167591000,
    "ebitdaratio": 0.012041008,
    "operatingIncome": 154998000,
    "operatingIncomeRatio": 0.0111362314,
    "totalOtherIncomeExpensesNet": -120388000,
    "incomeBeforeTax": 34610000,
    "incomeBeforeTaxRatio": 0.0024866448,
    "incomeTaxExpense": 13267000,
    "netIncome": 74055000,
    "netIncomeRatio": 0.0053206726,
    "eps": 0.0559,
    "epsdiluted": 0.05,
    "weightedAverageShsOut": 425264000,
    "weightedAverageShsOutDil": 425264000,
    "link": null,
    "finalLink": null
  },
  {
    "date": "2005-06-30",
    "symbol": "COR",
    "reportedCurrency": "USD",
    "cik": "0001140859",
    "fillingDate": "2005-06-30",
    "acceptedDate": "2005-06-29 20:00:00",
    "calendarYear": "2005",
    "period": "Q3",
    "revenue": 13831966000,
    "costOfRevenue": 13329897000,
    "grossProfit": 502069000,
    "grossProfitRatio": 0.0362977324,
    "researchAndDevelopmentExpenses": 0,
    "generalAndAdministrativeExpenses": 310112000,
    "sellingAndMarketingExpenses": 0,
    "sellingGeneralAndAdministrativeExpenses": 310112000,
    "otherExpenses": 19602000,
    "operatingExpenses": 329714000,
    "costAndExpenses": 13659611000,
    "interestIncome": 0,
    "interestExpense": 0,
    "depreciationAndAmortization": 20779000,
    "ebitda": 193134000,
    "ebitdaratio": 0.0139628741,
    "operatingIncome": 168608000,
    "operatingIncomeRatio": 0.012189735,
    "totalOtherIncomeExpensesNet": -11562000,
    "incomeBeforeTax": 157046000,
    "incomeBeforeTaxRatio": 0.0113538451,
    "incomeTaxExpense": 57202000,
    "netIncome": 94777000,
    "netIncomeRatio": 0.0068520267,
    "eps": 0.23,
    "epsdiluted": 0.23,
    "weightedAverageShsOut": 415128000,
    "weightedAverageShsOutDil": 417680000,
    "link": null,
    "finalLink": null
  },
  {
    "date": "2005-03-31",
    "symbol": "COR",
    "reportedCurrency": "USD",
    "cik": "0001140859",
    "fillingDate": "2005-03-31",
    "acceptedDate": "2005-03-30 19:00:00",
    "calendarYear": "2005",
    "period": "Q2",
    "revenue": 13191576000,
    "costOfRevenue": 12689461000,
    "grossProfit": 502115000,
    "grossProfitRatio": 0.0380633065,
    "researchAndDevelopmentExpenses": 0,
    "generalAndAdministrativeExpenses": 299672000,
    "sellingAndMarketingExpenses": 0,
    "sellingGeneralAndAdministrativeExpenses": 299672000,
    "otherExpenses": 26020000,
    "operatingExpenses": 325692000,
    "costAndExpenses": 13015153000,
    "interestIncome": 0,
    "interestExpense": 0,
    "depreciationAndAmortization": 23322000,
    "ebitda": 202578000,
    "ebitdaratio": 0.0153566185,
    "operatingIncome": 176423000,
    "operatingIncomeRatio": 0.0133739138,
    "totalOtherIncomeExpensesNet": -14136000,
    "incomeBeforeTax": 162293000,
    "incomeBeforeTaxRatio": 0.0123027757,
    "incomeTaxExpense": 62321000,
    "netIncome": 99422000,
    "netIncomeRatio": 0.0075367795,
    "eps": 0.23,
    "epsdiluted": 0.23,
    "weightedAverageShsOut": 438580000,
    "weightedAverageShsOutDil": 440936000,
    "link": null,
    "finalLink": null
  },
  {
    "date": "2004-12-31",
    "symbol": "COR",
    "reportedCurrency": "USD",
    "cik": "0001140859",
    "fillingDate": "2004-12-31",
    "acceptedDate": "2004-12-30 19:00:00",
    "calendarYear": "2005",
    "period": "Q1",
    "revenue": 13639042000,
    "costOfRevenue": 13178143000,
    "grossProfit": 460899000,
    "grossProfitRatio": 0.0337926227,
    "researchAndDevelopmentExpenses": 0,
    "generalAndAdministrativeExpenses": 302684000,
    "sellingAndMarketingExpenses": 0,
    "sellingGeneralAndAdministrativeExpenses": 302684000,
    "otherExpenses": 21154000,
    "operatingExpenses": 323838000,
    "costAndExpenses": 13501981000,
    "interestIncome": 0,
    "interestExpense": 0,
    "depreciationAndAmortization": 23471000,
    "ebitda": 160532000,
    "ebitdaratio": 0.0117700349,
    "operatingIncome": 137061000,
    "operatingIncomeRatio": 0.0100491662,
    "totalOtherIncomeExpensesNet": -22033000,
    "incomeBeforeTax": 115028000,
    "incomeBeforeTaxRatio": 0.0084337302,
    "incomeTaxExpense": 44171000,
    "netIncome": 64449000,
    "netIncomeRatio": 0.0047253319,
    "eps": 0.15,
    "epsdiluted": 0.15,
    "weightedAverageShsOut": 422244000,
    "weightedAverageShsOutDil": 446428000,
    "link": null,
    "finalLink": null
  },
  {
    "date": "2004-09-30",
    "symbol": "COR",
    "reportedCurrency": "USD",
    "cik": "0001140859",
    "fillingDate": "2004-09-30",
    "acceptedDate": "2004-09-29 20:00:00",
    "calendarYear": "2004",
    "period": "Q4",
    "revenue": 13388674000,
    "costOfRevenue": 12894843000,
    "grossProfit": 493831000,
    "grossProfitRatio": 0.0368842351,
    "researchAndDevelopmentExpenses": 0,
    "generalAndAdministrativeExpenses": 301737000,
    "sellingAndMarketingExpenses": 0,
    "sellingGeneralAndAdministrativeExpenses": 301737000,
    "otherExpenses": 20524000,
    "operatingExpenses": 322261000,
    "costAndExpenses": 13217104000,
    "interestIncome": 0,
    "interestExpense": 0,
    "depreciationAndAmortization": 23200000,
    "ebitda": 194770000,
    "ebitdaratio": 0.0145473704,
    "operatingIncome": 171570000,
    "operatingIncomeRatio": 0.0128145625,
    "totalOtherIncomeExpensesNet": -23231000,
    "incomeBeforeTax": 148339000,
    "incomeBeforeTaxRatio": 0.0110794392,
    "incomeTaxExpense": 56350000,
    "netIncome": 91989000,
    "netIncomeRatio": 0.006870658,
    "eps": 0.23,
    "epsdiluted": 0.2,
    "weightedAverageShsOut": 447348000,
    "weightedAverageShsOutDil": 467936000,
    "link": null,
    "finalLink": null
  },
  {
    "date": "2004-06-30",
    "symbol": "COR",
    "reportedCurrency": "USD",
    "cik": "0001140859",
    "fillingDate": "2004-06-30",
    "acceptedDate": "2004-06-29 20:00:00",
    "calendarYear": "2004",
    "period": "Q3",
    "revenue": 13071594000,
    "costOfRevenue": 12495865000,
    "grossProfit": 575729000,
    "grossProfitRatio": 0.0440442841,
    "researchAndDevelopmentExpenses": 0,
    "generalAndAdministrativeExpenses": 305883000,
    "sellingAndMarketingExpenses": 0,
    "sellingGeneralAndAdministrativeExpenses": 305883000,
    "otherExpenses": 19806000,
    "operatingExpenses": 325689000,
    "costAndExpenses": 12821554000,
    "interestIncome": 0,
    "interestExpense": 0,
    "depreciationAndAmortization": 22916000,
    "ebitda": 273781000,
    "ebitdaratio": 0.0209447295,
    "operatingIncome": 250040000,
    "operatingIncomeRatio": 0.0191285011,
    "totalOtherIncomeExpensesNet": -43252000,
    "incomeBeforeTax": 204512000,
    "incomeBeforeTaxRatio": 0.0156455288,
    "incomeTaxExpense": 78737000,
    "netIncome": 125775000,
    "netIncomeRatio": 0.0096220094,
    "eps": 0.28,
    "epsdiluted": 0.27,
    "weightedAverageShsOut": 447824000,
    "weightedAverageShsOutDil": 472624000,
    "link": null,
    "finalLink": null
  },
  {
    "date": "2004-03-31",
    "symbol": "COR",
    "reportedCurrency": "USD",
    "cik": "0001140859",
    "fillingDate": "2004-03-31",
    "acceptedDate": "2004-03-30 19:00:00",
    "calendarYear": "2004",
    "period": "Q2",
    "revenue": 13363573000,
    "costOfRevenue": 12781125000,
    "grossProfit": 582448000,
    "grossProfitRatio": 0.0435847509,
    "researchAndDevelopmentExpenses": 0,
    "generalAndAdministrativeExpenses": 305482000,
    "sellingAndMarketingExpenses": 0,
    "sellingGeneralAndAdministrativeExpenses": 305482000,
    "otherExpenses": 18618000,
    "operatingExpenses": 324100000,
    "costAndExpenses": 13105225000,
    "interestIncome": 0,
    "interestExpense": 0,
    "depreciationAndAmortization": 21363000,
    "ebitda": 279711000,
    "ebitdaratio": 0.0209308543,
    "operatingIncome": 258348000,
    "operatingIncomeRatio": 0.0193322549,
    "totalOtherIncomeExpensesNet": -27208000,
    "incomeBeforeTax": 231140000,
    "incomeBeforeTaxRatio": 0.0172962725,
    "incomeTaxExpense": 88988000,
    "netIncome": 142152000,
    "netIncomeRatio": 0.0106372749,
    "eps": 0.32,
    "epsdiluted": 0.31,
    "weightedAverageShsOut": 447388000,
    "weightedAverageShsOutDil": 471784000,
    "link": null,
    "finalLink": null
  },
  {
    "date": "2003-12-31",
    "symbol": "COR",
    "reportedCurrency": "USD",
    "cik": "0001140859",
    "fillingDate": "2003-12-31",
    "acceptedDate": "2003-12-30 19:00:00",
    "calendarYear": "2004",
    "period": "Q1",
    "revenue": 13355113000,
    "costOfRevenue": 12827939000,
    "grossProfit": 527174000,
    "grossProfitRatio": 0.0394735709,
    "researchAndDevelopmentExpenses": 0,
    "generalAndAdministrativeExpenses": 299880000,
    "sellingAndMarketingExpenses": 0,
    "sellingGeneralAndAdministrativeExpenses": 299880000,
    "otherExpenses": 16818000,
    "operatingExpenses": 316698000,
    "costAndExpenses": 13144637000,
    "interestIncome": 0,
    "interestExpense": 0,
    "depreciationAndAmortization": 19609000,
    "ebitda": 230085000,
    "ebitdaratio": 0.0172282331,
    "operatingIncome": 210476000,
    "operatingIncomeRatio": 0.0157599565,
    "totalOtherIncomeExpensesNet": -34094000,
    "incomeBeforeTax": 176382000,
    "incomeBeforeTaxRatio": 0.0132070766,
    "incomeTaxExpense": 67908000,
    "netIncome": 108474000,
    "netIncomeRatio": 0.0081222825,
    "eps": 0.24,
    "epsdiluted": 0.24,
    "weightedAverageShsOut": 446836000,
    "weightedAverageShsOutDil": 472116000,
    "link": null,
    "finalLink": null
  },
  {
    "date": "2003-09-30",
    "symbol": "COR",
    "reportedCurrency": "USD",
    "cik": "0001140859",
    "fillingDate": "2003-09-30",
    "acceptedDate": "2003-09-29 20:00:00",
    "calendarYear": "2003",
    "period": "Q4",
    "revenue": 12639583000,
    "costOfRevenue": 12055417000,
    "grossProfit": 584166000,
    "grossProfitRatio": 0.0462171893,
    "researchAndDevelopmentExpenses": 0,
    "generalAndAdministrativeExpenses": 333360000,
    "sellingAndMarketingExpenses": 0,
    "sellingGeneralAndAdministrativeExpenses": 333360000,
    "otherExpenses": 20313000,
    "operatingExpenses": 353673000,
    "costAndExpenses": 12409090000,
    "interestIncome": 0,
    "interestExpense": 0,
    "depreciationAndAmortization": 24414000,
    "ebitda": 254907000,
    "ebitdaratio": 0.0201673584,
    "operatingIncome": 230493000,
    "operatingIncomeRatio": 0.0182358073,
    "totalOtherIncomeExpensesNet": -35183000,
    "incomeBeforeTax": 195310000,
    "incomeBeforeTaxRatio": 0.0154522503,
    "incomeTaxExpense": 75780000,
    "netIncome": 119530000,
    "netIncomeRatio": 0.0094567993,
    "eps": 0.25,
    "epsdiluted": 0.25,
    "weightedAverageShsOut": 435380000,
    "weightedAverageShsOutDil": 471640000,
    "link": null,
    "finalLink": null
  },
  {
    "date": "2003-06-30",
    "symbol": "COR",
    "reportedCurrency": "USD",
    "cik": "0001140859",
    "fillingDate": "2003-06-30",
    "acceptedDate": "2003-06-29 20:00:00",
    "calendarYear": "2003",
    "period": "Q3",
    "revenue": 12420671000,
    "costOfRevenue": 11860292000,
    "grossProfit": 560379000,
    "grossProfitRatio": 0.0451166447,
    "researchAndDevelopmentExpenses": 0,
    "generalAndAdministrativeExpenses": 315833000,
    "sellingAndMarketingExpenses": 0,
    "sellingGeneralAndAdministrativeExpenses": 315833000,
    "otherExpenses": 16340000,
    "operatingExpenses": 332173000,
    "costAndExpenses": 12192465000,
    "interestIncome": 0,
    "interestExpense": 0,
    "depreciationAndAmortization": 18241000,
    "ebitda": 246447000,
    "ebitdaratio": 0.0198416817,
    "operatingIncome": 228206000,
    "operatingIncomeRatio": 0.0183730815,
    "totalOtherIncomeExpensesNet": -43096000,
    "incomeBeforeTax": 185110000,
    "incomeBeforeTaxRatio": 0.0149033816,
    "incomeTaxExpense": 72564000,
    "netIncome": 112546000,
    "netIncomeRatio": 0.0090611852,
    "eps": 0.26,
    "epsdiluted": 0.25,
    "weightedAverageShsOut": 441328000,
    "weightedAverageShsOutDil": 467096000,
    "link": null,
    "finalLink": null
  },
  {
    "date": "2003-03-31",
    "symbol": "COR",
    "reportedCurrency": "USD",
    "cik": "0001140859",
    "fillingDate": "2003-03-31",
    "acceptedDate": "2003-03-30 19:00:00",
    "calendarYear": "2003",
    "period": "Q2",
    "revenue": 12162541000,
    "costOfRevenue": 11581352000,
    "grossProfit": 581189000,
    "grossProfitRatio": 0.0477851627,
    "researchAndDevelopmentExpenses": 0,
    "generalAndAdministrativeExpenses": 323563000,
    "sellingAndMarketingExpenses": 0,
    "sellingGeneralAndAdministrativeExpenses": 323563000,
    "otherExpenses": 21074000,
    "operatingExpenses": 344637000,
    "costAndExpenses": 11925989000,
    "interestIncome": 0,
    "interestExpense": 0,
    "depreciationAndAmortization": 18743000,
    "ebitda": 255295000,
    "ebitdaratio": 0.0209902684,
    "operatingIncome": 236552000,
    "operatingIncomeRatio": 0.0194492253,
    "totalOtherIncomeExpensesNet": -44132000,
    "incomeBeforeTax": 192420000,
    "incomeBeforeTaxRatio": 0.0158207072,
    "incomeTaxExpense": 76006000,
    "netIncome": 116414000,
    "netIncomeRatio": 0.0095715196,
    "eps": 0.27,
    "epsdiluted": 0.26,
    "weightedAverageShsOut": 437752000,
    "weightedAverageShsOutDil": 463024000,
    "link": null,
    "finalLink": null
  },
  {
    "date": "2002-12-31",
    "symbol": "COR",
    "reportedCurrency": "USD",
    "cik": "0001140859",
    "fillingDate": "2002-12-31",
    "acceptedDate": "2002-12-30 19:00:00",
    "calendarYear": "2003",
    "period": "Q1",
    "revenue": 12434533000,
    "costOfRevenue": 11913108000,
    "grossProfit": 521425000,
    "grossProfitRatio": 0.0419336215,
    "researchAndDevelopmentExpenses": 0,
    "generalAndAdministrativeExpenses": 317682000,
    "sellingAndMarketingExpenses": 0,
    "sellingGeneralAndAdministrativeExpenses": 317682000,
    "otherExpenses": 15888000,
    "operatingExpenses": 333570000,
    "costAndExpenses": 12246678000,
    "interestIncome": 0,
    "interestExpense": 0,
    "depreciationAndAmortization": 19045000,
    "ebitda": 206900000,
    "ebitdaratio": 0.0166391452,
    "operatingIncome": 187855000,
    "operatingIncomeRatio": 0.0151075235,
    "totalOtherIncomeExpensesNet": -34568000,
    "incomeBeforeTax": 153287000,
    "incomeBeforeTaxRatio": 0.0123275237,
    "incomeTaxExpense": 60548000,
    "netIncome": 92739000,
    "netIncomeRatio": 0.0074581812,
    "eps": 0.22,
    "epsdiluted": 0.21,
    "weightedAverageShsOut": 427160000,
    "weightedAverageShsOutDil": 453608000,
    "link": null,
    "finalLink": null
  },
  {
    "date": "2002-09-30",
    "symbol": "COR",
    "reportedCurrency": "USD",
    "cik": "0001140859",
    "fillingDate": "2002-09-30",
    "acceptedDate": "2002-09-29 20:00:00",
    "calendarYear": "2002",
    "period": "Q4",
    "revenue": 11600920000,
    "costOfRevenue": 11072301000,
    "grossProfit": 528619000,
    "grossProfitRatio": 0.0455669895,
    "researchAndDevelopmentExpenses": 0,
    "generalAndAdministrativeExpenses": 314184000,
    "sellingAndMarketingExpenses": 0,
    "sellingGeneralAndAdministrativeExpenses": 314184000,
    "otherExpenses": 0,
    "operatingExpenses": 331146000,
    "costAndExpenses": 11403447000,
    "interestIncome": 0,
    "interestExpense": 0,
    "depreciationAndAmortization": 18261000,
    "ebitda": 215734000,
    "ebitdaratio": 0.0185962837,
    "operatingIncome": 193614000,
    "operatingIncomeRatio": 0.0166895384,
    "totalOtherIncomeExpensesNet": -54177000,
    "incomeBeforeTax": 139437000,
    "incomeBeforeTaxRatio": 0.0120194778,
    "incomeTaxExpense": 55366000,
    "netIncome": 94960000,
    "netIncomeRatio": 0.0081855577,
    "eps": 0.23,
    "epsdiluted": 0.22,
    "weightedAverageShsOut": 424900000,
    "weightedAverageShsOutDil": 452536000,
    "link": null,
    "finalLink": null
  },
  {
    "date": "2002-06-30",
    "symbol": "COR",
    "reportedCurrency": "USD",
    "cik": "0001140859",
    "fillingDate": "2002-06-30",
    "acceptedDate": "2002-06-29 20:00:00",
    "calendarYear": "2002",
    "period": "Q3",
    "revenue": 11620827000,
    "costOfRevenue": 11110898000,
    "grossProfit": 509929000,
    "grossProfitRatio": 0.0438806119,
    "researchAndDevelopmentExpenses": 0,
    "generalAndAdministrativeExpenses": 304299000,
    "sellingAndMarketingExpenses": 0,
    "sellingGeneralAndAdministrativeExpenses": 304299000,
    "otherExpenses": 0,
    "operatingExpenses": 319039000,
    "costAndExpenses": 11429937000,
    "interestIncome": 0,
    "interestExpense": 0,
    "depreciationAndAmortization": 16167000,
    "ebitda": 207057000,
    "ebitdaratio": 0.0178177508,
    "operatingIncome": 182743000,
    "operatingIncomeRatio": 0.0157254729,
    "totalOtherIncomeExpensesNet": -27118000,
    "incomeBeforeTax": 155625000,
    "incomeBeforeTaxRatio": 0.013391904,
    "incomeTaxExpense": 61771000,
    "netIncome": 90224000,
    "netIncomeRatio": 0.0077639913,
    "eps": 0.22,
    "epsdiluted": 0.21,
    "weightedAverageShsOut": 421496000,
    "weightedAverageShsOutDil": 451564000,
    "link": null,
    "finalLink": null
  },
  {
    "date": "2002-03-31",
    "symbol": "COR",
    "reportedCurrency": "USD",
    "cik": "0001140859",
    "fillingDate": "2002-03-31",
    "acceptedDate": "2002-03-30 19:00:00",
    "calendarYear": "2002",
    "period": "Q2",
    "revenue": 10944267000,
    "costOfRevenue": 10429774000,
    "grossProfit": 514493000,
    "grossProfitRatio": 0.0470102749,
    "researchAndDevelopmentExpenses": 0,
    "generalAndAdministrativeExpenses": 304576000,
    "sellingAndMarketingExpenses": 0,
    "sellingGeneralAndAdministrativeExpenses": 304576000,
    "otherExpenses": 0,
    "operatingExpenses": 318978000,
    "costAndExpenses": 10748752000,
    "interestIncome": 0,
    "interestExpense": 0,
    "depreciationAndAmortization": 15904000,
    "ebitda": 211419000,
    "ebitdaratio": 0.0193177853,
    "operatingIncome": 190774000,
    "operatingIncomeRatio": 0.0174314095,
    "totalOtherIncomeExpensesNet": -32380000,
    "incomeBeforeTax": 158394000,
    "incomeBeforeTaxRatio": 0.0144727829,
    "incomeTaxExpense": 62891000,
    "netIncome": 91874000,
    "netIncomeRatio": 0.0083947148,
    "eps": 0.22,
    "epsdiluted": 0.21,
    "weightedAverageShsOut": 417616000,
    "weightedAverageShsOutDil": 446816000,
    "link": null,
    "finalLink": null
  },
  {
    "date": "2001-12-31",
    "symbol": "COR",
    "reportedCurrency": "USD",
    "cik": "0001140859",
    "fillingDate": "2001-12-31",
    "acceptedDate": "2001-12-30 19:00:00",
    "calendarYear": "2002",
    "period": "Q1",
    "revenue": 11068780000,
    "costOfRevenue": 10597347000,
    "grossProfit": 471433000,
    "grossProfitRatio": 0.0425912341,
    "researchAndDevelopmentExpenses": 0,
    "generalAndAdministrativeExpenses": 297592000,
    "sellingAndMarketingExpenses": 0,
    "sellingGeneralAndAdministrativeExpenses": 297592000,
    "otherExpenses": 0,
    "operatingExpenses": 312639000,
    "costAndExpenses": 10909986000,
    "interestIncome": 0,
    "interestExpense": 0,
    "depreciationAndAmortization": 16246000,
    "ebitda": 175040000,
    "ebitdaratio": 0.0158138476,
    "operatingIncome": 151297000,
    "operatingIncomeRatio": 0.0136688054,
    "totalOtherIncomeExpensesNet": -32706000,
    "incomeBeforeTax": 118591000,
    "incomeBeforeTaxRatio": 0.0107140082,
    "incomeTaxExpense": 47078000,
    "netIncome": 67883000,
    "netIncomeRatio": 0.0061328349,
    "eps": 0.16,
    "epsdiluted": 0.16,
    "weightedAverageShsOut": 414944000,
    "weightedAverageShsOutDil": 444728000,
    "link": null,
    "finalLink": null
  },
  {
    "date": "2001-09-30",
    "symbol": "COR",
    "reportedCurrency": "USD",
    "cik": "0001140859",
    "fillingDate": "2001-09-30",
    "acceptedDate": "2001-09-29 20:00:00",
    "calendarYear": "2001",
    "period": "Q4",
    "revenue": 5884231000,
    "costOfRevenue": 5617654000,
    "grossProfit": 266577000,
    "grossProfitRatio": 0.0453036259,
    "researchAndDevelopmentExpenses": 0,
    "generalAndAdministrativeExpenses": 0,
    "sellingAndMarketingExpenses": 0,
    "sellingGeneralAndAdministrativeExpenses": 167015000,
    "otherExpenses": 6493000,
    "operatingExpenses": 173508000,
    "costAndExpenses": 5791162000,
    "interestIncome": 0,
    "interestExpense": 0,
    "depreciationAndAmortization": 10104000,
    "ebitda": 103173000,
    "ebitdaratio": 0.017533812,
    "operatingIncome": 80863000,
    "operatingIncomeRatio": 0.0137423225,
    "totalOtherIncomeExpensesNet": -21932000,
    "incomeBeforeTax": 58931000,
    "incomeBeforeTaxRatio": 0.0100150725,
    "incomeTaxExpense": 23042000,
    "netIncome": 35889000,
    "netIncomeRatio": 0.0060991827,
    "eps": 0.12,
    "epsdiluted": 0.12,
    "weightedAverageShsOut": 283088000,
    "weightedAverageShsOutDil": 311084000,
    "link": null,
    "finalLink": null
  },
  {
    "date": "2001-06-30",
    "symbol": "COR",
    "reportedCurrency": "USD",
    "cik": "0001140859",
    "fillingDate": "2001-06-30",
    "acceptedDate": "2001-06-29 20:00:00",
    "calendarYear": "2001",
    "period": "Q3",
    "revenue": 3518929000,
    "costOfRevenue": 3373990000,
    "grossProfit": 144939000,
    "grossProfitRatio": 0.0411883843,
    "researchAndDevelopmentExpenses": 0,
    "generalAndAdministrativeExpenses": 79638000,
    "sellingAndMarketingExpenses": 0,
    "sellingGeneralAndAdministrativeExpenses": 79638000,
    "otherExpenses": 0,
    "operatingExpenses": 83843000,
    "costAndExpenses": 3457833000,
    "interestIncome": 0,
    "interestExpense": 0,
    "depreciationAndAmortization": 4786000,
    "ebitda": 65882000,
    "ebitdaratio": 0.0187221737,
    "operatingIncome": 60193000,
    "operatingIncomeRatio": 0.0171054886,
    "totalOtherIncomeExpensesNet": -9367000,
    "incomeBeforeTax": 50826000,
    "incomeBeforeTaxRatio": 0.0144435992,
    "incomeTaxExpense": 19320000,
    "netIncome": 31506000,
    "netIncomeRatio": 0.0089532923,
    "eps": 0.15,
    "epsdiluted": 0.14,
    "weightedAverageShsOut": 211648000,
    "weightedAverageShsOutDil": 238312000,
    "link": null,
    "finalLink": null
  },
  {
    "date": "2001-03-31",
    "symbol": "COR",
    "reportedCurrency": "USD",
    "cik": "0001140859",
    "fillingDate": "2001-03-31",
    "acceptedDate": "2001-03-30 19:00:00",
    "calendarYear": "2001",
    "period": "Q2",
    "revenue": 3480998000,
    "costOfRevenue": 3329829000,
    "grossProfit": 151169000,
    "grossProfitRatio": 0.0434269138,
    "researchAndDevelopmentExpenses": 0,
    "generalAndAdministrativeExpenses": 82462000,
    "sellingAndMarketingExpenses": 0,
    "sellingGeneralAndAdministrativeExpenses": 82462000,
    "otherExpenses": 0,
    "operatingExpenses": 86743000,
    "costAndExpenses": 3416572000,
    "interestIncome": 0,
    "interestExpense": 0,
    "depreciationAndAmortization": 5298000,
    "ebitda": 69724000,
    "ebitdaratio": 0.020029888,
    "operatingIncome": 64426000,
    "operatingIncomeRatio": 0.0185079107,
    "totalOtherIncomeExpensesNet": -13594000,
    "incomeBeforeTax": 50832000,
    "incomeBeforeTaxRatio": 0.0146027088,
    "incomeTaxExpense": 19316000,
    "netIncome": 31516000,
    "netIncomeRatio": 0.0090537254,
    "eps": 0.15,
    "epsdiluted": 0.14,
    "weightedAverageShsOut": 210804000,
    "weightedAverageShsOutDil": 237396000,
    "link": null,
    "finalLink": null
  },
  {
    "date": "2000-12-31",
    "symbol": "COR",
    "reportedCurrency": "USD",
    "cik": "0001140859",
    "fillingDate": "2000-12-31",
    "acceptedDate": "2000-12-30 19:00:00",
    "calendarYear": "2001",
    "period": "Q1",
    "revenue": 3307195000,
    "costOfRevenue": 3169130000,
    "grossProfit": 138065000,
    "grossProfitRatio": 0.041746858,
    "researchAndDevelopmentExpenses": 0,
    "generalAndAdministrativeExpenses": 79645000,
    "sellingAndMarketingExpenses": 0,
    "sellingGeneralAndAdministrativeExpenses": 79645000,
    "otherExpenses": 0,
    "operatingExpenses": 84171000,
    "costAndExpenses": 3253301000,
    "interestIncome": 0,
    "interestExpense": 0,
    "depreciationAndAmortization": 4526000,
    "ebitda": 58420000,
    "ebitdaratio": 0.0176645163,
    "operatingIncome": 53894000,
    "operatingIncomeRatio": 0.016295985,
    "totalOtherIncomeExpensesNet": -11650000,
    "incomeBeforeTax": 42244000,
    "incomeBeforeTaxRatio": 0.0127733623,
    "incomeTaxExpense": 16053000,
    "netIncome": 26191000,
    "netIncomeRatio": 0.0079194,
    "eps": 0.13,
    "epsdiluted": 0.12,
    "weightedAverageShsOut": 209416000,
    "weightedAverageShsOutDil": 218312000,
    "link": null,
    "finalLink": null
  },
  {
    "date": "2000-09-30",
    "symbol": "COR",
    "reportedCurrency": "USD",
    "cik": "0001140859",
    "fillingDate": "2000-09-30",
    "acceptedDate": "2000-09-29 20:00:00",
    "calendarYear": "2000",
    "period": "Q4",
    "revenue": 3031730000,
    "costOfRevenue": 2892884000,
    "grossProfit": 138846000,
    "grossProfitRatio": 0.0457976139,
    "researchAndDevelopmentExpenses": 0,
    "generalAndAdministrativeExpenses": 0,
    "sellingAndMarketingExpenses": 0,
    "sellingGeneralAndAdministrativeExpenses": 78526000,
    "otherExpenses": 4511000,
    "operatingExpenses": 83037000,
    "costAndExpenses": 2975921000,
    "interestIncome": 0,
    "interestExpense": 0,
    "depreciationAndAmortization": 4511000,
    "ebitda": 60320000,
    "ebitdaratio": 0.0198962309,
    "operatingIncome": 55809000,
    "operatingIncomeRatio": 0.0184083015,
    "totalOtherIncomeExpensesNet": -10654000,
    "incomeBeforeTax": 45155000,
    "incomeBeforeTaxRatio": 0.0148941364,
    "incomeTaxExpense": 17159000,
    "netIncome": 27996000,
    "netIncomeRatio": 0.0092343316,
    "eps": 0.14,
    "epsdiluted": 0.13,
    "weightedAverageShsOut": 207868632,
    "weightedAverageShsOutDil": 211081716,
    "link": null,
    "finalLink": null
  },
  {
    "date": "2000-06-30",
    "symbol": "COR",
    "reportedCurrency": "USD",
    "cik": "0001140859",
    "fillingDate": "2000-06-30",
    "acceptedDate": "2000-06-29 20:00:00",
    "calendarYear": "2000",
    "period": "Q3",
    "revenue": 2931706000,
    "costOfRevenue": 2801860000,
    "grossProfit": 129846000,
    "grossProfitRatio": 0.0442902528,
    "researchAndDevelopmentExpenses": 0,
    "generalAndAdministrativeExpenses": 77944000,
    "sellingAndMarketingExpenses": 0,
    "sellingGeneralAndAdministrativeExpenses": 77944000,
    "otherExpenses": 0,
    "operatingExpenses": 82070000,
    "costAndExpenses": 2883930000,
    "interestIncome": 0,
    "interestExpense": 0,
    "depreciationAndAmortization": 4126000,
    "ebitda": 51902000,
    "ebitdaratio": 0.0177036852,
    "operatingIncome": 47776000,
    "operatingIncomeRatio": 0.0162963135,
    "totalOtherIncomeExpensesNet": -7260000,
    "incomeBeforeTax": 40516000,
    "incomeBeforeTaxRatio": 0.0138199397,
    "incomeTaxExpense": 15396000,
    "netIncome": 25120000,
    "netIncomeRatio": 0.0085683899,
    "eps": 0.12,
    "epsdiluted": 0.12,
    "weightedAverageShsOut": 206333252,
    "weightedAverageShsOutDil": 208342756,
    "link": null,
    "finalLink": null
  },
  {
    "date": "2000-03-31",
    "symbol": "COR",
    "reportedCurrency": "USD",
    "cik": "0001140859",
    "fillingDate": "2000-03-31",
    "acceptedDate": "2000-03-30 19:00:00",
    "calendarYear": "2000",
    "period": "Q2",
    "revenue": 2842203000,
    "costOfRevenue": 2710183000,
    "grossProfit": 132020000,
    "grossProfitRatio": 0.0464498841,
    "researchAndDevelopmentExpenses": 0,
    "generalAndAdministrativeExpenses": 76323000,
    "sellingAndMarketingExpenses": 0,
    "sellingGeneralAndAdministrativeExpenses": 76323000,
    "otherExpenses": 0,
    "operatingExpenses": 80906000,
    "costAndExpenses": 2791089000,
    "interestIncome": 0,
    "interestExpense": 0,
    "depreciationAndAmortization": 4583000,
    "ebitda": 55697000,
    "ebitdaratio": 0.0195964187,
    "operatingIncome": 51114000,
    "operatingIncomeRatio": 0.0179839371,
    "totalOtherIncomeExpensesNet": -11922000,
    "incomeBeforeTax": 39192000,
    "incomeBeforeTaxRatio": 0.0137893036,
    "incomeTaxExpense": 14893000,
    "netIncome": 24299000,
    "netIncomeRatio": 0.0085493541,
    "eps": 0.12,
    "epsdiluted": 0.12,
    "weightedAverageShsOut": 204845880,
    "weightedAverageShsOutDil": 204845880,
    "link": null,
    "finalLink": null
  },
  {
    "date": "1999-12-31",
    "symbol": "COR",
    "reportedCurrency": "USD",
    "cik": "0001140859",
    "fillingDate": "1999-12-31",
    "acceptedDate": "1999-12-30 19:00:00",
    "calendarYear": "2000",
    "period": "Q1",
    "revenue": 2839400000,
    "costOfRevenue": 2719200000,
    "grossProfit": 120200000,
    "grossProfitRatio": 0.0423328872,
    "researchAndDevelopmentExpenses": 0,
    "generalAndAdministrativeExpenses": 70200000,
    "sellingAndMarketingExpenses": 0,
    "sellingGeneralAndAdministrativeExpenses": 70200000,
    "otherExpenses": 0,
    "operatingExpenses": 74400000,
    "costAndExpenses": 2793600000,
    "interestIncome": 0,
    "interestExpense": 0,
    "depreciationAndAmortization": 4200000,
    "ebitda": 50000000,
    "ebitdaratio": 0.0176093541,
    "operatingIncome": 45800000,
    "operatingIncomeRatio": 0.0161301683,
    "totalOtherIncomeExpensesNet": -11000000,
    "incomeBeforeTax": 34800000,
    "incomeBeforeTaxRatio": 0.0122561104,
    "incomeTaxExpense": 13200000,
    "netIncome": 21600000,
    "netIncomeRatio": 0.007607241,
    "eps": 0.11,
    "epsdiluted": 0.11,
    "weightedAverageShsOut": 205714286,
    "weightedAverageShsOutDil": 205714286,
    "link": null,
    "finalLink": null
  },
  {
    "date": "1999-09-30",
    "symbol": "COR",
    "reportedCurrency": "USD",
    "cik": "0001140859",
    "fillingDate": "1999-09-30",
    "acceptedDate": "1999-09-29 20:00:00",
    "calendarYear": "1999",
    "period": "Q4",
    "revenue": 3200500000,
    "costOfRevenue": 3043000000,
    "grossProfit": 157500000,
    "grossProfitRatio": 0.0492110608,
    "researchAndDevelopmentExpenses": 0,
    "generalAndAdministrativeExpenses": 0,
    "sellingAndMarketingExpenses": 0,
    "sellingGeneralAndAdministrativeExpenses": 94400000,
    "otherExpenses": 7100000,
    "operatingExpenses": 101500000,
    "costAndExpenses": 3144500000,
    "interestIncome": 0,
    "interestExpense": 0,
    "depreciationAndAmortization": 7100000,
    "ebitda": 63100000,
    "ebitdaratio": 0.0197156694,
    "operatingIncome": 56000000,
    "operatingIncomeRatio": 0.0174972661,
    "totalOtherIncomeExpensesNet": -30600000,
    "incomeBeforeTax": 25400000,
    "incomeBeforeTaxRatio": 0.00793626,
    "incomeTaxExpense": 12700000,
    "netIncome": 9300000,
    "netIncomeRatio": 0.002905796,
    "eps": 0.0375,
    "epsdiluted": 0.0375,
    "weightedAverageShsOut": 204691840,
    "weightedAverageShsOutDil": 206584904,
    "link": null,
    "finalLink": null
  },
  {
    "date": "1999-06-30",
    "symbol": "COR",
    "reportedCurrency": "USD",
    "cik": "0001140859",
    "fillingDate": "1999-06-30",
    "acceptedDate": "1999-06-29 20:00:00",
    "calendarYear": "1999",
    "period": "Q3",
    "revenue": 2261300000,
    "costOfRevenue": 2157300000,
    "grossProfit": 104000000,
    "grossProfitRatio": 0.045991244,
    "researchAndDevelopmentExpenses": 0,
    "generalAndAdministrativeExpenses": 61200000,
    "sellingAndMarketingExpenses": 0,
    "sellingGeneralAndAdministrativeExpenses": 61200000,
    "otherExpenses": 0,
    "operatingExpenses": 65400000,
    "costAndExpenses": 2222700000,
    "interestIncome": 0,
    "interestExpense": 0,
    "depreciationAndAmortization": 4400000,
    "ebitda": 43000000,
    "ebitdaratio": 0.0190156105,
    "operatingIncome": 38600000,
    "operatingIncomeRatio": 0.0170698271,
    "totalOtherIncomeExpensesNet": -6700000,
    "incomeBeforeTax": 32300000,
    "incomeBeforeTaxRatio": 0.014283819,
    "incomeTaxExpense": 12300000,
    "netIncome": 21800000,
    "netIncomeRatio": 0.0096404723,
    "eps": 0.11,
    "epsdiluted": 0.0975,
    "weightedAverageShsOut": 202924612,
    "weightedAverageShsOutDil": 206664080,
    "link": null,
    "finalLink": null
  },
  {
    "date": "1999-03-31",
    "symbol": "COR",
    "reportedCurrency": "USD",
    "cik": "0001140859",
    "fillingDate": "1999-03-31",
    "acceptedDate": "1999-03-30 19:00:00",
    "calendarYear": "1999",
    "period": "Q2",
    "revenue": 2175900000,
    "costOfRevenue": 2064300000,
    "grossProfit": 111600000,
    "grossProfitRatio": 0.0512891217,
    "researchAndDevelopmentExpenses": 0,
    "generalAndAdministrativeExpenses": 65100000,
    "sellingAndMarketingExpenses": 0,
    "sellingGeneralAndAdministrativeExpenses": 65100000,
    "otherExpenses": 0,
    "operatingExpenses": 69300000,
    "costAndExpenses": 2133600000,
    "interestIncome": 0,
    "interestExpense": 0,
    "depreciationAndAmortization": 4200000,
    "ebitda": 52388000,
    "ebitdaratio": 0.0240764741,
    "operatingIncome": 42300000,
    "operatingIncomeRatio": 0.0194402316,
    "totalOtherIncomeExpensesNet": -12805000,
    "incomeBeforeTax": 32900000,
    "incomeBeforeTaxRatio": 0.0151201802,
    "incomeTaxExpense": 12500000,
    "netIncome": 20219000,
    "netIncomeRatio": 0.0092922469,
    "eps": 0.1,
    "epsdiluted": 0.0975,
    "weightedAverageShsOut": 202190000,
    "weightedAverageShsOutDil": 207374359,
    "link": null,
    "finalLink": null
  },
  {
    "date": "1998-12-31",
    "symbol": "COR",
    "reportedCurrency": "USD",
    "cik": "0001140859",
    "fillingDate": "1998-12-31",
    "acceptedDate": "1998-12-30 19:00:00",
    "calendarYear": "1999",
    "period": "Q1",
    "revenue": 2169700000,
    "costOfRevenue": 2067600000,
    "grossProfit": 102100000,
    "grossProfitRatio": 0.0470571968,
    "researchAndDevelopmentExpenses": 0,
    "generalAndAdministrativeExpenses": 61000000,
    "sellingAndMarketingExpenses": 0,
    "sellingGeneralAndAdministrativeExpenses": 61000000,
    "otherExpenses": 0,
    "operatingExpenses": 65200000,
    "costAndExpenses": 2132800000,
    "interestIncome": 0,
    "interestExpense": 0,
    "depreciationAndAmortization": 4200000,
    "ebitda": 41100000,
    "ebitdaratio": 0.018942711,
    "operatingIncome": 36900000,
    "operatingIncomeRatio": 0.0170069595,
    "totalOtherIncomeExpensesNet": -10600000,
    "incomeBeforeTax": 28700000,
    "incomeBeforeTaxRatio": 0.0132276352,
    "incomeTaxExpense": 10900000,
    "netIncome": 17900000,
    "netIncomeRatio": 0.0082499885,
    "eps": 0.09,
    "epsdiluted": 0.0875,
    "weightedAverageShsOut": 198888889,
    "weightedAverageShsOutDil": 204571429,
    "link": null,
    "finalLink": null
  },
  {
    "date": "1998-09-30",
    "symbol": "COR",
    "reportedCurrency": "USD",
    "cik": "0001140859",
    "fillingDate": "1998-09-30",
    "acceptedDate": "1998-09-29 20:00:00",
    "calendarYear": "1998",
    "period": "Q4",
    "revenue": 2127400000,
    "costOfRevenue": 2023600000,
    "grossProfit": 103800000,
    "grossProfitRatio": 0.0487919526,
    "researchAndDevelopmentExpenses": 0,
    "generalAndAdministrativeExpenses": 0,
    "sellingAndMarketingExpenses": 0,
    "sellingGeneralAndAdministrativeExpenses": 59400000,
    "otherExpenses": 4300000,
    "operatingExpenses": 63700000,
    "costAndExpenses": 2087300000,
    "interestIncome": 0,
    "interestExpense": 0,
    "depreciationAndAmortization": 4300000,
    "ebitda": 44400000,
    "ebitdaratio": 0.0208705462,
    "operatingIncome": 40100000,
    "operatingIncomeRatio": 0.0188492996,
    "totalOtherIncomeExpensesNet": -34700000,
    "incomeBeforeTax": 5400000,
    "incomeBeforeTaxRatio": 0.0025383097,
    "incomeTaxExpense": 2100000,
    "netIncome": 3300000,
    "netIncomeRatio": 0.0015511892,
    "eps": -0.0378,
    "epsdiluted": -0.0378,
    "weightedAverageShsOut": 190707071,
    "weightedAverageShsOutDil": 233448816,
    "link": null,
    "finalLink": null
  },
  {
    "date": "1998-06-30",
    "symbol": "COR",
    "reportedCurrency": "USD",
    "cik": "0001140859",
    "fillingDate": "1998-06-30",
    "acceptedDate": "1998-06-29 20:00:00",
    "calendarYear": "1998",
    "period": "Q3",
    "revenue": 2094500000,
    "costOfRevenue": 1994800000,
    "grossProfit": 99700000,
    "grossProfitRatio": 0.0476008594,
    "researchAndDevelopmentExpenses": 0,
    "generalAndAdministrativeExpenses": 59000000,
    "sellingAndMarketingExpenses": 0,
    "sellingGeneralAndAdministrativeExpenses": 59000000,
    "otherExpenses": 0,
    "operatingExpenses": 63100000,
    "costAndExpenses": 2057900000,
    "interestIncome": 0,
    "interestExpense": 0,
    "depreciationAndAmortization": 4300000,
    "ebitda": 40900000,
    "ebitdaratio": 0.0195273335,
    "operatingIncome": 36600000,
    "operatingIncomeRatio": 0.0174743376,
    "totalOtherIncomeExpensesNet": -9700000,
    "incomeBeforeTax": 27000000,
    "incomeBeforeTaxRatio": 0.0128909048,
    "incomeTaxExpense": 10500000,
    "netIncome": 16500000,
    "netIncomeRatio": 0.0078777751,
    "eps": 0.0875,
    "epsdiluted": 0.085,
    "weightedAverageShsOut": 188571429,
    "weightedAverageShsOutDil": 194117647,
    "link": null,
    "finalLink": null
  },
  {
    "date": "1998-03-31",
    "symbol": "COR",
    "reportedCurrency": "USD",
    "cik": "0001140859",
    "fillingDate": "1998-03-31",
    "acceptedDate": "1998-03-30 19:00:00",
    "calendarYear": "1998",
    "period": "Q2",
    "revenue": 2192300000,
    "costOfRevenue": 2078900000,
    "grossProfit": 113400000,
    "grossProfitRatio": 0.0517264973,
    "researchAndDevelopmentExpenses": 0,
    "generalAndAdministrativeExpenses": 70700000,
    "sellingAndMarketingExpenses": 0,
    "sellingGeneralAndAdministrativeExpenses": 70700000,
    "otherExpenses": 0,
    "operatingExpenses": 74800000,
    "costAndExpenses": 2153700000,
    "interestIncome": 0,
    "interestExpense": 0,
    "depreciationAndAmortization": 4100000,
    "ebitda": 42700000,
    "ebitdaratio": 0.0194772613,
    "operatingIncome": 38600000,
    "operatingIncomeRatio": 0.0176070793,
    "totalOtherIncomeExpensesNet": -12000000,
    "incomeBeforeTax": 26600000,
    "incomeBeforeTaxRatio": 0.0121333759,
    "incomeTaxExpense": 10400000,
    "netIncome": 16200000,
    "netIncomeRatio": 0.0073894996,
    "eps": 0.085,
    "epsdiluted": 0.0825,
    "weightedAverageShsOut": 190588235,
    "weightedAverageShsOutDil": 196363636,
    "link": null,
    "finalLink": null
  },
  {
    "date": "1997-12-31",
    "symbol": "COR",
    "reportedCurrency": "USD",
    "cik": "0001140859",
    "fillingDate": "1997-12-31",
    "acceptedDate": "1997-12-30 19:00:00",
    "calendarYear": "1998",
    "period": "Q1",
    "revenue": 2254600000,
    "costOfRevenue": 2148600000,
    "grossProfit": 106000000,
    "grossProfitRatio": 0.0470149916,
    "researchAndDevelopmentExpenses": 0,
    "generalAndAdministrativeExpenses": 65800000,
    "sellingAndMarketingExpenses": 0,
    "sellingGeneralAndAdministrativeExpenses": 65800000,
    "otherExpenses": 0,
    "operatingExpenses": 69700000,
    "costAndExpenses": 2218300000,
    "interestIncome": 0,
    "interestExpense": 0,
    "depreciationAndAmortization": 3900000,
    "ebitda": 40200000,
    "ebitdaratio": 0.0178302138,
    "operatingIncome": 36300000,
    "operatingIncomeRatio": 0.0161004169,
    "totalOtherIncomeExpensesNet": -12500000,
    "incomeBeforeTax": 23800000,
    "incomeBeforeTaxRatio": 0.0105561962,
    "incomeTaxExpense": 9300000,
    "netIncome": 14500000,
    "netIncomeRatio": 0.006431296,
    "eps": 0.0775,
    "epsdiluted": 0.075,
    "weightedAverageShsOut": 187096774,
    "weightedAverageShsOutDil": 193333333,
    "link": null,
    "finalLink": null
  },
  {
    "date": "1997-09-30",
    "symbol": "COR",
    "reportedCurrency": "USD",
    "cik": "0001140859",
    "fillingDate": "1997-09-30",
    "acceptedDate": "1997-09-29 20:00:00",
    "calendarYear": "1997",
    "period": "Q4",
    "revenue": 2219300000,
    "costOfRevenue": 2111600000,
    "grossProfit": 107700000,
    "grossProfitRatio": 0.0485288154,
    "researchAndDevelopmentExpenses": 0,
    "generalAndAdministrativeExpenses": 0,
    "sellingAndMarketingExpenses": 0,
    "sellingGeneralAndAdministrativeExpenses": 66900000,
    "otherExpenses": 3800000,
    "operatingExpenses": 70700000,
    "costAndExpenses": 2182300000,
    "interestIncome": 0,
    "interestExpense": 0,
    "depreciationAndAmortization": 3800000,
    "ebitda": 40800000,
    "ebitdaratio": 0.0183841752,
    "operatingIncome": 37000000,
    "operatingIncomeRatio": 0.0166719236,
    "totalOtherIncomeExpensesNet": -10600000,
    "incomeBeforeTax": 26400000,
    "incomeBeforeTaxRatio": 0.0118956428,
    "incomeTaxExpense": 10300000,
    "netIncome": 16100000,
    "netIncomeRatio": 0.0072545397,
    "eps": 0.0875,
    "epsdiluted": 0.0875,
    "weightedAverageShsOut": 226305288,
    "weightedAverageShsOutDil": 226305288,
    "link": null,
    "finalLink": null
  },
  {
    "date": "1997-06-30",
    "symbol": "COR",
    "reportedCurrency": "USD",
    "cik": "0001140859",
    "fillingDate": "1997-06-30",
    "acceptedDate": "1997-06-29 20:00:00",
    "calendarYear": "1997",
    "period": "Q3",
    "revenue": 2064200000,
    "costOfRevenue": 1963100000,
    "grossProfit": 101100000,
    "grossProfitRatio": 0.0489778122,
    "researchAndDevelopmentExpenses": 0,
    "generalAndAdministrativeExpenses": 76200000,
    "sellingAndMarketingExpenses": 0,
    "sellingGeneralAndAdministrativeExpenses": 76200000,
    "otherExpenses": 0,
    "operatingExpenses": 80100000,
    "costAndExpenses": 2043200000,
    "interestIncome": 0,
    "interestExpense": 0,
    "depreciationAndAmortization": 3900000,
    "ebitda": 24900000,
    "ebitdaratio": 0.0120627846,
    "operatingIncome": 21000000,
    "operatingIncomeRatio": 0.0101734328,
    "totalOtherIncomeExpensesNet": -10700000,
    "incomeBeforeTax": 10300000,
    "incomeBeforeTaxRatio": 0.0049898266,
    "incomeTaxExpense": 4000000,
    "netIncome": 6300000,
    "netIncomeRatio": 0.0030520298,
    "eps": 0.035,
    "epsdiluted": 0.0325,
    "weightedAverageShsOut": 180000000,
    "weightedAverageShsOutDil": 193846154,
    "link": null,
    "finalLink": null
  },
  {
    "date": "1997-03-31",
    "symbol": "COR",
    "reportedCurrency": "USD",
    "cik": "0001140859",
    "fillingDate": "1997-03-31",
    "acceptedDate": "1997-03-30 19:00:00",
    "calendarYear": "1997",
    "period": "Q2",
    "revenue": 1785500000,
    "costOfRevenue": 1691900000,
    "grossProfit": 93600000,
    "grossProfitRatio": 0.0524222907,
    "researchAndDevelopmentExpenses": 0,
    "generalAndAdministrativeExpenses": 57600000,
    "sellingAndMarketingExpenses": 0,
    "sellingGeneralAndAdministrativeExpenses": 57600000,
    "otherExpenses": 0,
    "operatingExpenses": 61100000,
    "costAndExpenses": 1753000000,
    "interestIncome": 0,
    "interestExpense": 0,
    "depreciationAndAmortization": 3500000,
    "ebitda": 36000000,
    "ebitdaratio": 0.0201624195,
    "operatingIncome": 32500000,
    "operatingIncomeRatio": 0.0182021843,
    "totalOtherIncomeExpensesNet": -11000000,
    "incomeBeforeTax": 21500000,
    "incomeBeforeTaxRatio": 0.012041445,
    "incomeTaxExpense": 8400000,
    "netIncome": 11100000,
    "netIncomeRatio": 0.006216746,
    "eps": 0.06,
    "epsdiluted": 0.0575,
    "weightedAverageShsOut": 185000000,
    "weightedAverageShsOutDil": 193043478,
    "link": null,
    "finalLink": null
  },
  {
    "date": "1996-12-31",
    "symbol": "COR",
    "reportedCurrency": "USD",
    "cik": "0001140859",
    "fillingDate": "1996-12-31",
    "acceptedDate": "1996-12-30 19:00:00",
    "calendarYear": "1997",
    "period": "Q1",
    "revenue": 1746900000,
    "costOfRevenue": 1660100000,
    "grossProfit": 86800000,
    "grossProfitRatio": 0.0496880188,
    "researchAndDevelopmentExpenses": 0,
    "generalAndAdministrativeExpenses": 54800000,
    "sellingAndMarketingExpenses": 0,
    "sellingGeneralAndAdministrativeExpenses": 54800000,
    "otherExpenses": 0,
    "operatingExpenses": 57900000,
    "costAndExpenses": 1718000000,
    "interestIncome": 0,
    "interestExpense": 0,
    "depreciationAndAmortization": 3100000,
    "ebitda": 32000000,
    "ebitdaratio": 0.0183181636,
    "operatingIncome": 28900000,
    "operatingIncomeRatio": 0.0165435915,
    "totalOtherIncomeExpensesNet": -9200000,
    "incomeBeforeTax": 19700000,
    "incomeBeforeTaxRatio": 0.0112771195,
    "incomeTaxExpense": 7900000,
    "netIncome": 11800000,
    "netIncomeRatio": 0.0067548228,
    "eps": 0.0625,
    "epsdiluted": 0.0625,
    "weightedAverageShsOut": 188800000,
    "weightedAverageShsOutDil": 188800000,
    "link": null,
    "finalLink": null
  },
  {
    "date": "1996-09-30",
    "symbol": "COR",
    "reportedCurrency": "USD",
    "cik": "0001140859",
    "fillingDate": "1996-09-30",
    "acceptedDate": "1996-09-29 20:00:00",
    "calendarYear": "1996",
    "period": "Q4",
    "revenue": 1487100000,
    "costOfRevenue": 1412600000,
    "grossProfit": 74500000,
    "grossProfitRatio": 0.0500975052,
    "researchAndDevelopmentExpenses": 0,
    "generalAndAdministrativeExpenses": 0,
    "sellingAndMarketingExpenses": 0,
    "sellingGeneralAndAdministrativeExpenses": 51800000,
    "otherExpenses": 3200000,
    "operatingExpenses": 55000000,
    "costAndExpenses": 1467600000,
    "interestIncome": 0,
    "interestExpense": 0,
    "depreciationAndAmortization": 3200000,
    "ebitda": 22700000,
    "ebitdaratio": 0.015264609,
    "operatingIncome": 19500000,
    "operatingIncomeRatio": 0.0131127698,
    "totalOtherIncomeExpensesNet": -7900000,
    "incomeBeforeTax": 11600000,
    "incomeBeforeTaxRatio": 0.0078004169,
    "incomeTaxExpense": -1700000,
    "netIncome": 13300000,
    "netIncomeRatio": 0.0089435815,
    "eps": 0.0725,
    "epsdiluted": 0.07,
    "weightedAverageShsOut": 184531659,
    "weightedAverageShsOutDil": 193988868,
    "link": null,
    "finalLink": null
  },
  {
    "date": "1996-06-30",
    "symbol": "COR",
    "reportedCurrency": "USD",
    "cik": "0001140859",
    "fillingDate": "1996-06-30",
    "acceptedDate": "1996-06-29 20:00:00",
    "calendarYear": "1996",
    "period": "Q3",
    "revenue": 1420000000,
    "costOfRevenue": 1338800000,
    "grossProfit": 81200000,
    "grossProfitRatio": 0.0571830986,
    "researchAndDevelopmentExpenses": 0,
    "generalAndAdministrativeExpenses": 51400000,
    "sellingAndMarketingExpenses": 0,
    "sellingGeneralAndAdministrativeExpenses": 51400000,
    "otherExpenses": 0,
    "operatingExpenses": 54500000,
    "costAndExpenses": 1393300000,
    "interestIncome": 0,
    "interestExpense": 0,
    "depreciationAndAmortization": 3100000,
    "ebitda": 29800000,
    "ebitdaratio": 0.0209859155,
    "operatingIncome": 26700000,
    "operatingIncomeRatio": 0.0188028169,
    "totalOtherIncomeExpensesNet": -9100000,
    "incomeBeforeTax": 17600000,
    "incomeBeforeTaxRatio": 0.0123943662,
    "incomeTaxExpense": 7200000,
    "netIncome": 3200000,
    "netIncomeRatio": 0.0022535211,
    "eps": 0.0175,
    "epsdiluted": 0.0175,
    "weightedAverageShsOut": 182857143,
    "weightedAverageShsOutDil": 182857143,
    "link": null,
    "finalLink": null
  },
  {
    "date": "1996-03-31",
    "symbol": "COR",
    "reportedCurrency": "USD",
    "cik": "0001140859",
    "fillingDate": "1996-03-31",
    "acceptedDate": "1996-03-30 19:00:00",
    "calendarYear": "1996",
    "period": "Q2",
    "revenue": 1362100000,
    "costOfRevenue": 1283300000,
    "grossProfit": 78800000,
    "grossProfitRatio": 0.0578518464,
    "researchAndDevelopmentExpenses": 0,
    "generalAndAdministrativeExpenses": 48900000,
    "sellingAndMarketingExpenses": 0,
    "sellingGeneralAndAdministrativeExpenses": 48900000,
    "otherExpenses": 0,
    "operatingExpenses": 51500000,
    "costAndExpenses": 1334800000,
    "interestIncome": 0,
    "interestExpense": 0,
    "depreciationAndAmortization": 2600000,
    "ebitda": 29900000,
    "ebitdaratio": 0.0219513986,
    "operatingIncome": 27300000,
    "operatingIncomeRatio": 0.0200425813,
    "totalOtherIncomeExpensesNet": -9900000,
    "incomeBeforeTax": 17400000,
    "incomeBeforeTaxRatio": 0.0127743925,
    "incomeTaxExpense": 7300000,
    "netIncome": 10100000,
    "netIncomeRatio": 0.0074150209,
    "eps": 0.0575,
    "epsdiluted": 0.0575,
    "weightedAverageShsOut": 175652174,
    "weightedAverageShsOutDil": 175652174,
    "link": null,
    "finalLink": null
  },
  {
    "date": "1995-12-31",
    "symbol": "COR",
    "reportedCurrency": "USD",
    "cik": "0001140859",
    "fillingDate": "1995-12-31",
    "acceptedDate": "1995-12-30 19:00:00",
    "calendarYear": "1996",
    "period": "Q1",
    "revenue": 1282500000,
    "costOfRevenue": 1212100000,
    "grossProfit": 70400000,
    "grossProfitRatio": 0.0548927875,
    "researchAndDevelopmentExpenses": 0,
    "generalAndAdministrativeExpenses": 43300000,
    "sellingAndMarketingExpenses": 0,
    "sellingGeneralAndAdministrativeExpenses": 43300000,
    "otherExpenses": 0,
    "operatingExpenses": 46000000,
    "costAndExpenses": 1258100000,
    "interestIncome": 0,
    "interestExpense": 0,
    "depreciationAndAmortization": 2700000,
    "ebitda": 27100000,
    "ebitdaratio": 0.0211306043,
    "operatingIncome": 24400000,
    "operatingIncomeRatio": 0.0190253411,
    "totalOtherIncomeExpensesNet": -9100000,
    "incomeBeforeTax": 15300000,
    "incomeBeforeTaxRatio": 0.0119298246,
    "incomeTaxExpense": 6400000,
    "netIncome": 8900000,
    "netIncomeRatio": 0.0069395712,
    "eps": 0.05,
    "epsdiluted": 0.05,
    "weightedAverageShsOut": 178000000,
    "weightedAverageShsOutDil": 178000000,
    "link": null,
    "finalLink": null
  },
  {
    "date": "1995-09-30",
    "symbol": "COR",
    "reportedCurrency": "USD",
    "cik": "0001140859",
    "fillingDate": "1995-09-30",
    "acceptedDate": "1995-09-29 20:00:00",
    "calendarYear": "1995",
    "period": "Q4",
    "revenue": 1118800000,
    "costOfRevenue": 1046400000,
    "grossProfit": 72400000,
    "grossProfitRatio": 0.0647121916,
    "researchAndDevelopmentExpenses": 0,
    "generalAndAdministrativeExpenses": 0,
    "sellingAndMarketingExpenses": 0,
    "sellingGeneralAndAdministrativeExpenses": 42800000,
    "otherExpenses": 2900000,
    "operatingExpenses": 45700000,
    "costAndExpenses": 1092100000,
    "interestIncome": 0,
    "interestExpense": 0,
    "depreciationAndAmortization": 2900000,
    "ebitda": 29600000,
    "ebitdaratio": 0.0264569181,
    "operatingIncome": 26700000,
    "operatingIncomeRatio": 0.0238648552,
    "totalOtherIncomeExpensesNet": -9600000,
    "incomeBeforeTax": 17100000,
    "incomeBeforeTaxRatio": 0.0152842331,
    "incomeTaxExpense": 6300000,
    "netIncome": 10800000,
    "netIncomeRatio": 0.0096531999,
    "eps": 0.053,
    "epsdiluted": 0.053,
    "weightedAverageShsOut": 203776000,
    "weightedAverageShsOutDil": 203776000,
    "link": null,
    "finalLink": null
  }
]