[
  {
    "date": "2024-09-30",
    "symbol": "COR",
    "reportedCurrency": "USD",
    "cik": "0001140859",
    "fillingDate": "2024-11-26",
    "acceptedDate": "2024-11-26 14:45:55",
    "calendarYear": "2024",
    "period": "FY",
    "revenue": 293958599000,
    "costOfRevenue": 285257361000,
    "grossProfit": 8701238000,
    "grossProfitRatio": 0.0296002159,
    "researchAndDevelopmentExpenses": 0,
    "generalAndAdministrativeExpenses": 0,
    "sellingAndMarketingExpenses": 0,
    "sellingGeneralAndAdministrativeExpenses": 5661106000,
    "otherExpenses": 0,
    "operatingExpenses": 5661106000,
    "costAndExpenses": 290918467000,
    "interestIncome": 91691000,
    "interestExpense": 248682000,
    "depreciationAndAmortization": 1111674000,
    "ebitda": 3364331000,
    "ebitdaratio": 0.0114449144,
    "operatingIncome": 3040132000,
    "operatingIncomeRatio": 0.0103420414,
    "totalOtherIncomeExpensesNet": -1036157000,
    "incomeBeforeTax": 2003975000,
    "incomeBeforeTaxRatio": 0.0068172015,
    "incomeTaxExpense": 484702000,
    "netIncome": 1509120000,
    "netIncomeRatio": 0.0051337842,
    "eps": 7.6,
    "epsdiluted": 7.53,
    "weightedAverageShsOut": 198503000,
    "weightedAverageShsOutDil": 200284000,
    "link": "https://www.sec.gov/Archives/edgar/data/1140859/000114085924000177/0001140859-24-000177-index.htm",
    "finalLink": "https://www.sec.gov/Archives/edgar/data/1140859/000114085924000177/cor-20240930.htm"
  },
  {
    "date": "2023-09-30",
    "symbol": "COR",
    "reportedCurrency": "USD",
    "cik": "0001140859",
    "fillingDate": "2023-09-30",
    "acceptedDate": "2023-09-29 20:00:00",
    "calendarYear": "2023",
    "period": "FY",
    "revenue": 262173411000,
    "costOfRevenue": 254416914000,
    "grossProfit": 7756497000,
    "grossProfitRatio": 0.0295853686,
    "researchAndDevelopmentExpenses": 0,
    "generalAndAdministrativeExpenses": 0,
    "sellingAndMarketingExpenses": 0,
    "sellingGeneralAndAdministrativeExpenses": 5309984000,
    "otherExpenses": 0,
    "operatingExpenses": 5309984000,
    "costAndExpenses": 259726898000,
    "interestIncome": 46719000,
    "interestExpense": 275650000,
    "depreciationAndAmortization": 972393000,
    "ebitda": 3408879000,
    "ebitdaratio": 0.0130023826,
    "operatingIncome": 2446513000,
    "operatingIncomeRatio": 0.0093316595,
    "totalOtherIncomeExpensesNet": -285677000,
    "incomeBeforeTax": 2160836000,
    "incomeBeforeTaxRatio": 0.0082420105,
    "incomeTaxExpense": 428260000,
    "netIncome": 1745293000,
    "netIncomeRatio": 0.0066570176,
    "eps": 8.6183,
    "epsdiluted": 8.5306,
    "weightedAverageShsOut": 202511000,
    "weightedAverageShsOutDil": 204591000,
    "link": null,
    "finalLink": null
  },
  {
    "date": "2022-09-30",
    "symbol": "COR",
    "reportedCurrency": "USD",
    "cik": "0001140859",
    "fillingDate": "2022-09-30",
    "acceptedDate": "2022-09-30 00:00:00",
    "calendarYear": "2022",
    "period": "FY",
    "revenue": 238587006000,
    "costOfRevenue": 230986369000,
    "grossProfit": 7600636999,
    "grossProfitRatio": 0.0318568774,
    "researchAndDevelopmentExpenses": 0,
    "generalAndAdministrativeExpenses": 0,
    "sellingAndMarketingExpenses": 0,
    "sellingGeneralAndAdministrativeExpenses": 4848962000,
    "otherExpenses": 0,
    "operatingExpenses": 4848962000,
    "costAndExpenses": 235835331000,
    "interestIncome": 21309000,
    "interestExpense": 231982000,
    "depreciationAndAmortization": 697943000,
    "ebitda": 3112982000,
    "ebitdaratio": 0.0130475756,
    "operatingIncome": 2751675000,
    "operatingIncomeRatio": 0.011533214,
    "totalOtherIncomeExpensesNet": -568618000,
    "incomeBeforeTax": 2183057000,
    "incomeBeforeTaxRatio": 0.0091499409,
    "incomeTaxExpense": 516517000,
    "netIncome": 1698820000,
    "netIncomeRatio": 0.0071203375,
    "eps": 8.1489,
    "epsdiluted": 8.0433,
    "weightedAverageShsOut": 208472000,
    "weightedAverageShsOutDil": 211210000,
    "link": null,
    "finalLink": null
  },
  {
    "date": "2021-09-30",
    "symbol": "COR",
    "reportedCurrency": "USD",
    "cik": "0001140859",
    "fillingDate": "2021-09-30",
    "acceptedDate": "2021-09-30 00:00:00",
    "calendarYear": "2021",
    "period": "FY",
    "revenue": 213988843000,
    "costOfRevenue": 207719581000,
    "grossProfit": 6269261999,
    "grossProfitRatio": 0.0292971442,
    "researchAndDevelopmentExpenses": 0,
    "generalAndAdministrativeExpenses": 0,
    "sellingAndMarketingExpenses": 0,
    "sellingGeneralAndAdministrativeExpenses": 3594251000,
    "otherExpenses": 0,
    "operatingExpenses": 3594251000,
    "costAndExpenses": 211313832000,
    "interestIncome": 8470000,
    "interestExpense": 182544000,
    "depreciationAndAmortization": 505172000,
    "ebitda": 2909575000,
    "ebitdaratio": 0.0135968537,
    "operatingIncome": 2675011000,
    "operatingIncomeRatio": 0.0125007031,
    "totalOtherIncomeExpensesNet": -453152000,
    "incomeBeforeTax": 2221859000,
    "incomeBeforeTaxRatio": 0.01038306,
    "incomeTaxExpense": 677251000,
    "netIncome": 1539932000,
    "netIncomeRatio": 0.0071963191,
    "eps": 7.4783,
    "epsdiluted": 7.387,
    "weightedAverageShsOut": 205919000,
    "weightedAverageShsOutDil": 208465000,
    "link": null,
    "finalLink": null
  },
  {
    "date": "2020-09-30",
    "symbol": "COR",
    "reportedCurrency": "USD",
    "cik": "0001140859",
    "fillingDate": "2021-02-05",
    "acceptedDate": "2021-02-05 07:18:21",
    "calendarYear": "2020",
    "period": "FY",
    "revenue": 189893926000,
    "costOfRevenue": 185102180000,
    "grossProfit": 4791746000,
    "grossProfitRatio": 0.0252338034,
    "researchAndDevelopmentExpenses": 0,
    "generalAndAdministrativeExpenses": 0,
    "sellingAndMarketingExpenses": 0,
    "sellingGeneralAndAdministrativeExpenses": 2767217000,
    "otherExpenses": 0,
    "operatingExpenses": 2767217000,
    "costAndExpenses": 187869397000,
    "interestIncome": 20639000,
    "interestExpense": 158522000,
    "depreciationAndAmortization": 401619000,
    "ebitda": -4733690000,
    "ebitdaratio": -0.0249280748,
    "operatingIncome": 2024529000,
    "operatingIncomeRatio": 0.0106613679,
    "totalOtherIncomeExpensesNet": -7318360000,
    "incomeBeforeTax": -5293831000,
    "incomeBeforeTaxRatio": -0.0278778322,
    "incomeTaxExpense": -1894273000,
    "netIncome": -3408716000,
    "netIncomeRatio": -0.0179506321,
    "eps": -16.6455,
    "epsdiluted": -16.6455,
    "weightedAverageShsOut": 204783000,
    "weightedAverageShsOutDil": 204783000,
    "link": "https://www.sec.gov/Archives/edgar/data/1490892/000155837021000757/0001558370-21-000757-index.htm",
    "finalLink": "https://www.sec.gov/Archives/edgar/data/1490892/000155837021000757/cor-20201231x10k.htm"
  },
  {
    "date": "2019-09-30",
    "symbol": "COR",
    "reportedCurrency": "USD",
    "cik": "0001140859",
    "fillingDate": "2020-02-07",
    "acceptedDate": "2020-02-07 07:18:29",
    "calendarYear": "2019",
    "period": "FY",
    "revenue": 179589121000,
    "costOfRevenue": 175059088000,
    "grossProfit": 4530033000,
    "grossProfitRatio": 0.0252244288,
    "researchAndDevelopmentExpenses": 0,
    "generalAndAdministrativeExpenses": 0,
    "sellingAndMarketingExpenses": 0,
    "sellingGeneralAndAdministrativeExpenses": 2663508000,
    "otherExpenses": 0,
    "operatingExpenses": 2663508000,
    "costAndExpenses": 177722596000,
    "interestIncome": 37705000,
    "interestExpense": 195474000,
    "depreciationAndAmortization": 488544000,
    "ebitda": 1651124000,
    "ebitdaratio": 0.0091938977,
    "operatingIncome": 1866525000,
    "operatingIncomeRatio": 0.0103933077,
    "totalOtherIncomeExpensesNet": -899419000,
    "incomeBeforeTax": 967106000,
    "incomeBeforeTaxRatio": 0.0053851035,
    "incomeTaxExpense": 112971000,
    "netIncome": 855365000,
    "netIncomeRatio": 0.0047628999,
    "eps": 4.07,
    "epsdiluted": 4.0378,
    "weightedAverageShsOut": 210165000,
    "weightedAverageShsOutDil": 211840000,
    "link": "https://www.sec.gov/Archives/edgar/data/1490892/000155837020000595/0001558370-20-000595-index.html",
    "finalLink": "https://www.sec.gov/Archives/edgar/data/1490892/000155837020000595/cor-20191231x10k0cf293.htm"
  },
  {
    "date": "2018-09-30",
    "symbol": "COR",
    "reportedCurrency": "USD",
    "cik": "0001140859",
    "fillingDate": "2019-02-08",
    "acceptedDate": "2019-02-08 07:22:34",
    "calendarYear": "2018",
    "period": "FY",
    "revenue": 167939635000,
    "costOfRevenue": 163828383000,
    "grossProfit": 4111252000,
    "grossProfitRatio": 0.0244805343,
    "researchAndDevelopmentExpenses": 0,
    "generalAndAdministrativeExpenses": 0,
    "sellingAndMarketingExpenses": 0,
    "sellingGeneralAndAdministrativeExpenses": 2460301000,
    "otherExpenses": 0,
    "operatingExpenses": 2460301000,
    "costAndExpenses": 166288684000,
    "interestIncome": 14941000,
    "interestExpense": 189640000,
    "depreciationAndAmortization": 499639000,
    "ebitda": 1866702000,
    "ebitdaratio": 0.0111153153,
    "operatingIncome": 1650951000,
    "operatingIncomeRatio": 0.0098306216,
    "totalOtherIncomeExpensesNet": -473528000,
    "incomeBeforeTax": 1177423000,
    "incomeBeforeTaxRatio": 0.0070109894,
    "incomeTaxExpense": -438469000,
    "netIncome": 1658405000,
    "netIncomeRatio": 0.0098750066,
    "eps": 7.61,
    "epsdiluted": 7.53,
    "weightedAverageShsOut": 217872000,
    "weightedAverageShsOutDil": 220336000,
    "link": "https://www.sec.gov/Archives/edgar/data/1490892/000155837019000493/0001558370-19-000493-index.html",
    "finalLink": "https://www.sec.gov/Archives/edgar/data/1490892/000155837019000493/cor-20181231x10k.htm"
  },
  {
    "date": "2017-09-30",
    "symbol": "COR",
    "reportedCurrency": "USD",
    "cik": "0001140859",
    "fillingDate": "2018-02-09",
    "acceptedDate": "2018-02-09 07:19:16",
    "calendarYear": "2017",
    "period": "FY",
    "revenue": 153143826000,
    "costOfRevenue": 148996822000,
    "grossProfit": 4147004000,
    "grossProfitRatio": 0.0270791458,
    "researchAndDevelopmentExpenses": 0,
    "generalAndAdministrativeExpenses": 0,
    "sellingAndMarketingExpenses": 0,
    "sellingGeneralAndAdministrativeExpenses": 2128730000,
    "otherExpenses": 0,
    "operatingExpenses": 2128730000,
    "costAndExpenses": 151125552000,
    "interestIncome": 3857000,
    "interestExpense": 149042000,
    "depreciationAndAmortization": 422923000,
    "ebitda": 1489852000,
    "ebitdaratio": 0.0097284496,
    "operatingIncome": 2018274000,
    "operatingIncomeRatio": 0.0131789446,
    "totalOtherIncomeExpensesNet": -1100387000,
    "incomeBeforeTax": 917887000,
    "incomeBeforeTaxRatio": 0.0059936272,
    "incomeTaxExpense": 553403000,
    "netIncome": 364484000,
    "netIncomeRatio": 0.0023800111,
    "eps": 1.67,
    "epsdiluted": 1.64,
    "weightedAverageShsOut": 218375000,
    "weightedAverageShsOutDil": 221602000,
    "link": "https://www.sec.gov/Archives/edgar/data/1490892/000155837018000547/0001558370-18-000547-index.html",
    "finalLink": "https://www.sec.gov/Archives/edgar/data/1490892/000155837018000547/cor-20171231x10k.htm"
  },
  {
    "date": "2016-09-30",
    "symbol": "COR",
    "reportedCurrency": "USD",
    "cik": "0001140859",
    "fillingDate": "2017-02-10",
    "acceptedDate": "2017-02-10 07:16:35",
    "calendarYear": "2016",
    "period": "FY",
    "revenue": 146849686000,
    "costOfRevenue": 143075573000,
    "grossProfit": 3774113000,
    "grossProfitRatio": 0.025700518,
    "researchAndDevelopmentExpenses": 0,
    "generalAndAdministrativeExpenses": 0,
    "sellingAndMarketingExpenses": 0,
    "sellingGeneralAndAdministrativeExpenses": 2091237000,
    "otherExpenses": 0,
    "operatingExpenses": 2091237000,
    "costAndExpenses": 145166810000,
    "interestIncome": 4437000,
    "interestExpense": 144349000,
    "depreciationAndAmortization": 385031000,
    "ebitda": 1920290000,
    "ebitdaratio": 0.0130765686,
    "operatingIncome": 1682876000,
    "operatingIncomeRatio": 0.0114598543,
    "totalOtherIncomeExpensesNet": -291966000,
    "incomeBeforeTax": 1390910000,
    "incomeBeforeTaxRatio": 0.009471658,
    "incomeTaxExpense": -37019000,
    "netIncome": 1427929000,
    "netIncomeRatio": 0.0097237457,
    "eps": 6.73,
    "epsdiluted": 6.32,
    "weightedAverageShsOut": 212206000,
    "weightedAverageShsOutDil": 225959000,
    "link": "https://www.sec.gov/Archives/edgar/data/1490892/000155837017000503/0001558370-17-000503-index.html",
    "finalLink": "https://www.sec.gov/Archives/edgar/data/1490892/000155837017000503/cor-20161231x10k.htm"
  },
  {
    "date": "2015-09-30",
    "symbol": "COR",
    "reportedCurrency": "USD",
    "cik": "0001140859",
    "fillingDate": "2016-02-12",
    "acceptedDate": "2016-02-12 07:32:04",
    "calendarYear": "2015",
    "period": "FY",
    "revenue": 135961803000,
    "costOfRevenue": 132746617999,
    "grossProfit": 3215185000,
    "grossProfitRatio": 0.0236477079,
    "researchAndDevelopmentExpenses": 0,
    "generalAndAdministrativeExpenses": 0,
    "sellingAndMarketingExpenses": 0,
    "sellingGeneralAndAdministrativeExpenses": 1907840000,
    "otherExpenses": 0,
    "operatingExpenses": 1907840000,
    "costAndExpenses": 134654458000,
    "interestIncome": 2985000,
    "interestExpense": 112021000,
    "depreciationAndAmortization": 249781000,
    "ebitda": 630766000,
    "ebitdaratio": 0.0046392883,
    "operatingIncome": 1307345000,
    "operatingIncomeRatio": 0.0096155315,
    "totalOtherIncomeExpensesNet": -1038381000,
    "incomeBeforeTax": 268964000,
    "incomeBeforeTaxRatio": 0.0019782321,
    "incomeTaxExpense": 407129000,
    "netIncome": -138165000,
    "netIncomeRatio": -0.0010162045,
    "eps": -0.63,
    "epsdiluted": -0.63,
    "weightedAverageShsOut": 217786000,
    "weightedAverageShsOutDil": 217786000,
    "link": "https://www.sec.gov/Archives/edgar/data/1490892/000104746916010126/0001047469-16-010126-index.html",
    "finalLink": "https://www.sec.gov/Archives/edgar/data/1490892/000104746916010126/a2227284z10-k.htm"
  },
  {
    "date": "2014-09-30",
    "symbol": "COR",
    "reportedCurrency": "USD",
    "cik": "0001140859",
    "fillingDate": "2015-02-13",
    "acceptedDate": "2015-02-13 07:31:33",
    "calendarYear": "2014",
    "period": "FY",
    "revenue": 119569127000,
    "costOfRevenue": 116796487000,
    "grossProfit": 2772639999,
    "grossProfitRatio": 0.0231885945,
    "researchAndDevelopmentExpenses": 0,
    "generalAndAdministrativeExpenses": 0,
    "sellingAndMarketingExpenses": 0,
    "sellingGeneralAndAdministrativeExpenses": 1587261000,
    "otherExpenses": 0,
    "operatingExpenses": 1587261000,
    "costAndExpenses": 118383748000,
    "interestIncome": 841000,
    "interestExpense": 77703000,
    "depreciationAndAmortization": 188051000,
    "ebitda": 939182000,
    "ebitdaratio": 0.0078547199,
    "operatingIncome": 1185379000,
    "operatingIncomeRatio": 0.0099137547,
    "totalOtherIncomeExpensesNet": -511951000,
    "incomeBeforeTax": 673428000,
    "incomeBeforeTaxRatio": 0.0056321227,
    "incomeTaxExpense": 389398000,
    "netIncome": 276484000,
    "netIncomeRatio": 0.002312336,
    "eps": 1.22,
    "epsdiluted": 1.17,
    "weightedAverageShsOut": 227367000,
    "weightedAverageShsOutDil": 235405000,
    "link": "https://www.sec.gov/Archives/edgar/data/1490892/000104746915000775/0001047469-15-000775-index.htm",
    "finalLink": "https://www.sec.gov/Archives/edgar/data/1490892/000104746915000775/a2222961z10-k.htm"
  },
  {
    "date": "2013-09-30",
    "symbol": "COR",
    "reportedCurrency": "USD",
    "cik": "0001140859",
    "fillingDate": "2014-02-14",
    "acceptedDate": "2014-02-14 07:32:19",
    "calendarYear": "2013",
    "period": "FY",
    "revenue": 87959167000,
    "costOfRevenue": 85636434000,
    "grossProfit": 2322733000,
    "grossProfitRatio": 0.0264069463,
    "researchAndDevelopmentExpenses": 0,
    "generalAndAdministrativeExpenses": 0,
    "sellingAndMarketingExpenses": 0,
    "sellingGeneralAndAdministrativeExpenses": 1333712000,
    "otherExpenses": 0,
    "operatingExpenses": 1333712000,
    "costAndExpenses": 86970146000,
    "interestIncome": 1151000,
    "interestExpense": 75048000,
    "depreciationAndAmortization": 165829000,
    "ebitda": 1065335000,
    "ebitdaratio": 0.0121116995,
    "operatingIncome": 989021000,
    "operatingIncomeRatio": 0.0112440924,
    "totalOtherIncomeExpensesNet": -164563000,
    "incomeBeforeTax": 824458000,
    "incomeBeforeTaxRatio": 0.0093731902,
    "incomeTaxExpense": 331023000,
    "netIncome": 433707000,
    "netIncomeRatio": 0.0049307766,
    "eps": 1.88,
    "epsdiluted": 1.84,
    "weightedAverageShsOut": 231067000,
    "weightedAverageShsOutDil": 235345000,
    "link": "https://www.sec.gov/Archives/edgar/data/1490892/000104746914000899/0001047469-14-000899-index.htm",
    "finalLink": "https://www.sec.gov/Archives/edgar/data/1490892/000104746914000899/a2218228z10-k.htm"
  },
  {
    "date": "2012-09-30",
    "symbol": "COR",
    "reportedCurrency": "USD",
    "cik": "0001140859",
    "fillingDate": "2013-02-25",
    "acceptedDate": "2013-02-25 07:31:31",
    "calendarYear": "2012",
    "period": "FY",
    "revenue": 79489596000,
    "costOfRevenue": 76976352000,
    "grossProfit": 2513244000,
    "grossProfitRatio": 0.0316172698,
    "researchAndDevelopmentExpenses": 0,
    "generalAndAdministrativeExpenses": 0,
    "sellingAndMarketingExpenses": 0,
    "sellingGeneralAndAdministrativeExpenses": 1229495000,
    "otherExpenses": 0,
    "operatingExpenses": 1229495000,
    "costAndExpenses": 78205847000,
    "interestIncome": 1801000,
    "interestExpense": 97225000,
    "depreciationAndAmortization": 141991000,
    "ebitda": 1402347000,
    "ebitdaratio": 0.0176418937,
    "operatingIncome": 1283749000,
    "operatingIncomeRatio": 0.0161498997,
    "totalOtherIncomeExpensesNet": -120618000,
    "incomeBeforeTax": 1163131000,
    "incomeBeforeTaxRatio": 0.0146324935,
    "incomeTaxExpense": 454945000,
    "netIncome": 718986000,
    "netIncomeRatio": 0.0090450328,
    "eps": 2.84,
    "epsdiluted": 2.8,
    "weightedAverageShsOut": 252906000,
    "weightedAverageShsOutDil": 256903000,
    "link": "https://www.sec.gov/Archives/edgar/data/1490892/000110465913013502/0001104659-13-013502-index.html",
    "finalLink": "https://www.sec.gov/Archives/edgar/data/1490892/000110465913013502/a12-28649_110k.htm"
  },
  {
    "date": "2011-09-30",
    "symbol": "COR",
    "reportedCurrency": "USD",
    "cik": "0001140859",
    "fillingDate": "2012-02-24",
    "acceptedDate": "2012-02-24 07:31:09",
    "calendarYear": "2011",
    "period": "FY",
    "revenue": 80217558000,
    "costOfRevenue": 77788871000,
    "grossProfit": 2428687000,
    "grossProfitRatio": 0.030276252,
    "researchAndDevelopmentExpenses": 0,
    "generalAndAdministrativeExpenses": 0,
    "sellingAndMarketingExpenses": 0,
    "sellingGeneralAndAdministrativeExpenses": 1197969000,
    "otherExpenses": 0,
    "operatingExpenses": 1197969000,
    "costAndExpenses": 78986840000,
    "interestIncome": 2181000,
    "interestExpense": 78902000,
    "depreciationAndAmortization": 121233000,
    "ebitda": 1330776000,
    "ebitdaratio": 0.016589585,
    "operatingIncome": 1230718000,
    "operatingIncomeRatio": 0.0153422521,
    "totalOtherIncomeExpensesNet": -100077000,
    "incomeBeforeTax": 1130641000,
    "incomeBeforeTaxRatio": 0.0140946824,
    "incomeTaxExpense": 424017000,
    "netIncome": 706624000,
    "netIncomeRatio": 0.0088088446,
    "eps": 2.59,
    "epsdiluted": 2.54,
    "weightedAverageShsOut": 272471000,
    "weightedAverageShsOutDil": 277717000,
    "link": "https://www.sec.gov/Archives/edgar/data/1490892/000119312512076742/0001193125-12-076742-index.html",
    "finalLink": "https://www.sec.gov/Archives/edgar/data/1490892/000119312512076742/d286427d10k.htm"
  },
  {
    "date": "2010-09-30",
    "symbol": "COR",
    "reportedCurrency": "USD",
    "cik": "0001140859",
    "fillingDate": "2011-03-11",
    "acceptedDate": "2011-03-11 16:35:55",
    "calendarYear": "2010",
    "period": "FY",
    "revenue": 77953979000,
    "costOfRevenue": 75704498000,
    "grossProfit": 2249481000,
    "grossProfitRatio": 0.0288565257,
    "researchAndDevelopmentExpenses": 0,
    "generalAndAdministrativeExpenses": 0,
    "sellingAndMarketingExpenses": 0,
    "sellingGeneralAndAdministrativeExpenses": 1161128000,
    "otherExpenses": 0,
    "operatingExpenses": 1161128000,
    "costAndExpenses": 76865626000,
    "interestIncome": 2311000,
    "interestExpense": 74805000,
    "depreciationAndAmortization": 99210000,
    "ebitda": 1201784000,
    "ebitdaratio": 0.0154165832,
    "operatingIncome": 1088353000,
    "operatingIncomeRatio": 0.013961481,
    "totalOtherIncomeExpensesNet": -60584000,
    "incomeBeforeTax": 1027769000,
    "incomeBeforeTaxRatio": 0.0131843045,
    "incomeTaxExpense": 391021000,
    "netIncome": 636748000,
    "netIncomeRatio": 0.0081682553,
    "eps": 2.26,
    "epsdiluted": 2.22,
    "weightedAverageShsOut": 282258000,
    "weightedAverageShsOutDil": 287246000,
    "link": "https://www.sec.gov/Archives/edgar/data/1490892/000095012311024775/0000950123-11-024775-index.html",
    "finalLink": "https://www.sec.gov/Archives/edgar/data/1490892/000095012311024775/c13842e10vk.htm"
  },
  {
    "date": "2009-09-30",
    "symbol": "COR",
    "reportedCurrency": "USD",
    "cik": "0001140859",
    "fillingDate": "2009-12-31",
    "acceptedDate": "2009-12-30 19:00:00",
    "calendarYear": "2009",
    "period": "FY",
    "revenue": 71759990000,
    "costOfRevenue": 69740623000,
    "grossProfit": 2019367000,
    "grossProfitRatio": 0.0281405697,
    "researchAndDevelopmentExpenses": 0,
    "generalAndAdministrativeExpenses": 0,
    "sellingAndMarketingExpenses": 0,
    "sellingGeneralAndAdministrativeExpenses": 1120240000,
    "otherExpenses": 0,
    "operatingExpenses": 1120240000,
    "costAndExpenses": 70860863000,
    "interestIncome": 5195000,
    "interestExpense": 63502000,
    "depreciationAndAmortization": 90032000,
    "ebitda": 977608000,
    "ebitdaratio": 0.0136233018,
    "operatingIncome": 899127000,
    "operatingIncomeRatio": 0.0125296422,
    "totalOtherIncomeExpensesNet": -75053000,
    "incomeBeforeTax": 824074000,
    "incomeBeforeTaxRatio": 0.011483753,
    "incomeTaxExpense": 312222000,
    "netIncome": 503397000,
    "netIncomeRatio": 0.0070150093,
    "eps": 1.67,
    "epsdiluted": 1.66,
    "weightedAverageShsOut": 300573000,
    "weightedAverageShsOutDil": 302754000,
    "link": "",
    "finalLink": ""
  },
  {
    "date": "2008-09-30",
    "symbol": "COR",
    "reportedCurrency": "USD",
    "cik": "0001140859",
    "fillingDate": "2008-12-31",
    "acceptedDate": "2008-12-30 19:00:00",
    "calendarYear": "2008",
    "period": "FY",
    "revenue": 70189733000,
    "costOfRevenue": 68241512000,
    "grossProfit": 1948221000,
    "grossProfitRatio": 0.0277564954,
    "researchAndDevelopmentExpenses": 0,
    "generalAndAdministrativeExpenses": 0,
    "sellingAndMarketingExpenses": 0,
    "sellingGeneralAndAdministrativeExpenses": 1124683000,
    "otherExpenses": 0,
    "operatingExpenses": 1124683000,
    "costAndExpenses": 69366195000,
    "interestIncome": 10603000,
    "interestExpense": 75099000,
    "depreciationAndAmortization": 92366000,
    "ebitda": 928803000,
    "ebitdaratio": 0.0132327473,
    "operatingIncome": 823538000,
    "operatingIncomeRatio": 0.0117330265,
    "totalOtherIncomeExpensesNet": -62200000,
    "incomeBeforeTax": 761338000,
    "incomeBeforeTaxRatio": 0.010846857,
    "incomeTaxExpense": 292274000,
    "netIncome": 250559000,
    "netIncomeRatio": 0.0035697386,
    "eps": 0.78,
    "epsdiluted": 0.77,
    "weightedAverageShsOut": 321284000,
    "weightedAverageShsOutDil": 324920000,
    "link": "",
    "finalLink": ""
  },
  {
    "date": "2007-09-30",
    "symbol": "COR",
    "reportedCurrency": "USD",
    "cik": "0001140859",
    "fillingDate": "2007-09-30",
    "acceptedDate": "2007-09-29 20:00:00",
    "calendarYear": "2007",
    "period": "FY",
    "revenue": 66074312000,
    "costOfRevenue": 63874595000,
    "grossProfit": 2199717000,
    "grossProfitRatio": 0.0332915612,
    "researchAndDevelopmentExpenses": 0,
    "generalAndAdministrativeExpenses": 0,
    "sellingAndMarketingExpenses": 0,
    "sellingGeneralAndAdministrativeExpenses": 1413103000,
    "otherExpenses": 0,
    "operatingExpenses": 1413103000,
    "costAndExpenses": 65287698000,
    "interestIncome": 43418000,
    "interestExpense": 75706000,
    "depreciationAndAmortization": 99676000,
    "ebitda": 960432000,
    "ebitdaratio": 0.0145356338,
    "operatingIncome": 786614000,
    "operatingIncomeRatio": 0.0119049896,
    "totalOtherIncomeExpensesNet": -1564000,
    "incomeBeforeTax": 785050000,
    "incomeBeforeTaxRatio": 0.0118813193,
    "incomeTaxExpense": 291282000,
    "netIncome": 469167000,
    "netIncomeRatio": 0.0071005961,
    "eps": 1.265,
    "epsdiluted": 1.25,
    "weightedAverageShsOut": 370362000,
    "weightedAverageShsOutDil": 375772000,
    "link": null,
    "finalLink": null
  },
  {
    "date": "2006-09-30",
    "symbol": "COR",
    "reportedCurrency": "USD",
    "cik": "0001140859",
    "fillingDate": "2006-09-30",
    "acceptedDate": "2006-09-29 20:00:00",
    "calendarYear": "2006",
    "period": "FY",
    "revenue": 61203145000,
    "costOfRevenue": 59098239000,
    "grossProfit": 2104905999,
    "grossProfitRatio": 0.0343921215,
    "researchAndDevelopmentExpenses": 0,
    "generalAndAdministrativeExpenses": 0,
    "sellingAndMarketingExpenses": 0,
    "sellingGeneralAndAdministrativeExpenses": 1376977000,
    "otherExpenses": 0,
    "operatingExpenses": 1376977000,
    "costAndExpenses": 60475216000,
    "interestIncome": 0,
    "interestExpense": 12464000,
    "depreciationAndAmortization": 93047000,
    "ebitda": 846140000,
    "ebitdaratio": 0.0138251065,
    "operatingIncome": 727929000,
    "operatingIncomeRatio": 0.0118936535,
    "totalOtherIncomeExpensesNet": 12700000,
    "incomeBeforeTax": 740629000,
    "incomeBeforeTaxRatio": 0.0121011592,
    "incomeTaxExpense": 272617000,
    "netIncome": 468012000,
    "netIncomeRatio": 0.0076468619,
    "eps": 1.1414,
    "epsdiluted": 1.128,
    "weightedAverageShsOut": 410018000,
    "weightedAverageShsOutDil": 414892000,
    "link": null,
    "finalLink": null
  },
  {
    "date": "2005-09-30",
    "symbol": "COR",
    "reportedCurrency": "USD",
    "cik": "0001140859",
    "fillingDate": "2005-09-30",
    "acceptedDate": "2005-09-29 20:00:00",
    "calendarYear": "2005",
    "period": "FY",
    "revenue": 54577321000,
    "costOfRevenue": 52718436000,
    "grossProfit": 1858885000,
    "grossProfitRatio": 0.0340596601,
    "researchAndDevelopmentExpenses": 0,
    "generalAndAdministrativeExpenses": 0,
    "sellingAndMarketingExpenses": 0,
    "sellingGeneralAndAdministrativeExpenses": 1234057000,
    "otherExpenses": 0,
    "operatingExpenses": 1234057000,
    "costAndExpenses": 53952493000,
    "interestIncome": 0,
    "interestExpense": 57223000,
    "depreciationAndAmortization": 90882000,
    "ebitda": 616930000,
    "ebitdaratio": 0.0113037795,
    "operatingIncome": 624828000,
    "operatingIncomeRatio": 0.0114484916,
    "totalOtherIncomeExpensesNet": -156003000,
    "incomeBeforeTax": 468825000,
    "incomeBeforeTaxRatio": 0.0085901065,
    "incomeTaxExpense": 176903000,
    "netIncome": 291922000,
    "netIncomeRatio": 0.0053487785,
    "eps": 0.69,
    "epsdiluted": 0.685,
    "weightedAverageShsOut": 425264000,
    "weightedAverageShsOutDil": 431080000,
    "link": null,
    "finalLink": null
  },
  {
    "date": "2004-09-30",
    "symbol": "COR",
    "reportedCurrency": "USD",
    "cik": "0001140859",
    "fillingDate": "2004-09-30",
    "acceptedDate": "2004-09-29 20:00:00",
    "calendarYear": "2004",
    "period": "FY",
    "revenue": 53120791000,
    "costOfRevenue": 51065786000,
    "grossProfit": 2055005000,
    "grossProfitRatio": 0.038685512,
    "researchAndDevelopmentExpenses": 0,
    "generalAndAdministrativeExpenses": 0,
    "sellingAndMarketingExpenses": 0,
    "sellingGeneralAndAdministrativeExpenses": 1184529000,
    "otherExpenses": 0,
    "operatingExpenses": 1184529000,
    "costAndExpenses": 52250315000,
    "interestIncome": 0,
    "interestExpense": 112704000,
    "depreciationAndAmortization": 87088000,
    "ebitda": 970691000,
    "ebitdaratio": 0.0182732783,
    "operatingIncome": 870476000,
    "operatingIncomeRatio": 0.0163867289,
    "totalOtherIncomeExpensesNet": -99577000,
    "incomeBeforeTax": 770899000,
    "incomeBeforeTaxRatio": 0.0145121898,
    "incomeTaxExpense": 296025000,
    "netIncome": 468390000,
    "netIncomeRatio": 0.0088174515,
    "eps": 1.05,
    "epsdiluted": 1.015,
    "weightedAverageShsOut": 447348000,
    "weightedAverageShsOutDil": 471116000,
    "link": null,
    "finalLink": null
  },
  {
    "date": "2003-09-30",
    "symbol": "COR",
    "reportedCurrency": "USD",
    "cik": "0001140859",
    "fillingDate": "2003-09-30",
    "acceptedDate": "2003-09-29 20:00:00",
    "calendarYear": "2003",
    "period": "FY",
    "revenue": 49657328000,
    "costOfRevenue": 47410169000,
    "grossProfit": 2247159000,
    "grossProfitRatio": 0.0452533209,
    "researchAndDevelopmentExpenses": 0,
    "generalAndAdministrativeExpenses": 1293062000,
    "sellingAndMarketingExpenses": 0,
    "sellingGeneralAndAdministrativeExpenses": 1293062000,
    "otherExpenses": 70991000,
    "operatingExpenses": 1364053000,
    "costAndExpenses": 48774222000,
    "interestIncome": 0,
    "interestExpense": 0,
    "depreciationAndAmortization": 80443000,
    "ebitda": 966572000,
    "ebitdaratio": 0.0194648411,
    "operatingIncome": 883106000,
    "operatingIncomeRatio": 0.0177840016,
    "totalOtherIncomeExpensesNet": -156983000,
    "incomeBeforeTax": 726127000,
    "incomeBeforeTaxRatio": 0.0146227562,
    "incomeTaxExpense": 284898000,
    "netIncome": 441229000,
    "netIncomeRatio": 0.0088854761,
    "eps": 0.99,
    "epsdiluted": 0.98,
    "weightedAverageShsOut": 435380000,
    "weightedAverageShsOutDil": 463816000,
    "link": null,
    "finalLink": null
  },
  {
    "date": "2002-09-30",
    "symbol": "COR",
    "reportedCurrency": "USD",
    "cik": "0001140859",
    "fillingDate": "2002-09-30",
    "acceptedDate": "2002-09-29 20:00:00",
    "calendarYear": "2002",
    "period": "FY",
    "revenue": 45234794000,
    "costOfRevenue": 43210320000,
    "grossProfit": 2024474000,
    "grossProfitRatio": 0.0447547965,
    "researchAndDevelopmentExpenses": 0,
    "generalAndAdministrativeExpenses": 1220651000,
    "sellingAndMarketingExpenses": 0,
    "sellingGeneralAndAdministrativeExpenses": 1220651000,
    "otherExpenses": 61151000,
    "operatingExpenses": 1281802000,
    "costAndExpenses": 44492122000,
    "interestIncome": 0,
    "interestExpense": 0,
    "depreciationAndAmortization": 66578000,
    "ebitda": 809250000,
    "ebitdaratio": 0.0178899897,
    "operatingIncome": 718428000,
    "operatingIncomeRatio": 0.015882199,
    "totalOtherIncomeExpensesNet": -146381000,
    "incomeBeforeTax": 572047000,
    "incomeBeforeTaxRatio": 0.0126461723,
    "incomeTaxExpense": 227106000,
    "netIncome": 344941000,
    "netIncomeRatio": 0.0076255681,
    "eps": 0.82,
    "epsdiluted": 0.79,
    "weightedAverageShsOut": 419740000,
    "weightedAverageShsOutDil": 448912000,
    "link": null,
    "finalLink": null
  },
  {
    "date": "2001-09-30",
    "symbol": "COR",
    "reportedCurrency": "USD",
    "cik": "0001140859",
    "fillingDate": "2001-09-30",
    "acceptedDate": "2001-09-29 20:00:00",
    "calendarYear": "2001",
    "period": "FY",
    "revenue": 16191353000,
    "costOfRevenue": 15491235000,
    "grossProfit": 700118000,
    "grossProfitRatio": 0.0432402406,
    "researchAndDevelopmentExpenses": 0,
    "generalAndAdministrativeExpenses": 408760000,
    "sellingAndMarketingExpenses": 0,
    "sellingGeneralAndAdministrativeExpenses": 408760000,
    "otherExpenses": 18873000,
    "operatingExpenses": 427633000,
    "costAndExpenses": 15918868000,
    "interestIncome": 0,
    "interestExpense": 0,
    "depreciationAndAmortization": 24714000,
    "ebitda": 297199000,
    "ebitdaratio": 0.0183554148,
    "operatingIncome": 259376000,
    "operatingIncomeRatio": 0.0160194148,
    "totalOtherIncomeExpensesNet": -56543000,
    "incomeBeforeTax": 202833000,
    "incomeBeforeTaxRatio": 0.0125272422,
    "incomeTaxExpense": 77731000,
    "netIncome": 125102000,
    "netIncomeRatio": 0.0077264698,
    "eps": 0.54,
    "epsdiluted": 0.53,
    "weightedAverageShsOut": 228740000,
    "weightedAverageShsOutDil": 251228000,
    "link": null,
    "finalLink": null
  },
  {
    "date": "2000-09-30",
    "symbol": "COR",
    "reportedCurrency": "USD",
    "cik": "0001140859",
    "fillingDate": "2000-09-30",
    "acceptedDate": "2000-09-29 20:00:00",
    "calendarYear": "2000",
    "period": "FY",
    "revenue": 11645021000,
    "costOfRevenue": 11124129000,
    "grossProfit": 520892000,
    "grossProfitRatio": 0.0447308768,
    "researchAndDevelopmentExpenses": 0,
    "generalAndAdministrativeExpenses": 303038000,
    "sellingAndMarketingExpenses": 0,
    "sellingGeneralAndAdministrativeExpenses": 303038000,
    "otherExpenses": 17420000,
    "operatingExpenses": 320458000,
    "costAndExpenses": 11444587000,
    "interestIncome": 0,
    "interestExpense": 0,
    "depreciationAndAmortization": 17420000,
    "ebitda": 217854000,
    "ebitdaratio": 0.0187079096,
    "operatingIncome": 200434000,
    "operatingIncomeRatio": 0.0172119913,
    "totalOtherIncomeExpensesNet": -40734000,
    "incomeBeforeTax": 159700000,
    "incomeBeforeTaxRatio": 0.0137140156,
    "incomeTaxExpense": 60686000,
    "netIncome": 99014000,
    "netIncomeRatio": 0.0085026897,
    "eps": 0.48,
    "epsdiluted": 0.48,
    "weightedAverageShsOut": 206208000,
    "weightedAverageShsOutDil": 208080000,
    "link": null,
    "finalLink": null
  },
  {
    "date": "1999-09-30",
    "symbol": "COR",
    "reportedCurrency": "USD",
    "cik": "0001140859",
    "fillingDate": "1999-09-30",
    "acceptedDate": "1999-09-29 20:00:00",
    "calendarYear": "1999",
    "period": "FY",
    "revenue": 9807400000,
    "costOfRevenue": 9331800000,
    "grossProfit": 475600000,
    "grossProfitRatio": 0.0484939943,
    "researchAndDevelopmentExpenses": 0,
    "generalAndAdministrativeExpenses": 281800000,
    "sellingAndMarketingExpenses": 0,
    "sellingGeneralAndAdministrativeExpenses": 281800000,
    "otherExpenses": 19900000,
    "operatingExpenses": 301700000,
    "costAndExpenses": 9633500000,
    "interestIncome": 0,
    "interestExpense": 0,
    "depreciationAndAmortization": 19900000,
    "ebitda": 193800000,
    "ebitdaratio": 0.0197605889,
    "operatingIncome": 173900000,
    "operatingIncomeRatio": 0.0177315089,
    "totalOtherIncomeExpensesNet": -54600000,
    "incomeBeforeTax": 119300000,
    "incomeBeforeTaxRatio": 0.0121642841,
    "incomeTaxExpense": 48400000,
    "netIncome": 67500000,
    "netIncomeRatio": 0.0068825581,
    "eps": 0.33,
    "epsdiluted": 0.33,
    "weightedAverageShsOut": 202792000,
    "weightedAverageShsOutDil": 206732000,
    "link": null,
    "finalLink": null
  },
  {
    "date": "1998-09-30",
    "symbol": "COR",
    "reportedCurrency": "USD",
    "cik": "0001140859",
    "fillingDate": "1998-09-30",
    "acceptedDate": "1998-09-29 20:00:00",
    "calendarYear": "1998",
    "period": "FY",
    "revenue": 8668800000,
    "costOfRevenue": 8245700000,
    "grossProfit": 423100000,
    "grossProfitRatio": 0.0488072167,
    "researchAndDevelopmentExpenses": 0,
    "generalAndAdministrativeExpenses": 254900000,
    "sellingAndMarketingExpenses": 0,
    "sellingGeneralAndAdministrativeExpenses": 254900000,
    "otherExpenses": 16600000,
    "operatingExpenses": 271500000,
    "costAndExpenses": 8517200000,
    "interestIncome": 0,
    "interestExpense": 0,
    "depreciationAndAmortization": 16600000,
    "ebitda": 185000000,
    "ebitdaratio": 0.0213409007,
    "operatingIncome": 151600000,
    "operatingIncomeRatio": 0.017488003,
    "totalOtherIncomeExpensesNet": -84800000,
    "incomeBeforeTax": 82800000,
    "incomeBeforeTaxRatio": 0.009551495,
    "incomeTaxExpense": 32300000,
    "netIncome": 50500000,
    "netIncomeRatio": 0.0058254891,
    "eps": 0.21,
    "epsdiluted": 0.21,
    "weightedAverageShsOut": 190707071,
    "weightedAverageShsOutDil": 202852000,
    "link": null,
    "finalLink": null
  },
  {
    "date": "1997-09-30",
    "symbol": "COR",
    "reportedCurrency": "USD",
    "cik": "0001140859",
    "fillingDate": "1997-09-30",
    "acceptedDate": "1997-09-29 20:00:00",
    "calendarYear": "1997",
    "period": "FY",
    "revenue": 7815900000,
    "costOfRevenue": 7426600000,
    "grossProfit": 389300000,
    "grossProfitRatio": 0.0498087232,
    "researchAndDevelopmentExpenses": 0,
    "generalAndAdministrativeExpenses": 255400000,
    "sellingAndMarketingExpenses": 0,
    "sellingGeneralAndAdministrativeExpenses": 255400000,
    "otherExpenses": 14300000,
    "operatingExpenses": 269700000,
    "costAndExpenses": 7696300000,
    "interestIncome": 0,
    "interestExpense": 0,
    "depreciationAndAmortization": 14300000,
    "ebitda": 133900000,
    "ebitdaratio": 0.0171317443,
    "operatingIncome": 119600000,
    "operatingIncomeRatio": 0.0153021405,
    "totalOtherIncomeExpensesNet": -54700000,
    "incomeBeforeTax": 78000000,
    "incomeBeforeTaxRatio": 0.0099796569,
    "incomeTaxExpense": 30600000,
    "netIncome": 45400000,
    "netIncomeRatio": 0.0058086721,
    "eps": 0.24,
    "epsdiluted": 0.24,
    "weightedAverageShsOut": 198350515,
    "weightedAverageShsOutDil": 200416667,
    "link": null,
    "finalLink": null
  },
  {
    "date": "1996-09-30",
    "symbol": "COR",
    "reportedCurrency": "USD",
    "cik": "0001140859",
    "fillingDate": "1996-09-30",
    "acceptedDate": "1996-09-29 20:00:00",
    "calendarYear": "1996",
    "period": "FY",
    "revenue": 5551700000,
    "costOfRevenue": 5246800000,
    "grossProfit": 304900000,
    "grossProfitRatio": 0.0549201146,
    "researchAndDevelopmentExpenses": 0,
    "generalAndAdministrativeExpenses": 195400000,
    "sellingAndMarketingExpenses": 0,
    "sellingGeneralAndAdministrativeExpenses": 195400000,
    "otherExpenses": 11600000,
    "operatingExpenses": 207000000,
    "costAndExpenses": 5453800000,
    "interestIncome": 0,
    "interestExpense": 0,
    "depreciationAndAmortization": 11600000,
    "ebitda": 109500000,
    "ebitdaratio": 0.0197236882,
    "operatingIncome": 97900000,
    "operatingIncomeRatio": 0.0176342382,
    "totalOtherIncomeExpensesNet": -35800000,
    "incomeBeforeTax": 62000000,
    "incomeBeforeTaxRatio": 0.0111677504,
    "incomeTaxExpense": 19300000,
    "netIncome": 35500000,
    "netIncomeRatio": 0.0063944377,
    "eps": 0.2,
    "epsdiluted": 0.19,
    "weightedAverageShsOut": 182051282,
    "weightedAverageShsOutDil": 184415584,
    "link": null,
    "finalLink": null
  },
  {
    "date": "1995-09-30",
    "symbol": "COR",
    "reportedCurrency": "USD",
    "cik": "0001140859",
    "fillingDate": "1995-09-30",
    "acceptedDate": "1995-09-29 20:00:00",
    "calendarYear": "1995",
    "period": "FY",
    "revenue": 4668900000,
    "costOfRevenue": 4400100000,
    "grossProfit": 268800000,
    "grossProfitRatio": 0.0575724475,
    "researchAndDevelopmentExpenses": 0,
    "generalAndAdministrativeExpenses": 160900000,
    "sellingAndMarketingExpenses": 0,
    "sellingGeneralAndAdministrativeExpenses": 160900000,
    "otherExpenses": 10100000,
    "operatingExpenses": 171000000,
    "costAndExpenses": 4571100000,
    "interestIncome": 0,
    "interestExpense": 0,
    "depreciationAndAmortization": 10100000,
    "ebitda": 107900000,
    "ebitdaratio": 0.0231103686,
    "operatingIncome": 97800000,
    "operatingIncomeRatio": 0.0209471182,
    "totalOtherIncomeExpensesNet": -52300000,
    "incomeBeforeTax": 45500000,
    "incomeBeforeTaxRatio": 0.0097453362,
    "incomeTaxExpense": 17300000,
    "netIncome": 10200000,
    "netIncomeRatio": 0.0021846688,
    "eps": 0.07,
    "epsdiluted": 0.07,
    "weightedAverageShsOut": 145714286,
    "weightedAverageShsOutDil": 145714286,
    "link": null,
    "finalLink": null
  },
  {
    "date": "1994-09-30",
    "symbol": "COR",
    "reportedCurrency": "USD",
    "cik": "0001140859",
    "fillingDate": "1994-09-30",
    "acceptedDate": "1994-09-29 20:00:00",
    "calendarYear": "1994",
    "period": "FY",
    "revenue": 4301800000,
    "costOfRevenue": 4058500000,
    "grossProfit": 243300000,
    "grossProfitRatio": 0.05655772,
    "researchAndDevelopmentExpenses": 0,
    "generalAndAdministrativeExpenses": 150700000,
    "sellingAndMarketingExpenses": 0,
    "sellingGeneralAndAdministrativeExpenses": 150700000,
    "otherExpenses": 14700000,
    "operatingExpenses": 165400000,
    "costAndExpenses": 4223900000,
    "interestIncome": 0,
    "interestExpense": 0,
    "depreciationAndAmortization": 14700000,
    "ebitda": 92600000,
    "ebitdaratio": 0.0215258729,
    "operatingIncome": 77900000,
    "operatingIncomeRatio": 0.0181086987,
    "totalOtherIncomeExpensesNet": -242500000,
    "incomeBeforeTax": -164600000,
    "incomeBeforeTaxRatio": -0.0382630527,
    "incomeTaxExpense": 7800000,
    "netIncome": -207700000,
    "netIncomeRatio": -0.0482821145,
    "eps": -5.19,
    "epsdiluted": -5.19,
    "weightedAverageShsOut": 40000000,
    "weightedAverageShsOutDil": 40000000,
    "link": null,
    "finalLink": null
  }
]