[
  {
    "date": "2025-08-03",
    "symbol": "CPB",
    "reportedCurrency": "USD",
    "cik": "0000016732",
    "fillingDate": "2025-09-18",
    "acceptedDate": "2025-09-18 07:40:12",
    "calendarYear": "2025",
    "period": "Q4",
    "revenue": 2321000000,
    "costOfRevenue": 1616000000,
    "grossProfit": 705000000,
    "grossProfitRatio": 0.3037483843,
    "researchAndDevelopmentExpenses": 26000000,
    "generalAndAdministrativeExpenses": 0,
    "sellingAndMarketingExpenses": 202000000,
    "sellingGeneralAndAdministrativeExpenses": 202000000,
    "otherExpenses": 208000000,
    "operatingExpenses": 436000000,
    "costAndExpenses": 2052000000,
    "interestIncome": 0,
    "interestExpense": 85000000,
    "depreciationAndAmortization": 106000000,
    "ebitda": 370000000,
    "ebitdaratio": 0.1594140457,
    "operatingIncome": 269000000,
    "operatingIncomeRatio": 0.1158983197,
    "totalOtherIncomeExpensesNet": -85000000,
    "incomeBeforeTax": 184000000,
    "incomeBeforeTaxRatio": 0.0792761741,
    "incomeTaxExpense": 39000000,
    "netIncome": 145000000,
    "netIncomeRatio": 0.062473072,
    "eps": 0.49,
    "epsdiluted": 0.48,
    "weightedAverageShsOut": 298000000,
    "weightedAverageShsOutDil": 299000000,
    "link": "https://www.sec.gov/Archives/edgar/data/16732/000001673225000112/0000016732-25-000112-index.htm",
    "finalLink": "https://www.sec.gov/Archives/edgar/data/16732/000001673225000112/cpb-20250803.htm"
  },
  {
    "date": "2025-04-27",
    "symbol": "CPB",
    "reportedCurrency": "USD",
    "cik": "0000016732",
    "fillingDate": "2025-06-02",
    "acceptedDate": "2025-06-02 07:19:05",
    "calendarYear": "2025",
    "period": "Q3",
    "revenue": 2475000000,
    "costOfRevenue": 1747000000,
    "grossProfit": 728000000,
    "grossProfitRatio": 0.2941414141,
    "researchAndDevelopmentExpenses": 22000000,
    "generalAndAdministrativeExpenses": 162000000,
    "sellingAndMarketingExpenses": 216000000,
    "sellingGeneralAndAdministrativeExpenses": 378000000,
    "otherExpenses": 167000000,
    "operatingExpenses": 567000000,
    "costAndExpenses": 2314000000,
    "interestIncome": 5000000,
    "interestExpense": 85000000,
    "depreciationAndAmortization": 109000000,
    "ebitda": 275000000,
    "ebitdaratio": 0.1111111111,
    "operatingIncome": 161000000,
    "operatingIncomeRatio": 0.0650505051,
    "totalOtherIncomeExpensesNet": -80000000,
    "incomeBeforeTax": 81000000,
    "incomeBeforeTaxRatio": 0.0327272727,
    "incomeTaxExpense": 15000000,
    "netIncome": 66000000,
    "netIncomeRatio": 0.0266666667,
    "eps": 0.22,
    "epsdiluted": 0.22,
    "weightedAverageShsOut": 298000000,
    "weightedAverageShsOutDil": 299000000,
    "link": "https://www.sec.gov/Archives/edgar/data/16732/000001673225000064/0000016732-25-000064-index.htm",
    "finalLink": "https://www.sec.gov/Archives/edgar/data/16732/000001673225000064/cpb-20250427.htm"
  },
  {
    "date": "2025-01-26",
    "symbol": "CPB",
    "reportedCurrency": "USD",
    "cik": "0000016732",
    "fillingDate": "2025-03-05",
    "acceptedDate": "2025-03-05 07:23:34",
    "calendarYear": "2025",
    "period": "Q2",
    "revenue": 2685000000,
    "costOfRevenue": 1866000000,
    "grossProfit": 829000000,
    "grossProfitRatio": 0.3087523277,
    "researchAndDevelopmentExpenses": 25000000,
    "generalAndAdministrativeExpenses": 165000000,
    "sellingAndMarketingExpenses": 256000000,
    "sellingGeneralAndAdministrativeExpenses": 421000000,
    "otherExpenses": -10000000,
    "operatingExpenses": 436000000,
    "costAndExpenses": 2292000000,
    "interestIncome": 8000000,
    "interestExpense": 88000000,
    "depreciationAndAmortization": 110000000,
    "ebitda": 437000000,
    "ebitdaratio": 0.1627560521,
    "operatingIncome": 327000000,
    "operatingIncomeRatio": 0.1217877095,
    "totalOtherIncomeExpensesNet": -80000000,
    "incomeBeforeTax": 247000000,
    "incomeBeforeTaxRatio": 0.0919925512,
    "incomeTaxExpense": 74000000,
    "netIncome": 173000000,
    "netIncomeRatio": 0.0644320298,
    "eps": 0.58,
    "epsdiluted": 0.58,
    "weightedAverageShsOut": 298000000,
    "weightedAverageShsOutDil": 299000000,
    "link": "https://www.sec.gov/Archives/edgar/data/16732/000001673225000026/0000016732-25-000026-index.htm",
    "finalLink": "https://www.sec.gov/Archives/edgar/data/16732/000001673225000026/cpb-20250126.htm"
  },
  {
    "date": "2024-10-27",
    "symbol": "CPB",
    "reportedCurrency": "USD",
    "cik": "0000016732",
    "fillingDate": "2024-12-04",
    "acceptedDate": "2024-12-04 07:42:14",
    "calendarYear": "2025",
    "period": "Q1",
    "revenue": 2772000000,
    "costOfRevenue": 1905000000,
    "grossProfit": 867000000,
    "grossProfitRatio": 0.3127705628,
    "researchAndDevelopmentExpenses": 26000000,
    "generalAndAdministrativeExpenses": 175000000,
    "sellingAndMarketingExpenses": 250000000,
    "sellingGeneralAndAdministrativeExpenses": 425000000,
    "otherExpenses": 76000000,
    "operatingExpenses": 527000000,
    "costAndExpenses": 2405000000,
    "interestIncome": 4000000,
    "interestExpense": 87000000,
    "depreciationAndAmortization": 109000000,
    "ebitda": 476000000,
    "ebitdaratio": 0.1717171717,
    "operatingIncome": 367000000,
    "operatingIncomeRatio": 0.1323953824,
    "totalOtherIncomeExpensesNet": -83000000,
    "incomeBeforeTax": 284000000,
    "incomeBeforeTaxRatio": 0.1024531025,
    "incomeTaxExpense": 66000000,
    "netIncome": 218000000,
    "netIncomeRatio": 0.0786435786,
    "eps": 0.73,
    "epsdiluted": 0.72,
    "weightedAverageShsOut": 298000000,
    "weightedAverageShsOutDil": 301000000,
    "link": "https://www.sec.gov/Archives/edgar/data/16732/000001673224000201/0000016732-24-000201-index.htm",
    "finalLink": "https://www.sec.gov/Archives/edgar/data/16732/000001673224000201/cpb-20241027.htm"
  },
  {
    "date": "2024-07-28",
    "symbol": "CPB",
    "reportedCurrency": "USD",
    "cik": "0000016732",
    "fillingDate": "2024-09-19",
    "acceptedDate": "2024-09-19 07:21:47",
    "calendarYear": "2024",
    "period": "Q4",
    "revenue": 2293000000,
    "costOfRevenue": 1618000000,
    "grossProfit": 692000000,
    "grossProfitRatio": 0.3017880506,
    "researchAndDevelopmentExpenses": 26000000,
    "generalAndAdministrativeExpenses": 182000000,
    "sellingAndMarketingExpenses": 188000000,
    "sellingGeneralAndAdministrativeExpenses": 370000000,
    "otherExpenses": 21000000,
    "operatingExpenses": 417000000,
    "costAndExpenses": 2035000000,
    "interestIncome": 1000000,
    "interestExpense": 84000000,
    "depreciationAndAmortization": 113000000,
    "ebitda": 190000000,
    "ebitdaratio": 0.0828608809,
    "operatingIncome": 299000000,
    "operatingIncomeRatio": 0.13039686,
    "totalOtherIncomeExpensesNet": 0,
    "incomeBeforeTax": -6000000,
    "incomeBeforeTaxRatio": -0.0026166594,
    "incomeTaxExpense": -3000000,
    "netIncome": -3000000,
    "netIncomeRatio": -0.0013083297,
    "eps": -0.01,
    "epsdiluted": -0.0101,
    "weightedAverageShsOut": 298000000,
    "weightedAverageShsOutDil": 298000000,
    "link": "https://www.sec.gov/Archives/edgar/data/16732/000001673224000130/0000016732-24-000130-index.htm",
    "finalLink": "https://www.sec.gov/Archives/edgar/data/16732/000001673224000130/cpb-20240728.htm"
  },
  {
    "date": "2024-04-28",
    "symbol": "CPB",
    "reportedCurrency": "USD",
    "cik": "0000016732",
    "fillingDate": "2024-06-05",
    "acceptedDate": "2024-06-05 07:21:09",
    "calendarYear": "2024",
    "period": "Q3",
    "revenue": 2369000000,
    "costOfRevenue": 1637000000,
    "grossProfit": 732000000,
    "grossProfitRatio": 0.3089911355,
    "researchAndDevelopmentExpenses": 27000000,
    "generalAndAdministrativeExpenses": 208000000,
    "sellingAndMarketingExpenses": 206000000,
    "sellingGeneralAndAdministrativeExpenses": 414000000,
    "otherExpenses": 18000000,
    "operatingExpenses": 459000000,
    "costAndExpenses": 2096000000,
    "interestIncome": 4000000,
    "interestExpense": 70000000,
    "depreciationAndAmortization": 106000000,
    "ebitda": 354000000,
    "ebitdaratio": 0.1494301393,
    "operatingIncome": 563000000,
    "operatingIncomeRatio": 0.2376530182,
    "totalOtherIncomeExpensesNet": -381000000,
    "incomeBeforeTax": 182000000,
    "incomeBeforeTaxRatio": 0.0768256648,
    "incomeTaxExpense": 49000000,
    "netIncome": 133000000,
    "netIncomeRatio": 0.056141832,
    "eps": 0.45,
    "epsdiluted": 0.44,
    "weightedAverageShsOut": 298000000,
    "weightedAverageShsOutDil": 300000000,
    "link": "https://www.sec.gov/Archives/edgar/data/16732/000001673224000082/0000016732-24-000082-index.htm",
    "finalLink": "https://www.sec.gov/Archives/edgar/data/16732/000001673224000082/cpb-20240428.htm"
  },
  {
    "date": "2024-01-28",
    "symbol": "CPB",
    "reportedCurrency": "USD",
    "cik": "0000016732",
    "fillingDate": "2024-03-06",
    "acceptedDate": "2024-03-06 07:27:01",
    "calendarYear": "2024",
    "period": "Q2",
    "revenue": 2456000000,
    "costOfRevenue": 1680000000,
    "grossProfit": 776000000,
    "grossProfitRatio": 0.3159609121,
    "researchAndDevelopmentExpenses": 25000000,
    "generalAndAdministrativeExpenses": 189000000,
    "sellingAndMarketingExpenses": 217000000,
    "sellingGeneralAndAdministrativeExpenses": 406000000,
    "otherExpenses": 17000000,
    "operatingExpenses": 448000000,
    "costAndExpenses": 2110000000,
    "interestIncome": 0,
    "interestExpense": 46000000,
    "depreciationAndAmortization": 96000000,
    "ebitda": 413000000,
    "ebitdaratio": 0.1681596091,
    "operatingIncome": 632000000,
    "operatingIncomeRatio": 0.2573289902,
    "totalOtherIncomeExpensesNet": -361000000,
    "incomeBeforeTax": 271000000,
    "incomeBeforeTaxRatio": 0.1103420195,
    "incomeTaxExpense": 68000000,
    "netIncome": 203000000,
    "netIncomeRatio": 0.0826547231,
    "eps": 0.68,
    "epsdiluted": 0.68,
    "weightedAverageShsOut": 298000000,
    "weightedAverageShsOutDil": 299000000,
    "link": "https://www.sec.gov/Archives/edgar/data/16732/000001673224000039/0000016732-24-000039-index.htm",
    "finalLink": "https://www.sec.gov/Archives/edgar/data/16732/000001673224000039/cpb-20240128.htm"
  },
  {
    "date": "2023-10-29",
    "symbol": "CPB",
    "reportedCurrency": "USD",
    "cik": "0000016732",
    "fillingDate": "2023-12-06",
    "acceptedDate": "2023-12-06 07:33:36",
    "calendarYear": "2024",
    "period": "Q1",
    "revenue": 2518000000,
    "costOfRevenue": 1730000000,
    "grossProfit": 788000000,
    "grossProfitRatio": 0.3129467832,
    "researchAndDevelopmentExpenses": 24000000,
    "generalAndAdministrativeExpenses": 158000000,
    "sellingAndMarketingExpenses": 222000000,
    "sellingGeneralAndAdministrativeExpenses": 380000000,
    "otherExpenses": 17000000,
    "operatingExpenses": 421000000,
    "costAndExpenses": 2119000000,
    "interestIncome": 1000000,
    "interestExpense": 49000000,
    "depreciationAndAmortization": 96000000,
    "ebitda": 454000000,
    "ebitdaratio": 0.1803018268,
    "operatingIncome": 673000000,
    "operatingIncomeRatio": 0.2672756156,
    "totalOtherIncomeExpensesNet": -363000000,
    "incomeBeforeTax": 310000000,
    "incomeBeforeTaxRatio": 0.1231135822,
    "incomeTaxExpense": 76000000,
    "netIncome": 234000000,
    "netIncomeRatio": 0.0929308975,
    "eps": 0.79,
    "epsdiluted": 0.78,
    "weightedAverageShsOut": 298000000,
    "weightedAverageShsOutDil": 299000000,
    "link": "https://www.sec.gov/Archives/edgar/data/16732/000001673223000176/0000016732-23-000176-index.htm",
    "finalLink": "https://www.sec.gov/Archives/edgar/data/16732/000001673223000176/cpb-20231029.htm"
  },
  {
    "date": "2023-07-30",
    "symbol": "CPB",
    "reportedCurrency": "USD",
    "cik": "0000016732",
    "fillingDate": "2023-09-21",
    "acceptedDate": "2023-09-21 07:21:03",
    "calendarYear": "2023",
    "period": "Q4",
    "revenue": 2068000000,
    "costOfRevenue": 1412000000,
    "grossProfit": 656000000,
    "grossProfitRatio": 0.3172147002,
    "researchAndDevelopmentExpenses": 26000000,
    "generalAndAdministrativeExpenses": 167000000,
    "sellingAndMarketingExpenses": 199000000,
    "sellingGeneralAndAdministrativeExpenses": 366000000,
    "otherExpenses": 17000000,
    "operatingExpenses": 409000000,
    "costAndExpenses": 1821000000,
    "interestIncome": 2000000,
    "interestExpense": 49000000,
    "depreciationAndAmortization": 103000000,
    "ebitda": 375000000,
    "ebitdaratio": 0.1813346228,
    "operatingIncome": 272000000,
    "operatingIncomeRatio": 0.1315280464,
    "totalOtherIncomeExpensesNet": -47000000,
    "incomeBeforeTax": 225000000,
    "incomeBeforeTaxRatio": 0.1088007737,
    "incomeTaxExpense": 56000000,
    "netIncome": 169000000,
    "netIncomeRatio": 0.08172147,
    "eps": 0.57,
    "epsdiluted": 0.57,
    "weightedAverageShsOut": 298000000,
    "weightedAverageShsOutDil": 299000000,
    "link": "https://www.sec.gov/Archives/edgar/data/16732/000001673223000109/0000016732-23-000109-index.htm",
    "finalLink": "https://www.sec.gov/Archives/edgar/data/16732/000001673223000109/cpb-20230730.htm"
  },
  {
    "date": "2023-04-30",
    "symbol": "CPB",
    "reportedCurrency": "USD",
    "cik": "0000016732",
    "fillingDate": "2023-06-07",
    "acceptedDate": "2023-06-07 07:39:44",
    "calendarYear": "2023",
    "period": "Q3",
    "revenue": 2229000000,
    "costOfRevenue": 1561000000,
    "grossProfit": 668000000,
    "grossProfitRatio": 0.2996859578,
    "researchAndDevelopmentExpenses": 24000000,
    "generalAndAdministrativeExpenses": 167000000,
    "sellingAndMarketingExpenses": 194000000,
    "sellingGeneralAndAdministrativeExpenses": 361000000,
    "otherExpenses": 10000000,
    "operatingExpenses": 395000000,
    "costAndExpenses": 1956000000,
    "interestIncome": 1000000,
    "interestExpense": 47000000,
    "depreciationAndAmortization": 108000000,
    "ebitda": 362000000,
    "ebitdaratio": 0.1624046658,
    "operatingIncome": 254000000,
    "operatingIncomeRatio": 0.113952445,
    "totalOtherIncomeExpensesNet": -46000000,
    "incomeBeforeTax": 208000000,
    "incomeBeforeTaxRatio": 0.0933153881,
    "incomeTaxExpense": 48000000,
    "netIncome": 160000000,
    "netIncomeRatio": 0.0717810677,
    "eps": 0.54,
    "epsdiluted": 0.53,
    "weightedAverageShsOut": 299000000,
    "weightedAverageShsOutDil": 301000000,
    "link": "https://www.sec.gov/Archives/edgar/data/16732/000001673223000076/0000016732-23-000076-index.htm",
    "finalLink": "https://www.sec.gov/Archives/edgar/data/16732/000001673223000076/cpb-20230430.htm"
  },
  {
    "date": "2023-01-29",
    "symbol": "CPB",
    "reportedCurrency": "USD",
    "cik": "0000016732",
    "fillingDate": "2023-03-08",
    "acceptedDate": "2023-03-08 07:23:31",
    "calendarYear": "2023",
    "period": "Q2",
    "revenue": 2485000000,
    "costOfRevenue": 1726000000,
    "grossProfit": 759000000,
    "grossProfitRatio": 0.3054325956,
    "researchAndDevelopmentExpenses": 21000000,
    "generalAndAdministrativeExpenses": 162000000,
    "sellingAndMarketingExpenses": 217000000,
    "sellingGeneralAndAdministrativeExpenses": 379000000,
    "otherExpenses": 10000000,
    "operatingExpenses": 410000000,
    "costAndExpenses": 2136000000,
    "interestIncome": 0,
    "interestExpense": 45000000,
    "depreciationAndAmortization": 85000000,
    "ebitda": 435000000,
    "ebitdaratio": 0.1750503018,
    "operatingIncome": 350000000,
    "operatingIncomeRatio": 0.1408450704,
    "totalOtherIncomeExpensesNet": -45000000,
    "incomeBeforeTax": 305000000,
    "incomeBeforeTaxRatio": 0.1227364185,
    "incomeTaxExpense": 73000000,
    "netIncome": 232000000,
    "netIncomeRatio": 0.093360161,
    "eps": 0.78,
    "epsdiluted": 0.77,
    "weightedAverageShsOut": 299000000,
    "weightedAverageShsOutDil": 301000000,
    "link": "https://www.sec.gov/Archives/edgar/data/16732/000001673223000037/0000016732-23-000037-index.htm",
    "finalLink": "https://www.sec.gov/Archives/edgar/data/16732/000001673223000037/cpb-20230129.htm"
  },
  {
    "date": "2022-10-30",
    "symbol": "CPB",
    "reportedCurrency": "USD",
    "cik": "0000016732",
    "fillingDate": "2022-12-07",
    "acceptedDate": "2022-12-07 07:30:11",
    "calendarYear": "2023",
    "period": "Q1",
    "revenue": 2575000000,
    "costOfRevenue": 1741000000,
    "grossProfit": 834000000,
    "grossProfitRatio": 0.3238834951,
    "researchAndDevelopmentExpenses": 21000000,
    "generalAndAdministrativeExpenses": 161000000,
    "sellingAndMarketingExpenses": 201000000,
    "sellingGeneralAndAdministrativeExpenses": 362000000,
    "otherExpenses": 0,
    "operatingExpenses": 383000000,
    "costAndExpenses": 2124000000,
    "interestIncome": 1000000,
    "interestExpense": 47000000,
    "depreciationAndAmortization": 91000000,
    "ebitda": 527000000,
    "ebitdaratio": 0.2046601942,
    "operatingIncome": 436000000,
    "operatingIncomeRatio": 0.1693203883,
    "totalOtherIncomeExpensesNet": -46000000,
    "incomeBeforeTax": 390000000,
    "incomeBeforeTaxRatio": 0.1514563107,
    "incomeTaxExpense": 93000000,
    "netIncome": 297000000,
    "netIncomeRatio": 0.1153398058,
    "eps": 0.99,
    "epsdiluted": 0.99,
    "weightedAverageShsOut": 299000000,
    "weightedAverageShsOutDil": 301000000,
    "link": "https://www.sec.gov/Archives/edgar/data/16732/000001673222000156/0000016732-22-000156-index.htm",
    "finalLink": "https://www.sec.gov/Archives/edgar/data/16732/000001673222000156/cpb-20221030.htm"
  },
  {
    "date": "2022-07-31",
    "symbol": "CPB",
    "reportedCurrency": "USD",
    "cik": "0000016732",
    "fillingDate": "2022-09-22",
    "acceptedDate": "2022-09-22 07:55:49",
    "calendarYear": "2022",
    "period": "Q4",
    "revenue": 1987000000,
    "costOfRevenue": 1416000000,
    "grossProfit": 571000000,
    "grossProfitRatio": 0.2873678913,
    "researchAndDevelopmentExpenses": 23000000,
    "generalAndAdministrativeExpenses": 163000000,
    "sellingAndMarketingExpenses": 179000000,
    "sellingGeneralAndAdministrativeExpenses": 342000000,
    "otherExpenses": 10000000,
    "operatingExpenses": 375000000,
    "costAndExpenses": 1791000000,
    "interestIncome": 0,
    "interestExpense": 45000000,
    "depreciationAndAmortization": 86000000,
    "ebitda": 256000000,
    "ebitdaratio": 0.1288374434,
    "operatingIncome": 170000000,
    "operatingIncomeRatio": 0.0855561147,
    "totalOtherIncomeExpensesNet": -45000000,
    "incomeBeforeTax": 125000000,
    "incomeBeforeTaxRatio": 0.0629089079,
    "incomeTaxExpense": 29000000,
    "netIncome": 96000000,
    "netIncomeRatio": 0.0483140413,
    "eps": 0.32,
    "epsdiluted": 0.32,
    "weightedAverageShsOut": 298000000,
    "weightedAverageShsOutDil": 299000000,
    "link": "https://www.sec.gov/Archives/edgar/data/16732/000001673222000093/0000016732-22-000093-index.htm",
    "finalLink": "https://www.sec.gov/Archives/edgar/data/16732/000001673222000093/cpb-20220731.htm"
  },
  {
    "date": "2022-05-01",
    "symbol": "CPB",
    "reportedCurrency": "USD",
    "cik": "0000016732",
    "fillingDate": "2022-06-08",
    "acceptedDate": "2022-06-08 07:32:12",
    "calendarYear": "2022",
    "period": "Q3",
    "revenue": 2130000000,
    "costOfRevenue": 1465000000,
    "grossProfit": 665000000,
    "grossProfitRatio": 0.3122065728,
    "researchAndDevelopmentExpenses": 22000000,
    "generalAndAdministrativeExpenses": 151000000,
    "sellingAndMarketingExpenses": 188000000,
    "sellingGeneralAndAdministrativeExpenses": 339000000,
    "otherExpenses": 10000000,
    "operatingExpenses": 371000000,
    "costAndExpenses": 1836000000,
    "interestIncome": 1000000,
    "interestExpense": 51000000,
    "depreciationAndAmortization": 85000000,
    "ebitda": 379000000,
    "ebitdaratio": 0.1779342723,
    "operatingIncome": 294000000,
    "operatingIncomeRatio": 0.138028169,
    "totalOtherIncomeExpensesNet": -50000000,
    "incomeBeforeTax": 244000000,
    "incomeBeforeTaxRatio": 0.1145539906,
    "incomeTaxExpense": 56000000,
    "netIncome": 188000000,
    "netIncomeRatio": 0.0882629108,
    "eps": 0.62,
    "epsdiluted": 0.62,
    "weightedAverageShsOut": 301000000,
    "weightedAverageShsOutDil": 302000000,
    "link": "https://www.sec.gov/Archives/edgar/data/16732/000001673222000048/0000016732-22-000048-index.htm",
    "finalLink": "https://www.sec.gov/Archives/edgar/data/16732/000001673222000048/cpb-20220501.htm"
  },
  {
    "date": "2022-01-30",
    "symbol": "CPB",
    "reportedCurrency": "USD",
    "cik": "0000016732",
    "fillingDate": "2022-03-09",
    "acceptedDate": "2022-03-09 07:26:17",
    "calendarYear": "2022",
    "period": "Q2",
    "revenue": 2209000000,
    "costOfRevenue": 1540000000,
    "grossProfit": 669000000,
    "grossProfitRatio": 0.3028519692,
    "researchAndDevelopmentExpenses": 21000000,
    "generalAndAdministrativeExpenses": 147000000,
    "sellingAndMarketingExpenses": 197000000,
    "sellingGeneralAndAdministrativeExpenses": 344000000,
    "otherExpenses": 10000000,
    "operatingExpenses": 375000000,
    "costAndExpenses": 1915000000,
    "interestIncome": 0,
    "interestExpense": 46000000,
    "depreciationAndAmortization": 83000000,
    "ebitda": 406000000,
    "ebitdaratio": 0.1837935718,
    "operatingIncome": 323000000,
    "operatingIncomeRatio": 0.1462200091,
    "totalOtherIncomeExpensesNet": -46000000,
    "incomeBeforeTax": 277000000,
    "incomeBeforeTaxRatio": 0.1253961068,
    "incomeTaxExpense": 65000000,
    "netIncome": 212000000,
    "netIncomeRatio": 0.0959710276,
    "eps": 0.7,
    "epsdiluted": 0.7,
    "weightedAverageShsOut": 302000000,
    "weightedAverageShsOutDil": 303000000,
    "link": "https://www.sec.gov/Archives/edgar/data/16732/000001673222000014/0000016732-22-000014-index.htm",
    "finalLink": "https://www.sec.gov/Archives/edgar/data/16732/000001673222000014/cpb-20220130.htm"
  },
  {
    "date": "2021-10-31",
    "symbol": "CPB",
    "reportedCurrency": "USD",
    "cik": "0000016732",
    "fillingDate": "2021-12-08",
    "acceptedDate": "2021-12-08 07:30:41",
    "calendarYear": "2022",
    "period": "Q1",
    "revenue": 2236000000,
    "costOfRevenue": 1514000000,
    "grossProfit": 722000000,
    "grossProfitRatio": 0.3228980322,
    "researchAndDevelopmentExpenses": 21000000,
    "generalAndAdministrativeExpenses": 156000000,
    "sellingAndMarketingExpenses": 170000000,
    "sellingGeneralAndAdministrativeExpenses": 326000000,
    "otherExpenses": 11000000,
    "operatingExpenses": 358000000,
    "costAndExpenses": 1872000000,
    "interestIncome": 0,
    "interestExpense": 47000000,
    "depreciationAndAmortization": 83000000,
    "ebitda": 459000000,
    "ebitdaratio": 0.2052772809,
    "operatingIncome": 376000000,
    "operatingIncomeRatio": 0.168157424,
    "totalOtherIncomeExpensesNet": -47000000,
    "incomeBeforeTax": 329000000,
    "incomeBeforeTaxRatio": 0.147137746,
    "incomeTaxExpense": 68000000,
    "netIncome": 261000000,
    "netIncomeRatio": 0.116726297,
    "eps": 0.86,
    "epsdiluted": 0.86,
    "weightedAverageShsOut": 302000000,
    "weightedAverageShsOutDil": 303000000,
    "link": "https://www.sec.gov/Archives/edgar/data/16732/000001673221000160/0000016732-21-000160-index.htm",
    "finalLink": "https://www.sec.gov/Archives/edgar/data/16732/000001673221000160/cpb-20211031.htm"
  },
  {
    "date": "2021-08-01",
    "symbol": "CPB",
    "reportedCurrency": "USD",
    "cik": "0000016732",
    "fillingDate": "2021-09-23",
    "acceptedDate": "2021-09-23 07:58:14",
    "calendarYear": "2021",
    "period": "Q4",
    "revenue": 1873000000,
    "costOfRevenue": 1286000000,
    "grossProfit": 587000000,
    "grossProfitRatio": 0.313400961,
    "researchAndDevelopmentExpenses": 23000000,
    "generalAndAdministrativeExpenses": 146000000,
    "sellingAndMarketingExpenses": 175000000,
    "sellingGeneralAndAdministrativeExpenses": 321000000,
    "otherExpenses": 11000000,
    "operatingExpenses": 355000000,
    "costAndExpenses": 1641000000,
    "interestIncome": 0,
    "interestExpense": 47000000,
    "depreciationAndAmortization": 84000000,
    "ebitda": 495000000,
    "ebitdaratio": 0.2642819007,
    "operatingIncome": 411000000,
    "operatingIncomeRatio": 0.219434063,
    "totalOtherIncomeExpensesNet": -47000000,
    "incomeBeforeTax": 364000000,
    "incomeBeforeTaxRatio": 0.19434063,
    "incomeTaxExpense": 76000000,
    "netIncome": 288000000,
    "netIncomeRatio": 0.1537640149,
    "eps": 0.95,
    "epsdiluted": 0.95,
    "weightedAverageShsOut": 303000000,
    "weightedAverageShsOutDil": 304000000,
    "link": "https://www.sec.gov/Archives/edgar/data/16732/000001673221000103/0000016732-21-000103-index.htm",
    "finalLink": "https://www.sec.gov/Archives/edgar/data/16732/000001673221000103/cpb-20210801.htm"
  },
  {
    "date": "2021-05-02",
    "symbol": "CPB",
    "reportedCurrency": "USD",
    "cik": "0000016732",
    "fillingDate": "2021-06-09",
    "acceptedDate": "2021-06-09 07:38:59",
    "calendarYear": "2021",
    "period": "Q3",
    "revenue": 1984000000,
    "costOfRevenue": 1356000000,
    "grossProfit": 628000000,
    "grossProfitRatio": 0.3165322581,
    "researchAndDevelopmentExpenses": 22000000,
    "generalAndAdministrativeExpenses": 153000000,
    "sellingAndMarketingExpenses": 202000000,
    "sellingGeneralAndAdministrativeExpenses": 355000000,
    "otherExpenses": 10000000,
    "operatingExpenses": 387000000,
    "costAndExpenses": 1743000000,
    "interestIncome": 0,
    "interestExpense": 53000000,
    "depreciationAndAmortization": 79000000,
    "ebitda": 351000000,
    "ebitdaratio": 0.1769153226,
    "operatingIncome": 272000000,
    "operatingIncomeRatio": 0.1370967742,
    "totalOtherIncomeExpensesNet": -53000000,
    "incomeBeforeTax": 219000000,
    "incomeBeforeTaxRatio": 0.1103830645,
    "incomeTaxExpense": 53000000,
    "netIncome": 160000000,
    "netIncomeRatio": 0.0806451613,
    "eps": 0.53,
    "epsdiluted": 0.52,
    "weightedAverageShsOut": 303000000,
    "weightedAverageShsOutDil": 305000000,
    "link": "https://www.sec.gov/Archives/edgar/data/16732/000001673221000073/0000016732-21-000073-index.htm",
    "finalLink": "https://www.sec.gov/Archives/edgar/data/16732/000001673221000073/cpb-20210502.htm"
  },
  {
    "date": "2021-01-31",
    "symbol": "CPB",
    "reportedCurrency": "USD",
    "cik": "0000016732",
    "fillingDate": "2021-03-10",
    "acceptedDate": "2021-03-10 07:27:25",
    "calendarYear": "2021",
    "period": "Q2",
    "revenue": 2279000000,
    "costOfRevenue": 1496000000,
    "grossProfit": 783000000,
    "grossProfitRatio": 0.343571742,
    "researchAndDevelopmentExpenses": 19000000,
    "generalAndAdministrativeExpenses": 158000000,
    "sellingAndMarketingExpenses": 232000000,
    "sellingGeneralAndAdministrativeExpenses": 390000000,
    "otherExpenses": 11000000,
    "operatingExpenses": 420000000,
    "costAndExpenses": 1916000000,
    "interestIncome": 1000000,
    "interestExpense": 55000000,
    "depreciationAndAmortization": 78000000,
    "ebitda": 479000000,
    "ebitdaratio": 0.2101799035,
    "operatingIncome": 401000000,
    "operatingIncomeRatio": 0.1759543659,
    "totalOtherIncomeExpensesNet": -54000000,
    "incomeBeforeTax": 347000000,
    "incomeBeforeTaxRatio": 0.1522597631,
    "incomeTaxExpense": 102000000,
    "netIncome": 245000000,
    "netIncomeRatio": 0.1075032909,
    "eps": 0.81,
    "epsdiluted": 0.8,
    "weightedAverageShsOut": 303000000,
    "weightedAverageShsOutDil": 305000000,
    "link": "https://www.sec.gov/Archives/edgar/data/16732/000001673221000034/0000016732-21-000034-index.htm",
    "finalLink": "https://www.sec.gov/Archives/edgar/data/16732/000001673221000034/cpb-20210131.htm"
  },
  {
    "date": "2020-11-01",
    "symbol": "CPB",
    "reportedCurrency": "USD",
    "cik": "0000016732",
    "fillingDate": "2020-12-09",
    "acceptedDate": "2020-12-09 07:41:59",
    "calendarYear": "2021",
    "period": "Q1",
    "revenue": 2340000000,
    "costOfRevenue": 1527000000,
    "grossProfit": 813000000,
    "grossProfitRatio": 0.3474358974,
    "researchAndDevelopmentExpenses": 20000000,
    "generalAndAdministrativeExpenses": 141000000,
    "sellingAndMarketingExpenses": 208000000,
    "sellingGeneralAndAdministrativeExpenses": 349000000,
    "otherExpenses": 10000000,
    "operatingExpenses": 379000000,
    "costAndExpenses": 1906000000,
    "interestIncome": 0,
    "interestExpense": 55000000,
    "depreciationAndAmortization": 76000000,
    "ebitda": 537000000,
    "ebitdaratio": 0.2294871795,
    "operatingIncome": 461000000,
    "operatingIncomeRatio": 0.197008547,
    "totalOtherIncomeExpensesNet": -55000000,
    "incomeBeforeTax": 406000000,
    "incomeBeforeTaxRatio": 0.1735042735,
    "incomeTaxExpense": 97000000,
    "netIncome": 309000000,
    "netIncomeRatio": 0.1320512821,
    "eps": 1.02,
    "epsdiluted": 1.02,
    "weightedAverageShsOut": 302000000,
    "weightedAverageShsOutDil": 304000000,
    "link": "https://www.sec.gov/Archives/edgar/data/16732/000001673220000167/0000016732-20-000167-index.htm",
    "finalLink": "https://www.sec.gov/Archives/edgar/data/16732/000001673220000167/cpb-20201101.htm"
  },
  {
    "date": "2020-08-02",
    "symbol": "CPB",
    "reportedCurrency": "USD",
    "cik": "0000016732",
    "fillingDate": "2020-09-24",
    "acceptedDate": "2020-09-24 07:47:14",
    "calendarYear": "2020",
    "period": "Q4",
    "revenue": 2108000000,
    "costOfRevenue": 1361000000,
    "grossProfit": 747000000,
    "grossProfitRatio": 0.3543643264,
    "researchAndDevelopmentExpenses": 24000000,
    "generalAndAdministrativeExpenses": 186000000,
    "sellingAndMarketingExpenses": 265000000,
    "sellingGeneralAndAdministrativeExpenses": 451000000,
    "otherExpenses": 10000000,
    "operatingExpenses": 485000000,
    "costAndExpenses": 1846000000,
    "interestIncome": 1000000,
    "interestExpense": 61000000,
    "depreciationAndAmortization": 87000000,
    "ebitda": 254000000,
    "ebitdaratio": 0.1204933586,
    "operatingIncome": 167000000,
    "operatingIncomeRatio": 0.0792220114,
    "totalOtherIncomeExpensesNet": -60000000,
    "incomeBeforeTax": 107000000,
    "incomeBeforeTaxRatio": 0.0507590133,
    "incomeTaxExpense": 21000000,
    "netIncome": 86000000,
    "netIncomeRatio": 0.0407969639,
    "eps": 0.28,
    "epsdiluted": 0.28,
    "weightedAverageShsOut": 302000000,
    "weightedAverageShsOutDil": 304000000,
    "link": "https://www.sec.gov/Archives/edgar/data/16732/000001673220000111/0000016732-20-000111-index.htm",
    "finalLink": "https://www.sec.gov/Archives/edgar/data/16732/000001673220000111/cpb-20200802.htm"
  },
  {
    "date": "2020-04-26",
    "symbol": "CPB",
    "reportedCurrency": "USD",
    "cik": "0000016732",
    "fillingDate": "2020-06-03",
    "acceptedDate": "2020-06-03 07:23:08",
    "calendarYear": "2020",
    "period": "Q3",
    "revenue": 2238000000,
    "costOfRevenue": 1466000000,
    "grossProfit": 772000000,
    "grossProfitRatio": 0.344950849,
    "researchAndDevelopmentExpenses": 25000000,
    "generalAndAdministrativeExpenses": 208000000,
    "sellingAndMarketingExpenses": 239000000,
    "sellingGeneralAndAdministrativeExpenses": 447000000,
    "otherExpenses": 11000000,
    "operatingExpenses": 483000000,
    "costAndExpenses": 1949000000,
    "interestIncome": 0,
    "interestExpense": 55000000,
    "depreciationAndAmortization": 79000000,
    "ebitda": 352000000,
    "ebitdaratio": 0.1572832887,
    "operatingIncome": 273000000,
    "operatingIncomeRatio": 0.1219839142,
    "totalOtherIncomeExpensesNet": -55000000,
    "incomeBeforeTax": 218000000,
    "incomeBeforeTaxRatio": 0.0974084004,
    "incomeTaxExpense": 52000000,
    "netIncome": 168000000,
    "netIncomeRatio": 0.0750670241,
    "eps": 0.56,
    "epsdiluted": 0.55,
    "weightedAverageShsOut": 302000000,
    "weightedAverageShsOutDil": 304000000,
    "link": "https://www.sec.gov/Archives/edgar/data/16732/000001673220000064/0000016732-20-000064-index.htm",
    "finalLink": "https://www.sec.gov/Archives/edgar/data/16732/000001673220000064/cpb-20200426.htm"
  },
  {
    "date": "2020-01-26",
    "symbol": "CPB",
    "reportedCurrency": "USD",
    "cik": "0000016732",
    "fillingDate": "2020-03-04",
    "acceptedDate": "2020-03-04 07:51:38",
    "calendarYear": "2020",
    "period": "Q2",
    "revenue": 2162000000,
    "costOfRevenue": 1420000000,
    "grossProfit": 742000000,
    "grossProfitRatio": 0.3432007401,
    "researchAndDevelopmentExpenses": 22000000,
    "generalAndAdministrativeExpenses": 137000000,
    "sellingAndMarketingExpenses": 237000000,
    "sellingGeneralAndAdministrativeExpenses": 374000000,
    "otherExpenses": 11000000,
    "operatingExpenses": 407000000,
    "costAndExpenses": 1827000000,
    "interestIncome": 3000000,
    "interestExpense": 149000000,
    "depreciationAndAmortization": 81000000,
    "ebitda": 431000000,
    "ebitdaratio": 0.1993524514,
    "operatingIncome": 350000000,
    "operatingIncomeRatio": 0.1618871415,
    "totalOtherIncomeExpensesNet": -146000000,
    "incomeBeforeTax": 204000000,
    "incomeBeforeTaxRatio": 0.0943570768,
    "incomeTaxExpense": 33000000,
    "netIncome": 1208000000,
    "netIncomeRatio": 0.5587419056,
    "eps": 4,
    "epsdiluted": 3.97,
    "weightedAverageShsOut": 302000000,
    "weightedAverageShsOutDil": 304000000,
    "link": "https://www.sec.gov/Archives/edgar/data/16732/000001673220000018/0000016732-20-000018-index.htm",
    "finalLink": "https://www.sec.gov/Archives/edgar/data/16732/000001673220000018/cpb-20200126.htm"
  },
  {
    "date": "2019-10-27",
    "symbol": "CPB",
    "reportedCurrency": "USD",
    "cik": "0000016732",
    "fillingDate": "2019-12-04",
    "acceptedDate": "2019-12-04 08:17:53",
    "calendarYear": "2020",
    "period": "Q1",
    "revenue": 2183000000,
    "costOfRevenue": 1445000000,
    "grossProfit": 738000000,
    "grossProfitRatio": 0.3380668804,
    "researchAndDevelopmentExpenses": 22000000,
    "generalAndAdministrativeExpenses": 133000000,
    "sellingAndMarketingExpenses": 206000000,
    "sellingGeneralAndAdministrativeExpenses": 339000000,
    "otherExpenses": 11000000,
    "operatingExpenses": 372000000,
    "costAndExpenses": 1817000000,
    "interestIncome": 0,
    "interestExpense": 80000000,
    "depreciationAndAmortization": 81000000,
    "ebitda": 398000000,
    "ebitdaratio": 0.1823179111,
    "operatingIncome": 317000000,
    "operatingIncomeRatio": 0.1452130096,
    "totalOtherIncomeExpensesNet": -80000000,
    "incomeBeforeTax": 237000000,
    "incomeBeforeTaxRatio": 0.1085661933,
    "incomeTaxExpense": 68000000,
    "netIncome": 166000000,
    "netIncomeRatio": 0.0760421438,
    "eps": 0.55,
    "epsdiluted": 0.55,
    "weightedAverageShsOut": 301000000,
    "weightedAverageShsOutDil": 303000000,
    "link": "https://www.sec.gov/Archives/edgar/data/16732/000001673219000113/0000016732-19-000113-index.htm",
    "finalLink": "https://www.sec.gov/Archives/edgar/data/16732/000001673219000113/cpb-20191027.htm"
  },
  {
    "date": "2019-07-28",
    "symbol": "CPB",
    "reportedCurrency": "USD",
    "cik": "0000016732",
    "fillingDate": "2019-09-26",
    "acceptedDate": "2019-09-26 09:01:36",
    "calendarYear": "2019",
    "period": "Q4",
    "revenue": 978000000,
    "costOfRevenue": 633000000,
    "grossProfit": 345000000,
    "grossProfitRatio": 0.3527607362,
    "researchAndDevelopmentExpenses": 17000000,
    "generalAndAdministrativeExpenses": 90000000,
    "sellingAndMarketingExpenses": 104000000,
    "sellingGeneralAndAdministrativeExpenses": 194000000,
    "otherExpenses": 11000000,
    "operatingExpenses": 222000000,
    "costAndExpenses": 855000000,
    "interestIncome": 0,
    "interestExpense": 77000000,
    "depreciationAndAmortization": 97000000,
    "ebitda": 65000000,
    "ebitdaratio": 0.0664621677,
    "operatingIncome": -32000000,
    "operatingIncomeRatio": -0.0327198364,
    "totalOtherIncomeExpensesNet": -77000000,
    "incomeBeforeTax": -109000000,
    "incomeBeforeTaxRatio": -0.1114519427,
    "incomeTaxExpense": -33000000,
    "netIncome": -8000000,
    "netIncomeRatio": -0.0081799591,
    "eps": -0.03,
    "epsdiluted": -0.03,
    "weightedAverageShsOut": 301000000,
    "weightedAverageShsOutDil": 301000000,
    "link": "https://www.sec.gov/Archives/edgar/data/16732/000001673219000070/0000016732-19-000070-index.htm",
    "finalLink": "https://www.sec.gov/Archives/edgar/data/16732/000001673219000070/cpb-7282019x10xk.htm"
  },
  {
    "date": "2019-04-28",
    "symbol": "CPB",
    "reportedCurrency": "USD",
    "cik": "0000016732",
    "fillingDate": "2019-06-05",
    "acceptedDate": "2019-06-05 07:41:34",
    "calendarYear": "2019",
    "period": "Q3",
    "revenue": 1953000000,
    "costOfRevenue": 1298000000,
    "grossProfit": 655000000,
    "grossProfitRatio": 0.3353814644,
    "researchAndDevelopmentExpenses": 23000000,
    "generalAndAdministrativeExpenses": 178000000,
    "sellingAndMarketingExpenses": 215000000,
    "sellingGeneralAndAdministrativeExpenses": 393000000,
    "otherExpenses": 13000000,
    "operatingExpenses": 429000000,
    "costAndExpenses": 1727000000,
    "interestIncome": 0,
    "interestExpense": 89000000,
    "depreciationAndAmortization": 108000000,
    "ebitda": 353000000,
    "ebitdaratio": 0.1807475678,
    "operatingIncome": 245000000,
    "operatingIncomeRatio": 0.1254480287,
    "totalOtherIncomeExpensesNet": -89000000,
    "incomeBeforeTax": 156000000,
    "incomeBeforeTaxRatio": 0.0798771121,
    "incomeTaxExpense": 33000000,
    "netIncome": 84000000,
    "netIncomeRatio": 0.0430107527,
    "eps": 0.28,
    "epsdiluted": 0.28,
    "weightedAverageShsOut": 301000000,
    "weightedAverageShsOutDil": 302000000,
    "link": "https://www.sec.gov/Archives/edgar/data/16732/000001673219000040/0000016732-19-000040-index.htm",
    "finalLink": "https://www.sec.gov/Archives/edgar/data/16732/000001673219000040/cpb-4282019x10xq.htm"
  },
  {
    "date": "2019-01-27",
    "symbol": "CPB",
    "reportedCurrency": "USD",
    "cik": "0000016732",
    "fillingDate": "2019-03-06",
    "acceptedDate": "2019-03-06 16:28:12",
    "calendarYear": "2019",
    "period": "Q2",
    "revenue": 2172000000,
    "costOfRevenue": 1466000000,
    "grossProfit": 706000000,
    "grossProfitRatio": 0.3250460405,
    "researchAndDevelopmentExpenses": 20000000,
    "generalAndAdministrativeExpenses": 146000000,
    "sellingAndMarketingExpenses": 221000000,
    "sellingGeneralAndAdministrativeExpenses": 367000000,
    "otherExpenses": 12000000,
    "operatingExpenses": 399000000,
    "costAndExpenses": 1865000000,
    "interestIncome": 0,
    "interestExpense": 91000000,
    "depreciationAndAmortization": 119000000,
    "ebitda": 444000000,
    "ebitdaratio": 0.2044198895,
    "operatingIncome": 325000000,
    "operatingIncomeRatio": 0.1496316759,
    "totalOtherIncomeExpensesNet": -91000000,
    "incomeBeforeTax": 234000000,
    "incomeBeforeTaxRatio": 0.1077348066,
    "incomeTaxExpense": 58000000,
    "netIncome": -59000000,
    "netIncomeRatio": -0.0271639042,
    "eps": -0.2,
    "epsdiluted": -0.2,
    "weightedAverageShsOut": 301000000,
    "weightedAverageShsOutDil": 301000000,
    "link": "https://www.sec.gov/Archives/edgar/data/16732/000001673219000024/0000016732-19-000024-index.htm",
    "finalLink": "https://www.sec.gov/Archives/edgar/data/16732/000001673219000024/cpb-1272019x10xq.htm"
  },
  {
    "date": "2018-10-28",
    "symbol": "CPB",
    "reportedCurrency": "USD",
    "cik": "0000016732",
    "fillingDate": "2018-12-06",
    "acceptedDate": "2018-12-06 08:54:53",
    "calendarYear": "2019",
    "period": "Q1",
    "revenue": 2202000000,
    "costOfRevenue": 1476000000,
    "grossProfit": 726000000,
    "grossProfitRatio": 0.3297002725,
    "researchAndDevelopmentExpenses": 23000000,
    "generalAndAdministrativeExpenses": 148000000,
    "sellingAndMarketingExpenses": 211000000,
    "sellingGeneralAndAdministrativeExpenses": 359000000,
    "otherExpenses": 11000000,
    "operatingExpenses": 393000000,
    "costAndExpenses": 1869000000,
    "interestIncome": 1000000,
    "interestExpense": 91000000,
    "depreciationAndAmortization": 122000000,
    "ebitda": 448000000,
    "ebitdaratio": 0.2034514078,
    "operatingIncome": 326000000,
    "operatingIncomeRatio": 0.1480472298,
    "totalOtherIncomeExpensesNet": -90000000,
    "incomeBeforeTax": 236000000,
    "incomeBeforeTaxRatio": 0.1071752952,
    "incomeTaxExpense": 56000000,
    "netIncome": 194000000,
    "netIncomeRatio": 0.0881017257,
    "eps": 0.64,
    "epsdiluted": 0.64,
    "weightedAverageShsOut": 301000000,
    "weightedAverageShsOutDil": 302000000,
    "link": "https://www.sec.gov/Archives/edgar/data/16732/000001673218000085/0000016732-18-000085-index.htm",
    "finalLink": "https://www.sec.gov/Archives/edgar/data/16732/000001673218000085/cpb-10282018x10xq.htm"
  },
  {
    "date": "2018-07-29",
    "symbol": "CPB",
    "reportedCurrency": "USD",
    "cik": "0000016732",
    "fillingDate": "2018-09-27",
    "acceptedDate": "2018-09-27 08:32:50",
    "calendarYear": "2018",
    "period": "Q4",
    "revenue": 2219000000,
    "costOfRevenue": 1570000000,
    "grossProfit": 649000000,
    "grossProfitRatio": 0.2924740874,
    "researchAndDevelopmentExpenses": 26000000,
    "generalAndAdministrativeExpenses": 177000000,
    "sellingAndMarketingExpenses": 223000000,
    "sellingGeneralAndAdministrativeExpenses": 400000000,
    "otherExpenses": 16000000,
    "operatingExpenses": 442000000,
    "costAndExpenses": 2012000000,
    "interestIncome": 1000000,
    "interestExpense": 94000000,
    "depreciationAndAmortization": 128000000,
    "ebitda": 417000000,
    "ebitdaratio": 0.1879224876,
    "operatingIncome": 289000000,
    "operatingIncomeRatio": 0.1302388463,
    "totalOtherIncomeExpensesNet": -93000000,
    "incomeBeforeTax": 196000000,
    "incomeBeforeTaxRatio": 0.0883280757,
    "incomeTaxExpense": 102000000,
    "netIncome": 94000000,
    "netIncomeRatio": 0.0423614241,
    "eps": 0.31,
    "epsdiluted": 0.31,
    "weightedAverageShsOut": 301000000,
    "weightedAverageShsOutDil": 302000000,
    "link": "https://www.sec.gov/Archives/edgar/data/16732/000001673218000062/0000016732-18-000062-index.htm",
    "finalLink": "https://www.sec.gov/Archives/edgar/data/16732/000001673218000062/cpb-7292018x10xk.htm"
  },
  {
    "date": "2018-04-29",
    "symbol": "CPB",
    "reportedCurrency": "USD",
    "cik": "0000016732",
    "fillingDate": "2018-06-05",
    "acceptedDate": "2018-06-05 16:18:41",
    "calendarYear": "2018",
    "period": "Q3",
    "revenue": 1878000000,
    "costOfRevenue": 1263000000,
    "grossProfit": 615000000,
    "grossProfitRatio": 0.3274760383,
    "researchAndDevelopmentExpenses": 25000000,
    "generalAndAdministrativeExpenses": 153000000,
    "sellingAndMarketingExpenses": 220000000,
    "sellingGeneralAndAdministrativeExpenses": 373000000,
    "otherExpenses": 6000000,
    "operatingExpenses": 404000000,
    "costAndExpenses": 1667000000,
    "interestIncome": 2000000,
    "interestExpense": 44000000,
    "depreciationAndAmortization": 105000000,
    "ebitda": 263000000,
    "ebitdaratio": 0.1400425985,
    "operatingIncome": 158000000,
    "operatingIncomeRatio": 0.0841320554,
    "totalOtherIncomeExpensesNet": -42000000,
    "incomeBeforeTax": 116000000,
    "incomeBeforeTaxRatio": 0.0617678381,
    "incomeTaxExpense": 43000000,
    "netIncome": -393000000,
    "netIncomeRatio": -0.2092651757,
    "eps": -1.31,
    "epsdiluted": -1.31,
    "weightedAverageShsOut": 301000000,
    "weightedAverageShsOutDil": 301000000,
    "link": "https://www.sec.gov/Archives/edgar/data/16732/000001673218000050/0000016732-18-000050-index.htm",
    "finalLink": "https://www.sec.gov/Archives/edgar/data/16732/000001673218000050/cpb-4292018x10xq.htm"
  },
  {
    "date": "2018-01-28",
    "symbol": "CPB",
    "reportedCurrency": "USD",
    "cik": "0000016732",
    "fillingDate": "2018-03-05",
    "acceptedDate": "2018-03-05 16:23:30",
    "calendarYear": "2018",
    "period": "Q2",
    "revenue": 2180000000,
    "costOfRevenue": 1414000000,
    "grossProfit": 766000000,
    "grossProfitRatio": 0.3513761468,
    "researchAndDevelopmentExpenses": 27000000,
    "generalAndAdministrativeExpenses": 165000000,
    "sellingAndMarketingExpenses": 228000000,
    "sellingGeneralAndAdministrativeExpenses": 393000000,
    "otherExpenses": 4000000,
    "operatingExpenses": 424000000,
    "costAndExpenses": 1838000000,
    "interestIncome": 0,
    "interestExpense": 32000000,
    "depreciationAndAmortization": 79000000,
    "ebitda": 322000000,
    "ebitdaratio": 0.147706422,
    "operatingIncome": 243000000,
    "operatingIncomeRatio": 0.1114678899,
    "totalOtherIncomeExpensesNet": -32000000,
    "incomeBeforeTax": 211000000,
    "incomeBeforeTaxRatio": 0.0967889908,
    "incomeTaxExpense": -74000000,
    "netIncome": 285000000,
    "netIncomeRatio": 0.130733945,
    "eps": 0.95,
    "epsdiluted": 0.95,
    "weightedAverageShsOut": 301000000,
    "weightedAverageShsOutDil": 301000000,
    "link": "https://www.sec.gov/Archives/edgar/data/16732/000001673218000026/0000016732-18-000026-index.htm",
    "finalLink": "https://www.sec.gov/Archives/edgar/data/16732/000001673218000026/cpb-1282018x10xq.htm"
  },
  {
    "date": "2017-10-29",
    "symbol": "CPB",
    "reportedCurrency": "USD",
    "cik": "0000016732",
    "fillingDate": "2017-12-08",
    "acceptedDate": "2017-12-08 15:06:18",
    "calendarYear": "2018",
    "period": "Q1",
    "revenue": 2161000000,
    "costOfRevenue": 1378000000,
    "grossProfit": 783000000,
    "grossProfitRatio": 0.3623322536,
    "researchAndDevelopmentExpenses": 30000000,
    "generalAndAdministrativeExpenses": 149000000,
    "sellingAndMarketingExpenses": 219000000,
    "sellingGeneralAndAdministrativeExpenses": 368000000,
    "otherExpenses": 4000000,
    "operatingExpenses": 402000000,
    "costAndExpenses": 1780000000,
    "interestIncome": 1000000,
    "interestExpense": 31000000,
    "depreciationAndAmortization": 82000000,
    "ebitda": 494000000,
    "ebitdaratio": 0.2285978714,
    "operatingIncome": 412000000,
    "operatingIncomeRatio": 0.1906524757,
    "totalOtherIncomeExpensesNet": -30000000,
    "incomeBeforeTax": 382000000,
    "incomeBeforeTaxRatio": 0.1767700139,
    "incomeTaxExpense": 107000000,
    "netIncome": 275000000,
    "netIncomeRatio": 0.1272559,
    "eps": 0.91,
    "epsdiluted": 0.91,
    "weightedAverageShsOut": 301000000,
    "weightedAverageShsOutDil": 302000000,
    "link": "https://www.sec.gov/Archives/edgar/data/16732/000001673217000085/0000016732-17-000085-index.htm",
    "finalLink": "https://www.sec.gov/Archives/edgar/data/16732/000001673217000085/cpb-10292017x10xq.htm"
  },
  {
    "date": "2017-07-30",
    "symbol": "CPB",
    "reportedCurrency": "USD",
    "cik": "0000016732",
    "fillingDate": "2017-09-27",
    "acceptedDate": "2017-09-27 16:56:36",
    "calendarYear": "2017",
    "period": "Q4",
    "revenue": 1664000000,
    "costOfRevenue": 949000000,
    "grossProfit": 715000000,
    "grossProfitRatio": 0.4296875,
    "researchAndDevelopmentExpenses": 20000000,
    "generalAndAdministrativeExpenses": 86000000,
    "sellingAndMarketingExpenses": 143000000,
    "sellingGeneralAndAdministrativeExpenses": 229000000,
    "otherExpenses": 19000000,
    "operatingExpenses": 268000000,
    "costAndExpenses": 1217000000,
    "interestIncome": 2000000,
    "interestExpense": 25000000,
    "depreciationAndAmortization": 84000000,
    "ebitda": 524000000,
    "ebitdaratio": 0.3149038462,
    "operatingIncome": 440000000,
    "operatingIncomeRatio": 0.2644230769,
    "totalOtherIncomeExpensesNet": -23000000,
    "incomeBeforeTax": 417000000,
    "incomeBeforeTaxRatio": 0.2506009615,
    "incomeTaxExpense": 99000000,
    "netIncome": 318000000,
    "netIncomeRatio": 0.1911057692,
    "eps": 1.05,
    "epsdiluted": 1.04,
    "weightedAverageShsOut": 303000000,
    "weightedAverageShsOutDil": 305000000,
    "link": "https://www.sec.gov/Archives/edgar/data/16732/000001673217000058/0000016732-17-000058-index.htm",
    "finalLink": "https://www.sec.gov/Archives/edgar/data/16732/000001673217000058/cpb-7302017x10xk.htm"
  },
  {
    "date": "2017-04-30",
    "symbol": "CPB",
    "reportedCurrency": "USD",
    "cik": "0000016732",
    "fillingDate": "2017-06-08",
    "acceptedDate": "2017-06-08 16:31:09",
    "calendarYear": "2017",
    "period": "Q3",
    "revenue": 1853000000,
    "costOfRevenue": 1188000000,
    "grossProfit": 665000000,
    "grossProfitRatio": 0.358877496,
    "researchAndDevelopmentExpenses": 28000000,
    "generalAndAdministrativeExpenses": 142000000,
    "sellingAndMarketingExpenses": 212000000,
    "sellingGeneralAndAdministrativeExpenses": 354000000,
    "otherExpenses": 5000000,
    "operatingExpenses": 387000000,
    "costAndExpenses": 1575000000,
    "interestIncome": 1000000,
    "interestExpense": 29000000,
    "depreciationAndAmortization": 80000000,
    "ebitda": 378000000,
    "ebitdaratio": 0.203993524,
    "operatingIncome": 298000000,
    "operatingIncomeRatio": 0.1608202914,
    "totalOtherIncomeExpensesNet": -28000000,
    "incomeBeforeTax": 270000000,
    "incomeBeforeTaxRatio": 0.14570966,
    "incomeTaxExpense": 94000000,
    "netIncome": 176000000,
    "netIncomeRatio": 0.0949811117,
    "eps": 0.58,
    "epsdiluted": 0.58,
    "weightedAverageShsOut": 304000000,
    "weightedAverageShsOutDil": 306000000,
    "link": "https://www.sec.gov/Archives/edgar/data/16732/000001673217000040/0000016732-17-000040-index.htm",
    "finalLink": "https://www.sec.gov/Archives/edgar/data/16732/000001673217000040/cpb-4302017x10xq.htm"
  },
  {
    "date": "2017-01-29",
    "symbol": "CPB",
    "reportedCurrency": "USD",
    "cik": "0000016732",
    "fillingDate": "2017-03-09",
    "acceptedDate": "2017-03-09 07:55:28",
    "calendarYear": "2017",
    "period": "Q2",
    "revenue": 2171000000,
    "costOfRevenue": 1360000000,
    "grossProfit": 811000000,
    "grossProfitRatio": 0.3735605712,
    "researchAndDevelopmentExpenses": 25000000,
    "generalAndAdministrativeExpenses": 141000000,
    "sellingAndMarketingExpenses": 240000000,
    "sellingGeneralAndAdministrativeExpenses": 381000000,
    "otherExpenses": 5000000,
    "operatingExpenses": 411000000,
    "costAndExpenses": 1771000000,
    "interestIncome": 1000000,
    "interestExpense": 29000000,
    "depreciationAndAmortization": 77000000,
    "ebitda": 282000000,
    "ebitdaratio": 0.129894058,
    "operatingIncome": 205000000,
    "operatingIncomeRatio": 0.0944265316,
    "totalOtherIncomeExpensesNet": -28000000,
    "incomeBeforeTax": 177000000,
    "incomeBeforeTaxRatio": 0.0815292492,
    "incomeTaxExpense": 76000000,
    "netIncome": 101000000,
    "netIncomeRatio": 0.0465223399,
    "eps": 0.33,
    "epsdiluted": 0.33,
    "weightedAverageShsOut": 306000000,
    "weightedAverageShsOutDil": 309000000,
    "link": "https://www.sec.gov/Archives/edgar/data/16732/000001673217000023/0000016732-17-000023-index.htm",
    "finalLink": "https://www.sec.gov/Archives/edgar/data/16732/000001673217000023/cpb-1292017x10xq.htm"
  },
  {
    "date": "2016-10-30",
    "symbol": "CPB",
    "reportedCurrency": "USD",
    "cik": "0000016732",
    "fillingDate": "2016-12-07",
    "acceptedDate": "2016-12-07 08:10:42",
    "calendarYear": "2017",
    "period": "Q1",
    "revenue": 2202000000,
    "costOfRevenue": 1351000000,
    "grossProfit": 851000000,
    "grossProfitRatio": 0.3864668483,
    "researchAndDevelopmentExpenses": 27000000,
    "generalAndAdministrativeExpenses": 125000000,
    "sellingAndMarketingExpenses": 230000000,
    "sellingGeneralAndAdministrativeExpenses": 355000000,
    "otherExpenses": 5000000,
    "operatingExpenses": 387000000,
    "costAndExpenses": 1738000000,
    "interestIncome": 1000000,
    "interestExpense": 29000000,
    "depreciationAndAmortization": 77000000,
    "ebitda": 534000000,
    "ebitdaratio": 0.242506812,
    "operatingIncome": 457000000,
    "operatingIncomeRatio": 0.2075386013,
    "totalOtherIncomeExpensesNet": -28000000,
    "incomeBeforeTax": 429000000,
    "incomeBeforeTaxRatio": 0.1948228883,
    "incomeTaxExpense": 137000000,
    "netIncome": 292000000,
    "netIncomeRatio": 0.1326067212,
    "eps": 0.95,
    "epsdiluted": 0.94,
    "weightedAverageShsOut": 308000000,
    "weightedAverageShsOutDil": 310000000,
    "link": "https://www.sec.gov/Archives/edgar/data/16732/000001673216000173/0000016732-16-000173-index.htm",
    "finalLink": "https://www.sec.gov/Archives/edgar/data/16732/000001673216000173/cpb-10302016x10xq.htm"
  },
  {
    "date": "2016-07-31",
    "symbol": "CPB",
    "reportedCurrency": "USD",
    "cik": "0000016732",
    "fillingDate": "2016-09-22",
    "acceptedDate": "2016-09-22 08:31:16",
    "calendarYear": "2016",
    "period": "Q4",
    "revenue": 1687000000,
    "costOfRevenue": 1141000000,
    "grossProfit": 546000000,
    "grossProfitRatio": 0.3236514523,
    "researchAndDevelopmentExpenses": 38000000,
    "generalAndAdministrativeExpenses": 185000000,
    "sellingAndMarketingExpenses": 216000000,
    "sellingGeneralAndAdministrativeExpenses": 401000000,
    "otherExpenses": 20000000,
    "operatingExpenses": 459000000,
    "costAndExpenses": 1600000000,
    "interestIncome": 1000000,
    "interestExpense": 29000000,
    "depreciationAndAmortization": 80000000,
    "ebitda": 43000000,
    "ebitdaratio": 0.0254890338,
    "operatingIncome": -37000000,
    "operatingIncomeRatio": -0.0219324244,
    "totalOtherIncomeExpensesNet": -28000000,
    "incomeBeforeTax": -65000000,
    "incomeBeforeTaxRatio": -0.0385299348,
    "incomeTaxExpense": 16000000,
    "netIncome": -81000000,
    "netIncomeRatio": -0.0480142264,
    "eps": -0.26,
    "epsdiluted": -0.26,
    "weightedAverageShsOut": 308000000,
    "weightedAverageShsOutDil": 310000000,
    "link": "https://www.sec.gov/Archives/edgar/data/16732/000001673216000146/0000016732-16-000146-index.htm",
    "finalLink": "https://www.sec.gov/Archives/edgar/data/16732/000001673216000146/cpb-7312016x10xk.htm"
  },
  {
    "date": "2016-05-01",
    "symbol": "CPB",
    "reportedCurrency": "USD",
    "cik": "0000016732",
    "fillingDate": "2016-06-07",
    "acceptedDate": "2016-06-07 08:03:12",
    "calendarYear": "2016",
    "period": "Q3",
    "revenue": 1870000000,
    "costOfRevenue": 1210000000,
    "grossProfit": 660000000,
    "grossProfitRatio": 0.3529411765,
    "researchAndDevelopmentExpenses": 31000000,
    "generalAndAdministrativeExpenses": 154000000,
    "sellingAndMarketingExpenses": 228000000,
    "sellingGeneralAndAdministrativeExpenses": 382000000,
    "otherExpenses": 0,
    "operatingExpenses": 413000000,
    "costAndExpenses": 1623000000,
    "interestIncome": 1000000,
    "interestExpense": 29000000,
    "depreciationAndAmortization": 76000000,
    "ebitda": 344000000,
    "ebitdaratio": 0.1839572193,
    "operatingIncome": 268000000,
    "operatingIncomeRatio": 0.143315508,
    "totalOtherIncomeExpensesNet": -28000000,
    "incomeBeforeTax": 240000000,
    "incomeBeforeTaxRatio": 0.128342246,
    "incomeTaxExpense": 55000000,
    "netIncome": 185000000,
    "netIncomeRatio": 0.0989304813,
    "eps": 0.6,
    "epsdiluted": 0.59,
    "weightedAverageShsOut": 309000000,
    "weightedAverageShsOutDil": 311000000,
    "link": "https://www.sec.gov/Archives/edgar/data/16732/000001673216000124/0000016732-16-000124-index.htm",
    "finalLink": "https://www.sec.gov/Archives/edgar/data/16732/000001673216000124/cpb-512016x10q.htm"
  },
  {
    "date": "2016-01-31",
    "symbol": "CPB",
    "reportedCurrency": "USD",
    "cik": "0000016732",
    "fillingDate": "2016-03-10",
    "acceptedDate": "2016-03-10 16:16:12",
    "calendarYear": "2016",
    "period": "Q2",
    "revenue": 2201000000,
    "costOfRevenue": 1382000000,
    "grossProfit": 819000000,
    "grossProfitRatio": 0.3721035893,
    "researchAndDevelopmentExpenses": 23000000,
    "generalAndAdministrativeExpenses": 146000000,
    "sellingAndMarketingExpenses": 223000000,
    "sellingGeneralAndAdministrativeExpenses": 369000000,
    "otherExpenses": 0,
    "operatingExpenses": 392000000,
    "costAndExpenses": 1774000000,
    "interestIncome": 1000000,
    "interestExpense": 28000000,
    "depreciationAndAmortization": 78000000,
    "ebitda": 492000000,
    "ebitdaratio": 0.2235347569,
    "operatingIncome": 414000000,
    "operatingIncomeRatio": 0.1880963199,
    "totalOtherIncomeExpensesNet": -27000000,
    "incomeBeforeTax": 387000000,
    "incomeBeforeTaxRatio": 0.1758291686,
    "incomeTaxExpense": 122000000,
    "netIncome": 265000000,
    "netIncomeRatio": 0.1203998183,
    "eps": 0.85,
    "epsdiluted": 0.85,
    "weightedAverageShsOut": 310000000,
    "weightedAverageShsOutDil": 312000000,
    "link": "https://www.sec.gov/Archives/edgar/data/16732/000001673216000114/0000016732-16-000114-index.htm",
    "finalLink": "https://www.sec.gov/Archives/edgar/data/16732/000001673216000114/cpb-1312016x10q.htm"
  },
  {
    "date": "2015-11-01",
    "symbol": "CPB",
    "reportedCurrency": "USD",
    "cik": "0000016732",
    "fillingDate": "2015-12-10",
    "acceptedDate": "2015-12-10 08:04:28",
    "calendarYear": "2016",
    "period": "Q1",
    "revenue": 2203000000,
    "costOfRevenue": 1448000000,
    "grossProfit": 755000000,
    "grossProfitRatio": 0.3427144803,
    "researchAndDevelopmentExpenses": 32000000,
    "generalAndAdministrativeExpenses": 156000000,
    "sellingAndMarketingExpenses": 226000000,
    "sellingGeneralAndAdministrativeExpenses": 382000000,
    "otherExpenses": 0,
    "operatingExpenses": 414000000,
    "costAndExpenses": 1862000000,
    "interestIncome": 1000000,
    "interestExpense": 29000000,
    "depreciationAndAmortization": 74000000,
    "ebitda": 389000000,
    "ebitdaratio": 0.1765773945,
    "operatingIncome": 315000000,
    "operatingIncomeRatio": 0.1429868361,
    "totalOtherIncomeExpensesNet": -28000000,
    "incomeBeforeTax": 287000000,
    "incomeBeforeTaxRatio": 0.1302768951,
    "incomeTaxExpense": 93000000,
    "netIncome": 194000000,
    "netIncomeRatio": 0.088061734,
    "eps": 0.63,
    "epsdiluted": 0.62,
    "weightedAverageShsOut": 310000000,
    "weightedAverageShsOutDil": 312000000,
    "link": "https://www.sec.gov/Archives/edgar/data/16732/000001673215000059/0000016732-15-000059-index.htm",
    "finalLink": "https://www.sec.gov/Archives/edgar/data/16732/000001673215000059/cpb-1112015x10q.htm"
  },
  {
    "date": "2015-08-02",
    "symbol": "CPB",
    "reportedCurrency": "USD",
    "cik": "0000016732",
    "fillingDate": "2015-09-29",
    "acceptedDate": "2015-09-29 07:40:33",
    "calendarYear": "2015",
    "period": "Q4",
    "revenue": 1693000000,
    "costOfRevenue": 1081000000,
    "grossProfit": 612000000,
    "grossProfitRatio": 0.361488482,
    "researchAndDevelopmentExpenses": 28000000,
    "generalAndAdministrativeExpenses": 177000000,
    "sellingAndMarketingExpenses": 176000000,
    "sellingGeneralAndAdministrativeExpenses": 353000000,
    "otherExpenses": 17000000,
    "operatingExpenses": 398000000,
    "costAndExpenses": 1479000000,
    "interestIncome": 0,
    "interestExpense": 27000000,
    "depreciationAndAmortization": 80000000,
    "ebitda": 208000000,
    "ebitdaratio": 0.1228588305,
    "operatingIncome": 128000000,
    "operatingIncomeRatio": 0.0756054341,
    "totalOtherIncomeExpensesNet": -27000000,
    "incomeBeforeTax": 101000000,
    "incomeBeforeTaxRatio": 0.0596574129,
    "incomeTaxExpense": 33000000,
    "netIncome": 68000000,
    "netIncomeRatio": 0.0401653869,
    "eps": 0.22,
    "epsdiluted": 0.22,
    "weightedAverageShsOut": 310000000,
    "weightedAverageShsOutDil": 312000000,
    "link": "https://www.sec.gov/Archives/edgar/data/16732/000001673215000034/0000016732-15-000034-index.htm",
    "finalLink": "https://www.sec.gov/Archives/edgar/data/16732/000001673215000034/cpb-822015x10k.htm"
  },
  {
    "date": "2015-05-03",
    "symbol": "CPB",
    "reportedCurrency": "USD",
    "cik": "0000016732",
    "fillingDate": "2015-06-11",
    "acceptedDate": "2015-06-11 08:12:20",
    "calendarYear": "2015",
    "period": "Q3",
    "revenue": 1900000000,
    "costOfRevenue": 1218000000,
    "grossProfit": 682000000,
    "grossProfitRatio": 0.3589473684,
    "researchAndDevelopmentExpenses": 30000000,
    "generalAndAdministrativeExpenses": 142000000,
    "sellingAndMarketingExpenses": 213000000,
    "sellingGeneralAndAdministrativeExpenses": 355000000,
    "otherExpenses": 0,
    "operatingExpenses": 385000000,
    "costAndExpenses": 1603000000,
    "interestIncome": 1000000,
    "interestExpense": 29000000,
    "depreciationAndAmortization": 74000000,
    "ebitda": 359000000,
    "ebitdaratio": 0.1889473684,
    "operatingIncome": 285000000,
    "operatingIncomeRatio": 0.15,
    "totalOtherIncomeExpensesNet": -28000000,
    "incomeBeforeTax": 257000000,
    "incomeBeforeTaxRatio": 0.1352631579,
    "incomeTaxExpense": 78000000,
    "netIncome": 179000000,
    "netIncomeRatio": 0.0942105263,
    "eps": 0.59,
    "epsdiluted": 0.58,
    "weightedAverageShsOut": 311000000,
    "weightedAverageShsOutDil": 312000000,
    "link": "https://www.sec.gov/Archives/edgar/data/16732/000001673215000019/0000016732-15-000019-index.htm",
    "finalLink": "https://www.sec.gov/Archives/edgar/data/16732/000001673215000019/cpb-0532015x10q.htm"
  },
  {
    "date": "2015-02-01",
    "symbol": "CPB",
    "reportedCurrency": "USD",
    "cik": "0000016732",
    "fillingDate": "2015-03-11",
    "acceptedDate": "2015-03-11 16:24:39",
    "calendarYear": "2015",
    "period": "Q2",
    "revenue": 2234000000,
    "costOfRevenue": 1491000000,
    "grossProfit": 743000000,
    "grossProfitRatio": 0.3325872874,
    "researchAndDevelopmentExpenses": 25000000,
    "generalAndAdministrativeExpenses": 135000000,
    "sellingAndMarketingExpenses": 239000000,
    "sellingGeneralAndAdministrativeExpenses": 374000000,
    "otherExpenses": 0,
    "operatingExpenses": 399000000,
    "costAndExpenses": 1890000000,
    "interestIncome": 1000000,
    "interestExpense": 26000000,
    "depreciationAndAmortization": 74000000,
    "ebitda": 411000000,
    "ebitdaratio": 0.1839749329,
    "operatingIncome": 337000000,
    "operatingIncomeRatio": 0.1508504924,
    "totalOtherIncomeExpensesNet": -25000000,
    "incomeBeforeTax": 312000000,
    "incomeBeforeTaxRatio": 0.139659803,
    "incomeTaxExpense": 90000000,
    "netIncome": 222000000,
    "netIncomeRatio": 0.0993733214,
    "eps": 0.66,
    "epsdiluted": 0.66,
    "weightedAverageShsOut": 313000000,
    "weightedAverageShsOutDil": 314000000,
    "link": "https://www.sec.gov/Archives/edgar/data/16732/000001673215000007/0000016732-15-000007-index.htm",
    "finalLink": "https://www.sec.gov/Archives/edgar/data/16732/000001673215000007/cpb-0212015x10q.htm"
  },
  {
    "date": "2014-11-02",
    "symbol": "CPB",
    "reportedCurrency": "USD",
    "cik": "0000016732",
    "fillingDate": "2014-12-11",
    "acceptedDate": "2014-12-11 08:38:00",
    "calendarYear": "2015",
    "period": "Q1",
    "revenue": 2255000000,
    "costOfRevenue": 1460000000,
    "grossProfit": 795000000,
    "grossProfitRatio": 0.3525498891,
    "researchAndDevelopmentExpenses": 28000000,
    "generalAndAdministrativeExpenses": 131000000,
    "sellingAndMarketingExpenses": 243000000,
    "sellingGeneralAndAdministrativeExpenses": 374000000,
    "otherExpenses": 0,
    "operatingExpenses": 402000000,
    "costAndExpenses": 1862000000,
    "interestIncome": 1000000,
    "interestExpense": 26000000,
    "depreciationAndAmortization": 75000000,
    "ebitda": 464000000,
    "ebitdaratio": 0.2057649667,
    "operatingIncome": 389000000,
    "operatingIncomeRatio": 0.1725055432,
    "totalOtherIncomeExpensesNet": -25000000,
    "incomeBeforeTax": 364000000,
    "incomeBeforeTaxRatio": 0.1614190687,
    "incomeTaxExpense": 116000000,
    "netIncome": 248000000,
    "netIncomeRatio": 0.1099778271,
    "eps": 0.75,
    "epsdiluted": 0.74,
    "weightedAverageShsOut": 314000000,
    "weightedAverageShsOutDil": 316000000,
    "link": "https://www.sec.gov/Archives/edgar/data/16732/000001673214000029/0000016732-14-000029-index.htm",
    "finalLink": "https://www.sec.gov/Archives/edgar/data/16732/000001673214000029/cpb-1122014x10q.htm"
  },
  {
    "date": "2014-08-03",
    "symbol": "CPB",
    "reportedCurrency": "USD",
    "cik": "0000016732",
    "fillingDate": "2014-09-24",
    "acceptedDate": "2014-09-24 08:34:06",
    "calendarYear": "2014",
    "period": "Q4",
    "revenue": 1852000000,
    "costOfRevenue": 1221000000,
    "grossProfit": 631000000,
    "grossProfitRatio": 0.340712743,
    "researchAndDevelopmentExpenses": 33000000,
    "generalAndAdministrativeExpenses": 149000000,
    "sellingAndMarketingExpenses": 189000000,
    "sellingGeneralAndAdministrativeExpenses": 338000000,
    "otherExpenses": 18000000,
    "operatingExpenses": 389000000,
    "costAndExpenses": 1610000000,
    "interestIncome": 1000000,
    "interestExpense": 31000000,
    "depreciationAndAmortization": 83000000,
    "ebitda": 317000000,
    "ebitdaratio": 0.1711663067,
    "operatingIncome": 234000000,
    "operatingIncomeRatio": 0.126349892,
    "totalOtherIncomeExpensesNet": -30000000,
    "incomeBeforeTax": 204000000,
    "incomeBeforeTaxRatio": 0.1101511879,
    "incomeTaxExpense": 69000000,
    "netIncome": 137000000,
    "netIncomeRatio": 0.0739740821,
    "eps": 0.44,
    "epsdiluted": 0.43,
    "weightedAverageShsOut": 314000000,
    "weightedAverageShsOutDil": 316000000,
    "link": "https://www.sec.gov/Archives/edgar/data/16732/000001673214000023/0000016732-14-000023-index.htm",
    "finalLink": "https://www.sec.gov/Archives/edgar/data/16732/000001673214000023/cpb-832014x10k.htm"
  },
  {
    "date": "2014-04-27",
    "symbol": "CPB",
    "reportedCurrency": "USD",
    "cik": "0000016732",
    "fillingDate": "2014-06-04",
    "acceptedDate": "2014-06-04 07:05:05",
    "calendarYear": "2014",
    "period": "Q3",
    "revenue": 1970000000,
    "costOfRevenue": 1294000000,
    "grossProfit": 676000000,
    "grossProfitRatio": 0.3431472081,
    "researchAndDevelopmentExpenses": 30000000,
    "generalAndAdministrativeExpenses": 134000000,
    "sellingAndMarketingExpenses": 217000000,
    "sellingGeneralAndAdministrativeExpenses": 351000000,
    "otherExpenses": 0,
    "operatingExpenses": 381000000,
    "costAndExpenses": 1675000000,
    "interestIncome": 1000000,
    "interestExpense": 31000000,
    "depreciationAndAmortization": 74000000,
    "ebitda": 366000000,
    "ebitdaratio": 0.185786802,
    "operatingIncome": 292000000,
    "operatingIncomeRatio": 0.1482233503,
    "totalOtherIncomeExpensesNet": -30000000,
    "incomeBeforeTax": 262000000,
    "incomeBeforeTaxRatio": 0.1329949239,
    "incomeTaxExpense": 79000000,
    "netIncome": 184000000,
    "netIncomeRatio": 0.0934010152,
    "eps": 0.59,
    "epsdiluted": 0.58,
    "weightedAverageShsOut": 314000000,
    "weightedAverageShsOutDil": 316000000,
    "link": "https://www.sec.gov/Archives/edgar/data/16732/000001673214000017/0000016732-14-000017-index.htm",
    "finalLink": "https://www.sec.gov/Archives/edgar/data/16732/000001673214000017/cpb-4272014x10q.htm"
  },
  {
    "date": "2014-01-26",
    "symbol": "CPB",
    "reportedCurrency": "USD",
    "cik": "0000016732",
    "fillingDate": "2014-03-06",
    "acceptedDate": "2014-03-06 16:37:42",
    "calendarYear": "2014",
    "period": "Q2",
    "revenue": 2281000000,
    "costOfRevenue": 1467000000,
    "grossProfit": 814000000,
    "grossProfitRatio": 0.3568610259,
    "researchAndDevelopmentExpenses": 27000000,
    "generalAndAdministrativeExpenses": 142000000,
    "sellingAndMarketingExpenses": 268000000,
    "sellingGeneralAndAdministrativeExpenses": 410000000,
    "otherExpenses": 0,
    "operatingExpenses": 437000000,
    "costAndExpenses": 1904000000,
    "interestIncome": 0,
    "interestExpense": 29000000,
    "depreciationAndAmortization": 74000000,
    "ebitda": 435000000,
    "ebitdaratio": 0.1907058308,
    "operatingIncome": 361000000,
    "operatingIncomeRatio": 0.1582639193,
    "totalOtherIncomeExpensesNet": -29000000,
    "incomeBeforeTax": 332000000,
    "incomeBeforeTaxRatio": 0.1455501973,
    "incomeTaxExpense": 104000000,
    "netIncome": 325000000,
    "netIncomeRatio": 0.1424813678,
    "eps": 1.04,
    "epsdiluted": 1.03,
    "weightedAverageShsOut": 314000000,
    "weightedAverageShsOutDil": 316000000,
    "link": "https://www.sec.gov/Archives/edgar/data/16732/000001673214000008/0000016732-14-000008-index.htm",
    "finalLink": "https://www.sec.gov/Archives/edgar/data/16732/000001673214000008/cpb-1262014x10q.htm"
  },
  {
    "date": "2013-10-27",
    "symbol": "CPB",
    "reportedCurrency": "USD",
    "cik": "0000016732",
    "fillingDate": "2013-12-05",
    "acceptedDate": "2013-12-05 08:33:26",
    "calendarYear": "2014",
    "period": "Q1",
    "revenue": 2165000000,
    "costOfRevenue": 1388000000,
    "grossProfit": 777000000,
    "grossProfitRatio": 0.358891455,
    "researchAndDevelopmentExpenses": 31000000,
    "generalAndAdministrativeExpenses": 148000000,
    "sellingAndMarketingExpenses": 261000000,
    "sellingGeneralAndAdministrativeExpenses": 409000000,
    "otherExpenses": 0,
    "operatingExpenses": 440000000,
    "costAndExpenses": 1828000000,
    "interestIncome": 1000000,
    "interestExpense": 31000000,
    "depreciationAndAmortization": 74000000,
    "ebitda": 379000000,
    "ebitdaratio": 0.1750577367,
    "operatingIncome": 305000000,
    "operatingIncomeRatio": 0.1408775982,
    "totalOtherIncomeExpensesNet": -30000000,
    "incomeBeforeTax": 275000000,
    "incomeBeforeTaxRatio": 0.1270207852,
    "incomeTaxExpense": 95000000,
    "netIncome": 172000000,
    "netIncomeRatio": 0.0794457275,
    "eps": 0.55,
    "epsdiluted": 0.54,
    "weightedAverageShsOut": 314000000,
    "weightedAverageShsOutDil": 317000000,
    "link": "https://www.sec.gov/Archives/edgar/data/16732/000001673213000041/0000016732-13-000041-index.htm",
    "finalLink": "https://www.sec.gov/Archives/edgar/data/16732/000001673213000041/cpb-10272013x10q.htm"
  },
  {
    "date": "2013-07-28",
    "symbol": "CPB",
    "reportedCurrency": "USD",
    "cik": "0000016732",
    "fillingDate": "2013-09-26",
    "acceptedDate": "2013-09-26 07:43:24",
    "calendarYear": "2013",
    "period": "Q4",
    "revenue": 1289000000,
    "costOfRevenue": 809000000,
    "grossProfit": 480000000,
    "grossProfitRatio": 0.3723816912,
    "researchAndDevelopmentExpenses": 28000000,
    "generalAndAdministrativeExpenses": 171000000,
    "sellingAndMarketingExpenses": 134000000,
    "sellingGeneralAndAdministrativeExpenses": 305000000,
    "otherExpenses": 14000000,
    "operatingExpenses": 347000000,
    "costAndExpenses": 1156000000,
    "interestIncome": 3000000,
    "interestExpense": 33000000,
    "depreciationAndAmortization": 89000000,
    "ebitda": 211000000,
    "ebitdaratio": 0.1636927851,
    "operatingIncome": 122000000,
    "operatingIncomeRatio": 0.0946470132,
    "totalOtherIncomeExpensesNet": -30000000,
    "incomeBeforeTax": 92000000,
    "incomeBeforeTaxRatio": 0.0713731575,
    "incomeTaxExpense": 21000000,
    "netIncome": -158000000,
    "netIncomeRatio": -0.12257564,
    "eps": -0.5,
    "epsdiluted": -0.5,
    "weightedAverageShsOut": 314000000,
    "weightedAverageShsOutDil": 317000000,
    "link": "https://www.sec.gov/Archives/edgar/data/16732/000001673213000023/0000016732-13-000023-index.htm",
    "finalLink": "https://www.sec.gov/Archives/edgar/data/16732/000001673213000023/cpb-7282013x10k.htm"
  },
  {
    "date": "2013-04-28",
    "symbol": "CPB",
    "reportedCurrency": "USD",
    "cik": "0000016732",
    "fillingDate": "2013-06-05",
    "acceptedDate": "2013-06-05 08:24:39",
    "calendarYear": "2013",
    "period": "Q3",
    "revenue": 1962000000,
    "costOfRevenue": 1256000000,
    "grossProfit": 706000000,
    "grossProfitRatio": 0.3598369011,
    "researchAndDevelopmentExpenses": 35000000,
    "generalAndAdministrativeExpenses": 164000000,
    "sellingAndMarketingExpenses": 245000000,
    "sellingGeneralAndAdministrativeExpenses": 409000000,
    "otherExpenses": 0,
    "operatingExpenses": 444000000,
    "costAndExpenses": 1700000000,
    "interestIncome": 2000000,
    "interestExpense": 33000000,
    "depreciationAndAmortization": 99000000,
    "ebitda": 356000000,
    "ebitdaratio": 0.1814475025,
    "operatingIncome": 257000000,
    "operatingIncomeRatio": 0.130988787,
    "totalOtherIncomeExpensesNet": -31000000,
    "incomeBeforeTax": 226000000,
    "incomeBeforeTaxRatio": 0.1151885831,
    "incomeTaxExpense": 59000000,
    "netIncome": 181000000,
    "netIncomeRatio": 0.0922528033,
    "eps": 0.58,
    "epsdiluted": 0.57,
    "weightedAverageShsOut": 314000000,
    "weightedAverageShsOutDil": 317000000,
    "link": "https://www.sec.gov/Archives/edgar/data/16732/000001673213000013/0000016732-13-000013-index.htm",
    "finalLink": "https://www.sec.gov/Archives/edgar/data/16732/000001673213000013/cpb-4282013x10q.htm"
  },
  {
    "date": "2013-01-27",
    "symbol": "CPB",
    "reportedCurrency": "USD",
    "cik": "0000016732",
    "fillingDate": "2013-03-07",
    "acceptedDate": "2013-03-07 08:21:59",
    "calendarYear": "2013",
    "period": "Q2",
    "revenue": 2162000000,
    "costOfRevenue": 1400000000,
    "grossProfit": 762000000,
    "grossProfitRatio": 0.3524514339,
    "researchAndDevelopmentExpenses": 32000000,
    "generalAndAdministrativeExpenses": 163000000,
    "sellingAndMarketingExpenses": 275000000,
    "sellingGeneralAndAdministrativeExpenses": 438000000,
    "otherExpenses": 0,
    "operatingExpenses": 470000000,
    "costAndExpenses": 1870000000,
    "interestIncome": 2000000,
    "interestExpense": 33000000,
    "depreciationAndAmortization": 121000000,
    "ebitda": 398000000,
    "ebitdaratio": 0.1840888067,
    "operatingIncome": 277000000,
    "operatingIncomeRatio": 0.1281221092,
    "totalOtherIncomeExpensesNet": -31000000,
    "incomeBeforeTax": 246000000,
    "incomeBeforeTaxRatio": 0.1137835338,
    "incomeTaxExpense": 78000000,
    "netIncome": 190000000,
    "netIncomeRatio": 0.0878815911,
    "eps": 0.61,
    "epsdiluted": 0.6,
    "weightedAverageShsOut": 314000000,
    "weightedAverageShsOutDil": 316000000,
    "link": "https://www.sec.gov/Archives/edgar/data/16732/000001673213000006/0000016732-13-000006-index.htm",
    "finalLink": "https://www.sec.gov/Archives/edgar/data/16732/000001673213000006/cpb-1272013x10q.htm"
  },
  {
    "date": "2012-10-28",
    "symbol": "CPB",
    "reportedCurrency": "USD",
    "cik": "0000016732",
    "fillingDate": "2012-12-05",
    "acceptedDate": "2012-12-05 08:46:18",
    "calendarYear": "2013",
    "period": "Q1",
    "revenue": 2205000000,
    "costOfRevenue": 1384000000,
    "grossProfit": 821000000,
    "grossProfitRatio": 0.3723356009,
    "researchAndDevelopmentExpenses": 27000000,
    "generalAndAdministrativeExpenses": 155000000,
    "sellingAndMarketingExpenses": 236000000,
    "sellingGeneralAndAdministrativeExpenses": 391000000,
    "otherExpenses": 0,
    "operatingExpenses": 418000000,
    "costAndExpenses": 1802000000,
    "interestIncome": 3000000,
    "interestExpense": 36000000,
    "depreciationAndAmortization": 98000000,
    "ebitda": 466000000,
    "ebitdaratio": 0.2113378685,
    "operatingIncome": 368000000,
    "operatingIncomeRatio": 0.166893424,
    "totalOtherIncomeExpensesNet": -33000000,
    "incomeBeforeTax": 335000000,
    "incomeBeforeTaxRatio": 0.1519274376,
    "incomeTaxExpense": 105000000,
    "netIncome": 245000000,
    "netIncomeRatio": 0.1111111111,
    "eps": 0.78,
    "epsdiluted": 0.78,
    "weightedAverageShsOut": 314000000,
    "weightedAverageShsOutDil": 316000000,
    "link": "https://www.sec.gov/Archives/edgar/data/16732/000001673212000038/0000016732-12-000038-index.htm",
    "finalLink": "https://www.sec.gov/Archives/edgar/data/16732/000001673212000038/cpb-10282012x10q.htm"
  },
  {
    "date": "2012-07-29",
    "symbol": "CPB",
    "reportedCurrency": "USD",
    "cik": "0000016732",
    "fillingDate": "2012-09-27",
    "acceptedDate": "2012-09-27 09:03:28",
    "calendarYear": "2012",
    "period": "Q4",
    "revenue": 1613000000,
    "costOfRevenue": 992000000,
    "grossProfit": 621000000,
    "grossProfitRatio": 0.3849969002,
    "researchAndDevelopmentExpenses": 34000000,
    "generalAndAdministrativeExpenses": 170000000,
    "sellingAndMarketingExpenses": 206000000,
    "sellingGeneralAndAdministrativeExpenses": 376000000,
    "otherExpenses": -2000000,
    "operatingExpenses": 408000000,
    "costAndExpenses": 1400000000,
    "interestIncome": 2000000,
    "interestExpense": 27000000,
    "depreciationAndAmortization": 73000000,
    "ebitda": 276000000,
    "ebitdaratio": 0.1711097334,
    "operatingIncome": 203000000,
    "operatingIncomeRatio": 0.1258524489,
    "totalOtherIncomeExpensesNet": -25000000,
    "incomeBeforeTax": 178000000,
    "incomeBeforeTaxRatio": 0.1103533788,
    "incomeTaxExpense": 53000000,
    "netIncome": 127000000,
    "netIncomeRatio": 0.0787352759,
    "eps": 0.4,
    "epsdiluted": 0.4,
    "weightedAverageShsOut": 315000000,
    "weightedAverageShsOutDil": 317000000,
    "link": "https://www.sec.gov/Archives/edgar/data/16732/000001673212000024/0000016732-12-000024-index.htm",
    "finalLink": "https://www.sec.gov/Archives/edgar/data/16732/000001673212000024/cpb-07292012x10k.htm"
  },
  {
    "date": "2012-04-29",
    "symbol": "CPB",
    "reportedCurrency": "USD",
    "cik": "0000016732",
    "fillingDate": "2012-06-06",
    "acceptedDate": "2012-06-06 08:25:36",
    "calendarYear": "2012",
    "period": "Q3",
    "revenue": 1821000000,
    "costOfRevenue": 1115000000,
    "grossProfit": 706000000,
    "grossProfitRatio": 0.3876990664,
    "researchAndDevelopmentExpenses": 32000000,
    "generalAndAdministrativeExpenses": 144000000,
    "sellingAndMarketingExpenses": 256000000,
    "sellingGeneralAndAdministrativeExpenses": 400000000,
    "otherExpenses": 0,
    "operatingExpenses": 432000000,
    "costAndExpenses": 1547000000,
    "interestIncome": 2000000,
    "interestExpense": 29000000,
    "depreciationAndAmortization": 65000000,
    "ebitda": 329000000,
    "ebitdaratio": 0.1806699616,
    "operatingIncome": 264000000,
    "operatingIncomeRatio": 0.1449752883,
    "totalOtherIncomeExpensesNet": -27000000,
    "incomeBeforeTax": 237000000,
    "incomeBeforeTaxRatio": 0.1301482702,
    "incomeTaxExpense": 62000000,
    "netIncome": 177000000,
    "netIncomeRatio": 0.097199341,
    "eps": 0.56,
    "epsdiluted": 0.55,
    "weightedAverageShsOut": 316000000,
    "weightedAverageShsOutDil": 318000000,
    "link": "https://www.sec.gov/Archives/edgar/data/16732/000001673212000013/0000016732-12-000013-index.htm",
    "finalLink": "https://www.sec.gov/Archives/edgar/data/16732/000001673212000013/cpb-4292012x10q.htm"
  },
  {
    "date": "2012-01-29",
    "symbol": "CPB",
    "reportedCurrency": "USD",
    "cik": "0000016732",
    "fillingDate": "2012-03-07",
    "acceptedDate": "2012-03-07 08:33:45",
    "calendarYear": "2012",
    "period": "Q2",
    "revenue": 2112000000,
    "costOfRevenue": 1301000000,
    "grossProfit": 811000000,
    "grossProfitRatio": 0.3839962121,
    "researchAndDevelopmentExpenses": 29000000,
    "generalAndAdministrativeExpenses": 152000000,
    "sellingAndMarketingExpenses": 297000000,
    "sellingGeneralAndAdministrativeExpenses": 449000000,
    "otherExpenses": 0,
    "operatingExpenses": 478000000,
    "costAndExpenses": 1779000000,
    "interestIncome": 2000000,
    "interestExpense": 28000000,
    "depreciationAndAmortization": 61000000,
    "ebitda": 390000000,
    "ebitdaratio": 0.1846590909,
    "operatingIncome": 329000000,
    "operatingIncomeRatio": 0.1557765152,
    "totalOtherIncomeExpensesNet": -26000000,
    "incomeBeforeTax": 303000000,
    "incomeBeforeTaxRatio": 0.1434659091,
    "incomeTaxExpense": 102000000,
    "netIncome": 205000000,
    "netIncomeRatio": 0.0970643939,
    "eps": 0.64,
    "epsdiluted": 0.64,
    "weightedAverageShsOut": 318000000,
    "weightedAverageShsOutDil": 320000000,
    "link": "https://www.sec.gov/Archives/edgar/data/16732/000144530512000596/0001445305-12-000596-index.htm",
    "finalLink": "https://www.sec.gov/Archives/edgar/data/16732/000144530512000596/cpb-1292012x10q.htm"
  },
  {
    "date": "2011-10-30",
    "symbol": "CPB",
    "reportedCurrency": "USD",
    "cik": "0000016732",
    "fillingDate": "2011-12-07",
    "acceptedDate": "2011-12-07 08:29:38",
    "calendarYear": "2012",
    "period": "Q1",
    "revenue": 2161000000,
    "costOfRevenue": 1307000000,
    "grossProfit": 854000000,
    "grossProfitRatio": 0.3951874132,
    "researchAndDevelopmentExpenses": 30000000,
    "generalAndAdministrativeExpenses": 145000000,
    "sellingAndMarketingExpenses": 261000000,
    "sellingGeneralAndAdministrativeExpenses": 406000000,
    "otherExpenses": 0,
    "operatingExpenses": 436000000,
    "costAndExpenses": 1743000000,
    "interestIncome": 2000000,
    "interestExpense": 30000000,
    "depreciationAndAmortization": 63000000,
    "ebitda": 479000000,
    "ebitdaratio": 0.2216566404,
    "operatingIncome": 416000000,
    "operatingIncomeRatio": 0.1925034706,
    "totalOtherIncomeExpensesNet": -28000000,
    "incomeBeforeTax": 388000000,
    "incomeBeforeTaxRatio": 0.1795465062,
    "incomeTaxExpense": 125000000,
    "netIncome": 265000000,
    "netIncomeRatio": 0.1226284128,
    "eps": 0.82,
    "epsdiluted": 0.82,
    "weightedAverageShsOut": 320000000,
    "weightedAverageShsOutDil": 322000000,
    "link": "https://www.sec.gov/Archives/edgar/data/16732/000119312511332861/0001193125-11-332861-index.htm",
    "finalLink": "https://www.sec.gov/Archives/edgar/data/16732/000119312511332861/d265193d10q.htm"
  },
  {
    "date": "2011-07-31",
    "symbol": "CPB",
    "reportedCurrency": "USD",
    "cik": "0000016732",
    "fillingDate": "2011-09-28",
    "acceptedDate": "2011-09-28 09:01:38",
    "calendarYear": "2011",
    "period": "Q4",
    "revenue": 1607000000,
    "costOfRevenue": 968000000,
    "grossProfit": 639000000,
    "grossProfitRatio": 0.3976353454,
    "researchAndDevelopmentExpenses": 34000000,
    "generalAndAdministrativeExpenses": 170000000,
    "sellingAndMarketingExpenses": 196000000,
    "sellingGeneralAndAdministrativeExpenses": 366000000,
    "otherExpenses": -3000000,
    "operatingExpenses": 397000000,
    "costAndExpenses": 1365000000,
    "interestIncome": 3000000,
    "interestExpense": 29000000,
    "depreciationAndAmortization": 74000000,
    "ebitda": 243000000,
    "ebitdaratio": 0.1512134412,
    "operatingIncome": 169000000,
    "operatingIncomeRatio": 0.1051649035,
    "totalOtherIncomeExpensesNet": -26000000,
    "incomeBeforeTax": 143000000,
    "incomeBeforeTaxRatio": 0.0889856876,
    "incomeTaxExpense": 45000000,
    "netIncome": 100000000,
    "netIncomeRatio": 0.0622277536,
    "eps": 0.31,
    "epsdiluted": 0.3,
    "weightedAverageShsOut": 326000000,
    "weightedAverageShsOutDil": 329000000,
    "link": "https://www.sec.gov/Archives/edgar/data/16732/000095012311087197/0000950123-11-087197-index.htm",
    "finalLink": "https://www.sec.gov/Archives/edgar/data/16732/000095012311087197/w83891e10vk.htm"
  },
  {
    "date": "2011-05-01",
    "symbol": "CPB",
    "reportedCurrency": "USD",
    "cik": "0000016732",
    "fillingDate": "2011-06-09",
    "acceptedDate": "2011-06-09 08:40:47",
    "calendarYear": "2011",
    "period": "Q3",
    "revenue": 1813000000,
    "costOfRevenue": 1081000000,
    "grossProfit": 732000000,
    "grossProfitRatio": 0.4037506895,
    "researchAndDevelopmentExpenses": 33000000,
    "generalAndAdministrativeExpenses": 148000000,
    "sellingAndMarketingExpenses": 243000000,
    "sellingGeneralAndAdministrativeExpenses": 391000000,
    "otherExpenses": 1000000,
    "operatingExpenses": 425000000,
    "costAndExpenses": 1506000000,
    "interestIncome": 3000000,
    "interestExpense": 27000000,
    "depreciationAndAmortization": 65000000,
    "ebitda": 372000000,
    "ebitdaratio": 0.2051847766,
    "operatingIncome": 307000000,
    "operatingIncomeRatio": 0.1693325979,
    "totalOtherIncomeExpensesNet": -24000000,
    "incomeBeforeTax": 283000000,
    "incomeBeforeTaxRatio": 0.1560948704,
    "incomeTaxExpense": 97000000,
    "netIncome": 187000000,
    "netIncomeRatio": 0.1031439603,
    "eps": 0.58,
    "epsdiluted": 0.57,
    "weightedAverageShsOut": 321000000,
    "weightedAverageShsOutDil": 323000000,
    "link": "https://www.sec.gov/Archives/edgar/data/16732/000095012311057712/0000950123-11-057712-index.htm",
    "finalLink": "https://www.sec.gov/Archives/edgar/data/16732/000095012311057712/w83073e10vq.htm"
  },
  {
    "date": "2011-01-30",
    "symbol": "CPB",
    "reportedCurrency": "USD",
    "cik": "0000016732",
    "fillingDate": "2011-03-09",
    "acceptedDate": "2011-03-09 08:22:17",
    "calendarYear": "2011",
    "period": "Q2",
    "revenue": 2127000000,
    "costOfRevenue": 1289000000,
    "grossProfit": 838000000,
    "grossProfitRatio": 0.3939821345,
    "researchAndDevelopmentExpenses": 31000000,
    "generalAndAdministrativeExpenses": 154000000,
    "sellingAndMarketingExpenses": 291000000,
    "sellingGeneralAndAdministrativeExpenses": 445000000,
    "otherExpenses": 3000000,
    "operatingExpenses": 479000000,
    "costAndExpenses": 1768000000,
    "interestIncome": 3000000,
    "interestExpense": 34000000,
    "depreciationAndAmortization": 64000000,
    "ebitda": 423000000,
    "ebitdaratio": 0.1988716502,
    "operatingIncome": 359000000,
    "operatingIncomeRatio": 0.1687823225,
    "totalOtherIncomeExpensesNet": -31000000,
    "incomeBeforeTax": 328000000,
    "incomeBeforeTaxRatio": 0.1542078044,
    "incomeTaxExpense": 89000000,
    "netIncome": 239000000,
    "netIncomeRatio": 0.1123648331,
    "eps": 0.72,
    "epsdiluted": 0.71,
    "weightedAverageShsOut": 330000000,
    "weightedAverageShsOutDil": 332000000,
    "link": "https://www.sec.gov/Archives/edgar/data/16732/000095012311023447/0000950123-11-023447-index.htm",
    "finalLink": "https://www.sec.gov/Archives/edgar/data/16732/000095012311023447/w81833e10vq.htm"
  },
  {
    "date": "2010-10-31",
    "symbol": "CPB",
    "reportedCurrency": "USD",
    "cik": "0000016732",
    "fillingDate": "2010-12-09",
    "acceptedDate": "2010-12-09 08:27:31",
    "calendarYear": "2011",
    "period": "Q1",
    "revenue": 2172000000,
    "costOfRevenue": 1278000000,
    "grossProfit": 894000000,
    "grossProfitRatio": 0.4116022099,
    "researchAndDevelopmentExpenses": 31000000,
    "generalAndAdministrativeExpenses": 140000000,
    "sellingAndMarketingExpenses": 277000000,
    "sellingGeneralAndAdministrativeExpenses": 417000000,
    "otherExpenses": 2000000,
    "operatingExpenses": 450000000,
    "costAndExpenses": 1728000000,
    "interestIncome": 2000000,
    "interestExpense": 32000000,
    "depreciationAndAmortization": 65000000,
    "ebitda": 509000000,
    "ebitdaratio": 0.2343462247,
    "operatingIncome": 444000000,
    "operatingIncomeRatio": 0.2044198895,
    "totalOtherIncomeExpensesNet": -30000000,
    "incomeBeforeTax": 414000000,
    "incomeBeforeTaxRatio": 0.1906077348,
    "incomeTaxExpense": 135000000,
    "netIncome": 279000000,
    "netIncomeRatio": 0.1284530387,
    "eps": 0.82,
    "epsdiluted": 0.82,
    "weightedAverageShsOut": 335000000,
    "weightedAverageShsOutDil": 338000000,
    "link": "https://www.sec.gov/Archives/edgar/data/16732/000095012310112236/0000950123-10-112236-index.htm",
    "finalLink": "https://www.sec.gov/Archives/edgar/data/16732/000095012310112236/w80747e10vq.htm"
  },
  {
    "date": "2010-08-01",
    "symbol": "CPB",
    "reportedCurrency": "USD",
    "cik": "0000016732",
    "fillingDate": "2010-09-29",
    "acceptedDate": "2010-09-29 16:34:19",
    "calendarYear": "2010",
    "period": "Q4",
    "revenue": 1518000000,
    "costOfRevenue": 905000000,
    "grossProfit": 613000000,
    "grossProfitRatio": 0.4038208169,
    "researchAndDevelopmentExpenses": 35000000,
    "generalAndAdministrativeExpenses": 167000000,
    "sellingAndMarketingExpenses": 221000000,
    "sellingGeneralAndAdministrativeExpenses": 388000000,
    "otherExpenses": 0,
    "operatingExpenses": 423000000,
    "costAndExpenses": 1328000000,
    "interestIncome": 2000000,
    "interestExpense": 28000000,
    "depreciationAndAmortization": 66000000,
    "ebitda": 253000000,
    "ebitdaratio": 0.1666666667,
    "operatingIncome": 187000000,
    "operatingIncomeRatio": 0.1231884058,
    "totalOtherIncomeExpensesNet": -26000000,
    "incomeBeforeTax": 161000000,
    "incomeBeforeTaxRatio": 0.1060606061,
    "incomeTaxExpense": 48000000,
    "netIncome": 113000000,
    "netIncomeRatio": 0.0744400527,
    "eps": 0.33,
    "epsdiluted": 0.33,
    "weightedAverageShsOut": 340000000,
    "weightedAverageShsOutDil": 343000000,
    "link": "https://www.sec.gov/Archives/edgar/data/16732/000095012310090083/0000950123-10-090083-index.htm",
    "finalLink": "https://www.sec.gov/Archives/edgar/data/16732/000095012310090083/w79425e10vk.htm"
  },
  {
    "date": "2010-05-02",
    "symbol": "CPB",
    "reportedCurrency": "USD",
    "cik": "0000016732",
    "fillingDate": "2010-06-10",
    "acceptedDate": "2010-06-10 15:50:36",
    "calendarYear": "2010",
    "period": "Q3",
    "revenue": 1802000000,
    "costOfRevenue": 1059000000,
    "grossProfit": 743000000,
    "grossProfitRatio": 0.4123196448,
    "researchAndDevelopmentExpenses": 31000000,
    "generalAndAdministrativeExpenses": 156000000,
    "sellingAndMarketingExpenses": 252000000,
    "sellingGeneralAndAdministrativeExpenses": 408000000,
    "otherExpenses": 0,
    "operatingExpenses": 439000000,
    "costAndExpenses": 1498000000,
    "interestIncome": 2000000,
    "interestExpense": 29000000,
    "depreciationAndAmortization": 63000000,
    "ebitda": 355000000,
    "ebitdaratio": 0.1970033296,
    "operatingIncome": 292000000,
    "operatingIncomeRatio": 0.1620421754,
    "totalOtherIncomeExpensesNet": -27000000,
    "incomeBeforeTax": 265000000,
    "incomeBeforeTaxRatio": 0.1470588235,
    "incomeTaxExpense": 97000000,
    "netIncome": 168000000,
    "netIncomeRatio": 0.0932297447,
    "eps": 0.49,
    "epsdiluted": 0.49,
    "weightedAverageShsOut": 339000000,
    "weightedAverageShsOutDil": 342000000,
    "link": "https://www.sec.gov/Archives/edgar/data/16732/000095012310057241/0000950123-10-057241-index.htm",
    "finalLink": "https://www.sec.gov/Archives/edgar/data/16732/000095012310057241/w78454e10vq.htm"
  },
  {
    "date": "2010-01-31",
    "symbol": "CPB",
    "reportedCurrency": "USD",
    "cik": "0000016732",
    "fillingDate": "2010-03-10",
    "acceptedDate": "2010-03-10 08:51:37",
    "calendarYear": "2010",
    "period": "Q2",
    "revenue": 2153000000,
    "costOfRevenue": 1282000000,
    "grossProfit": 871000000,
    "grossProfitRatio": 0.4045517882,
    "researchAndDevelopmentExpenses": 28000000,
    "generalAndAdministrativeExpenses": 149000000,
    "sellingAndMarketingExpenses": 301000000,
    "sellingGeneralAndAdministrativeExpenses": 450000000,
    "otherExpenses": 2000000,
    "operatingExpenses": 480000000,
    "costAndExpenses": 1762000000,
    "interestIncome": 1000000,
    "interestExpense": 27000000,
    "depreciationAndAmortization": 62000000,
    "ebitda": 453000000,
    "ebitdaratio": 0.2104040873,
    "operatingIncome": 391000000,
    "operatingIncomeRatio": 0.1816070599,
    "totalOtherIncomeExpensesNet": -26000000,
    "incomeBeforeTax": 365000000,
    "incomeBeforeTaxRatio": 0.1695308871,
    "incomeTaxExpense": 106000000,
    "netIncome": 259000000,
    "netIncomeRatio": 0.1202972596,
    "eps": 0.74,
    "epsdiluted": 0.74,
    "weightedAverageShsOut": 341000000,
    "weightedAverageShsOutDil": 344000000,
    "link": "https://www.sec.gov/Archives/edgar/data/16732/000095012310022850/0000950123-10-022850-index.htm",
    "finalLink": "https://www.sec.gov/Archives/edgar/data/16732/000095012310022850/w77628e10vq.htm"
  },
  {
    "date": "2009-11-01",
    "symbol": "CPB",
    "reportedCurrency": "USD",
    "cik": "0000016732",
    "fillingDate": "2009-12-10",
    "acceptedDate": "2009-12-10 08:53:40",
    "calendarYear": "2010",
    "period": "Q1",
    "revenue": 2203000000,
    "costOfRevenue": 1280000000,
    "grossProfit": 923000000,
    "grossProfitRatio": 0.4189741262,
    "researchAndDevelopmentExpenses": 29000000,
    "generalAndAdministrativeExpenses": 133000000,
    "sellingAndMarketingExpenses": 284000000,
    "sellingGeneralAndAdministrativeExpenses": 417000000,
    "otherExpenses": -1000000,
    "operatingExpenses": 445000000,
    "costAndExpenses": 1725000000,
    "interestIncome": 1000000,
    "interestExpense": 28000000,
    "depreciationAndAmortization": 60000000,
    "ebitda": 538000000,
    "ebitdaratio": 0.2442124376,
    "operatingIncome": 478000000,
    "operatingIncomeRatio": 0.2169768498,
    "totalOtherIncomeExpensesNet": -27000000,
    "incomeBeforeTax": 451000000,
    "incomeBeforeTaxRatio": 0.2047208352,
    "incomeTaxExpense": 147000000,
    "netIncome": 304000000,
    "netIncomeRatio": 0.137993645,
    "eps": 0.87,
    "epsdiluted": 0.87,
    "weightedAverageShsOut": 343000000,
    "weightedAverageShsOutDil": 346000000,
    "link": "https://www.sec.gov/Archives/edgar/data/16732/000095012309069718/0000950123-09-069718-index.htm",
    "finalLink": "https://www.sec.gov/Archives/edgar/data/16732/000095012309069718/w76528e10vq.htm"
  },
  {
    "date": "2009-08-02",
    "symbol": "CPB",
    "reportedCurrency": "USD",
    "cik": "0000016732",
    "fillingDate": "2009-09-30",
    "acceptedDate": "2009-09-30 09:22:11",
    "calendarYear": "2009",
    "period": "Q4",
    "revenue": 1528000000,
    "costOfRevenue": 893000000,
    "grossProfit": 635000000,
    "grossProfitRatio": 0.4155759162,
    "researchAndDevelopmentExpenses": 31000000,
    "generalAndAdministrativeExpenses": 184000000,
    "sellingAndMarketingExpenses": 209000000,
    "sellingGeneralAndAdministrativeExpenses": 393000000,
    "otherExpenses": 0,
    "operatingExpenses": 424000000,
    "costAndExpenses": 1317000000,
    "interestIncome": 0,
    "interestExpense": 27000000,
    "depreciationAndAmortization": 69000000,
    "ebitda": 218000000,
    "ebitdaratio": 0.1426701571,
    "operatingIncome": 149000000,
    "operatingIncomeRatio": 0.097513089,
    "totalOtherIncomeExpensesNet": -27000000,
    "incomeBeforeTax": 122000000,
    "incomeBeforeTaxRatio": 0.0798429319,
    "incomeTaxExpense": 53000000,
    "netIncome": 69000000,
    "netIncomeRatio": 0.0451570681,
    "eps": 0.2,
    "epsdiluted": 0.19,
    "weightedAverageShsOut": 352000000,
    "weightedAverageShsOutDil": 358000000,
    "link": "https://www.sec.gov/Archives/edgar/data/16732/000095012309047208/0000950123-09-047208-index.htm",
    "finalLink": "https://www.sec.gov/Archives/edgar/data/16732/000095012309047208/w75715e10vk.htm"
  },
  {
    "date": "2009-05-03",
    "symbol": "CPB",
    "reportedCurrency": "USD",
    "cik": "0000016732",
    "fillingDate": "2009-06-10",
    "acceptedDate": "2009-06-10 16:38:16",
    "calendarYear": "2009",
    "period": "Q3",
    "revenue": 1686000000,
    "costOfRevenue": 1001000000,
    "grossProfit": 685000000,
    "grossProfitRatio": 0.40628707,
    "researchAndDevelopmentExpenses": 27000000,
    "generalAndAdministrativeExpenses": 129000000,
    "sellingAndMarketingExpenses": 246000000,
    "sellingGeneralAndAdministrativeExpenses": 375000000,
    "otherExpenses": 0,
    "operatingExpenses": 402000000,
    "costAndExpenses": 1403000000,
    "interestIncome": 0,
    "interestExpense": 26000000,
    "depreciationAndAmortization": 62000000,
    "ebitda": 348000000,
    "ebitdaratio": 0.206405694,
    "operatingIncome": 286000000,
    "operatingIncomeRatio": 0.1696322657,
    "totalOtherIncomeExpensesNet": -26000000,
    "incomeBeforeTax": 260000000,
    "incomeBeforeTaxRatio": 0.1542111507,
    "incomeTaxExpense": 86000000,
    "netIncome": 174000000,
    "netIncomeRatio": 0.103202847,
    "eps": 0.49,
    "epsdiluted": 0.49,
    "weightedAverageShsOut": 350000000,
    "weightedAverageShsOutDil": 351000000,
    "link": "https://www.sec.gov/Archives/edgar/data/16732/000095012309012989/0000950123-09-012989-index.htm",
    "finalLink": "https://www.sec.gov/Archives/edgar/data/16732/000095012309012989/w74395e10vq.htm"
  },
  {
    "date": "2009-02-01",
    "symbol": "CPB",
    "reportedCurrency": "USD",
    "cik": "0000016732",
    "fillingDate": "2009-03-11",
    "acceptedDate": "2009-03-11 16:26:49",
    "calendarYear": "2009",
    "period": "Q2",
    "revenue": 2122000000,
    "costOfRevenue": 1285000000,
    "grossProfit": 837000000,
    "grossProfitRatio": 0.3944392083,
    "researchAndDevelopmentExpenses": 27000000,
    "generalAndAdministrativeExpenses": 138000000,
    "sellingAndMarketingExpenses": 315000000,
    "sellingGeneralAndAdministrativeExpenses": 453000000,
    "otherExpenses": 0,
    "operatingExpenses": 480000000,
    "costAndExpenses": 1765000000,
    "interestIncome": 1000000,
    "interestExpense": 26000000,
    "depreciationAndAmortization": 67000000,
    "ebitda": 422000000,
    "ebitdaratio": 0.1988689915,
    "operatingIncome": 355000000,
    "operatingIncomeRatio": 0.1672950047,
    "totalOtherIncomeExpensesNet": -25000000,
    "incomeBeforeTax": 330000000,
    "incomeBeforeTaxRatio": 0.1555136664,
    "incomeTaxExpense": 101000000,
    "netIncome": 233000000,
    "netIncomeRatio": 0.1098020735,
    "eps": 0.65,
    "epsdiluted": 0.64,
    "weightedAverageShsOut": 355000000,
    "weightedAverageShsOutDil": 358000000,
    "link": "https://www.sec.gov/Archives/edgar/data/16732/000089322009000515/0000893220-09-000515-index.htm",
    "finalLink": "https://www.sec.gov/Archives/edgar/data/16732/000089322009000515/w73131e10vq.htm"
  },
  {
    "date": "2008-11-02",
    "symbol": "CPB",
    "reportedCurrency": "USD",
    "cik": "0000016732",
    "fillingDate": "2008-12-11",
    "acceptedDate": "2008-12-11 16:36:41",
    "calendarYear": "2009",
    "period": "Q1",
    "revenue": 2250000000,
    "costOfRevenue": 1379000000,
    "grossProfit": 871000000,
    "grossProfitRatio": 0.3871111111,
    "researchAndDevelopmentExpenses": 29000000,
    "generalAndAdministrativeExpenses": 140000000,
    "sellingAndMarketingExpenses": 307000000,
    "sellingGeneralAndAdministrativeExpenses": 447000000,
    "otherExpenses": 0,
    "operatingExpenses": 476000000,
    "costAndExpenses": 1855000000,
    "interestIncome": 1000000,
    "interestExpense": 33000000,
    "depreciationAndAmortization": 66000000,
    "ebitda": 465000000,
    "ebitdaratio": 0.2066666667,
    "operatingIncome": 399000000,
    "operatingIncomeRatio": 0.1773333333,
    "totalOtherIncomeExpensesNet": -32000000,
    "incomeBeforeTax": 367000000,
    "incomeBeforeTaxRatio": 0.1631111111,
    "incomeTaxExpense": 107000000,
    "netIncome": 260000000,
    "netIncomeRatio": 0.1155555556,
    "eps": 0.71,
    "epsdiluted": 0.7,
    "weightedAverageShsOut": 357000000,
    "weightedAverageShsOutDil": 362000000,
    "link": "https://www.sec.gov/Archives/edgar/data/16732/000089322008003178/0000893220-08-003178-index.htm",
    "finalLink": "https://www.sec.gov/Archives/edgar/data/16732/000089322008003178/w71888e10vq.htm"
  },
  {
    "date": "2008-08-03",
    "symbol": "CPB",
    "reportedCurrency": "USD",
    "cik": "0000016732",
    "fillingDate": "2008-10-01",
    "acceptedDate": "2008-10-01 08:44:56",
    "calendarYear": "2008",
    "period": "Q4",
    "revenue": 1715000000,
    "costOfRevenue": 1051000000,
    "grossProfit": 664000000,
    "grossProfitRatio": 0.3871720117,
    "researchAndDevelopmentExpenses": 33000000,
    "generalAndAdministrativeExpenses": 0,
    "sellingAndMarketingExpenses": 0,
    "sellingGeneralAndAdministrativeExpenses": 431000000,
    "otherExpenses": 0,
    "operatingExpenses": 464000000,
    "costAndExpenses": 1515000000,
    "interestIncome": 0,
    "interestExpense": 0,
    "depreciationAndAmortization": 86000000,
    "ebitda": 286000000,
    "ebitdaratio": 0.1667638484,
    "operatingIncome": 200000000,
    "operatingIncomeRatio": 0.1166180758,
    "totalOtherIncomeExpensesNet": -50000000,
    "incomeBeforeTax": 150000000,
    "incomeBeforeTaxRatio": 0.0874635569,
    "incomeTaxExpense": 61000000,
    "netIncome": 89000000,
    "netIncomeRatio": 0.0518950437,
    "eps": 0.24,
    "epsdiluted": 0.24,
    "weightedAverageShsOut": 373000000,
    "weightedAverageShsOutDil": 377000000,
    "link": "https://www.sec.gov/Archives/edgar/data/16732/000089322008002633/0000893220-08-002633-index.htm",
    "finalLink": "https://www.sec.gov/Archives/edgar/data/16732/000089322008002633/w64216e10vk.htm"
  },
  {
    "date": "2008-04-27",
    "symbol": "CPB",
    "reportedCurrency": "USD",
    "cik": "0000016732",
    "fillingDate": "2008-06-04",
    "acceptedDate": "2008-06-04 16:40:05",
    "calendarYear": "2008",
    "period": "Q3",
    "revenue": 1880000000,
    "costOfRevenue": 1154000000,
    "grossProfit": 726000000,
    "grossProfitRatio": 0.3861702128,
    "researchAndDevelopmentExpenses": 30000000,
    "generalAndAdministrativeExpenses": 158000000,
    "sellingAndMarketingExpenses": 284000000,
    "sellingGeneralAndAdministrativeExpenses": 442000000,
    "otherExpenses": 0,
    "operatingExpenses": 472000000,
    "costAndExpenses": 1626000000,
    "interestIncome": 0,
    "interestExpense": 37000000,
    "depreciationAndAmortization": 70000000,
    "ebitda": 152000000,
    "ebitdaratio": 0.0808510638,
    "operatingIncome": 82000000,
    "operatingIncomeRatio": 0.0436170213,
    "totalOtherIncomeExpensesNet": -37000000,
    "incomeBeforeTax": 45000000,
    "incomeBeforeTaxRatio": 0.0239361702,
    "incomeTaxExpense": -9000000,
    "netIncome": 532000000,
    "netIncomeRatio": 0.2829787234,
    "eps": 1.43,
    "epsdiluted": 1.4,
    "weightedAverageShsOut": 373000000,
    "weightedAverageShsOutDil": 381000000,
    "link": "https://www.sec.gov/Archives/edgar/data/16732/000089322008001732/0000893220-08-001732-index.htm",
    "finalLink": "https://www.sec.gov/Archives/edgar/data/16732/000089322008001732/w48149e10vq.htm"
  },
  {
    "date": "2008-01-27",
    "symbol": "CPB",
    "reportedCurrency": "USD",
    "cik": "0000016732",
    "fillingDate": "2008-03-04",
    "acceptedDate": "2008-03-04 16:44:29",
    "calendarYear": "2008",
    "period": "Q2",
    "revenue": 2218000000,
    "costOfRevenue": 1329000000,
    "grossProfit": 889000000,
    "grossProfitRatio": 0.4008115419,
    "researchAndDevelopmentExpenses": 25000000,
    "generalAndAdministrativeExpenses": 0,
    "sellingAndMarketingExpenses": 0,
    "sellingGeneralAndAdministrativeExpenses": 460000000,
    "otherExpenses": 0,
    "operatingExpenses": 485000000,
    "costAndExpenses": 1814000000,
    "interestIncome": 0,
    "interestExpense": 0,
    "depreciationAndAmortization": 70000000,
    "ebitda": 474000000,
    "ebitdaratio": 0.2137060415,
    "operatingIncome": 404000000,
    "operatingIncomeRatio": 0.1821460775,
    "totalOtherIncomeExpensesNet": -46000000,
    "incomeBeforeTax": 358000000,
    "incomeBeforeTaxRatio": 0.1614066727,
    "incomeTaxExpense": 98000000,
    "netIncome": 274000000,
    "netIncomeRatio": 0.123534716,
    "eps": 0.73,
    "epsdiluted": 0.71,
    "weightedAverageShsOut": 377000000,
    "weightedAverageShsOutDil": 386000000,
    "link": "https://www.sec.gov/Archives/edgar/data/16732/000089322008000611/0000893220-08-000611-index.htm",
    "finalLink": "https://www.sec.gov/Archives/edgar/data/16732/000089322008000611/w50657e10vq.htm"
  },
  {
    "date": "2007-10-28",
    "symbol": "CPB",
    "reportedCurrency": "USD",
    "cik": "0000016732",
    "fillingDate": "2007-12-05",
    "acceptedDate": "2007-12-05 16:39:44",
    "calendarYear": "2008",
    "period": "Q1",
    "revenue": 2185000000,
    "costOfRevenue": 1293000000,
    "grossProfit": 892000000,
    "grossProfitRatio": 0.4082379863,
    "researchAndDevelopmentExpenses": 27000000,
    "generalAndAdministrativeExpenses": 0,
    "sellingAndMarketingExpenses": 0,
    "sellingGeneralAndAdministrativeExpenses": 437000000,
    "otherExpenses": 0,
    "operatingExpenses": 464000000,
    "costAndExpenses": 1757000000,
    "interestIncome": 0,
    "interestExpense": 0,
    "depreciationAndAmortization": 68000000,
    "ebitda": 496000000,
    "ebitdaratio": 0.2270022883,
    "operatingIncome": 428000000,
    "operatingIncomeRatio": 0.1958810069,
    "totalOtherIncomeExpensesNet": -42000000,
    "incomeBeforeTax": 386000000,
    "incomeBeforeTaxRatio": 0.1766590389,
    "incomeTaxExpense": 118000000,
    "netIncome": 270000000,
    "netIncomeRatio": 0.1235697941,
    "eps": 0.71,
    "epsdiluted": 0.7,
    "weightedAverageShsOut": 379000000,
    "weightedAverageShsOutDil": 388000000,
    "link": "https://www.sec.gov/Archives/edgar/data/16732/000089322007003908/0000893220-07-003908-index.htm",
    "finalLink": "https://www.sec.gov/Archives/edgar/data/16732/000089322007003908/w43525e10vq.htm"
  },
  {
    "date": "2007-07-29",
    "symbol": "CPB",
    "reportedCurrency": "USD",
    "cik": "0000016732",
    "fillingDate": "2007-09-26",
    "acceptedDate": "2007-09-26 16:47:33",
    "calendarYear": "2007",
    "period": "Q4",
    "revenue": 1594000000,
    "costOfRevenue": 955000000,
    "grossProfit": 639000000,
    "grossProfitRatio": 0.4008782936,
    "researchAndDevelopmentExpenses": 35000000,
    "generalAndAdministrativeExpenses": 0,
    "sellingAndMarketingExpenses": 0,
    "sellingGeneralAndAdministrativeExpenses": 488000000,
    "otherExpenses": 0,
    "operatingExpenses": 523000000,
    "costAndExpenses": 1478000000,
    "interestIncome": 0,
    "interestExpense": 0,
    "depreciationAndAmortization": 82000000,
    "ebitda": 198000000,
    "ebitdaratio": 0.1242158093,
    "operatingIncome": 116000000,
    "operatingIncomeRatio": 0.0727728984,
    "totalOtherIncomeExpensesNet": -24000000,
    "incomeBeforeTax": 92000000,
    "incomeBeforeTaxRatio": 0.0577164366,
    "incomeTaxExpense": 39000000,
    "netIncome": 61000000,
    "netIncomeRatio": 0.0382685069,
    "eps": 0.16,
    "epsdiluted": 0.15,
    "weightedAverageShsOut": 386000000,
    "weightedAverageShsOutDil": 396000000,
    "link": "https://www.sec.gov/Archives/edgar/data/16732/000089322007003194/0000893220-07-003194-index.htm",
    "finalLink": "https://www.sec.gov/Archives/edgar/data/16732/000089322007003194/w39657e10vk.htm"
  },
  {
    "date": "2007-04-29",
    "symbol": "CPB",
    "reportedCurrency": "USD",
    "cik": "0000016732",
    "fillingDate": "2007-06-06",
    "acceptedDate": "2007-06-06 17:11:31",
    "calendarYear": "2007",
    "period": "Q3",
    "revenue": 1750000000,
    "costOfRevenue": 1052000000,
    "grossProfit": 698000000,
    "grossProfitRatio": 0.3988571429,
    "researchAndDevelopmentExpenses": 26000000,
    "generalAndAdministrativeExpenses": 0,
    "sellingAndMarketingExpenses": 0,
    "sellingGeneralAndAdministrativeExpenses": 405000000,
    "otherExpenses": 0,
    "operatingExpenses": 431000000,
    "costAndExpenses": 1483000000,
    "interestIncome": 0,
    "interestExpense": 0,
    "depreciationAndAmortization": 69000000,
    "ebitda": 336000000,
    "ebitdaratio": 0.192,
    "operatingIncome": 267000000,
    "operatingIncomeRatio": 0.1525714286,
    "totalOtherIncomeExpensesNet": -25000000,
    "incomeBeforeTax": 242000000,
    "incomeBeforeTaxRatio": 0.1382857143,
    "incomeTaxExpense": 32000000,
    "netIncome": 217000000,
    "netIncomeRatio": 0.124,
    "eps": 0.57,
    "epsdiluted": 0.55,
    "weightedAverageShsOut": 384000000,
    "weightedAverageShsOutDil": 395000000,
    "link": "https://www.sec.gov/Archives/edgar/data/16732/000089322007002108/0000893220-07-002108-index.htm",
    "finalLink": "https://www.sec.gov/Archives/edgar/data/16732/000089322007002108/w35703e10vq.htm"
  },
  {
    "date": "2007-01-28",
    "symbol": "CPB",
    "reportedCurrency": "USD",
    "cik": "0000016732",
    "fillingDate": "2007-03-07",
    "acceptedDate": "2007-03-07 16:28:55",
    "calendarYear": "2007",
    "period": "Q2",
    "revenue": 2064000000,
    "costOfRevenue": 1213000000,
    "grossProfit": 851000000,
    "grossProfitRatio": 0.4123062016,
    "researchAndDevelopmentExpenses": 25000000,
    "generalAndAdministrativeExpenses": 0,
    "sellingAndMarketingExpenses": 0,
    "sellingGeneralAndAdministrativeExpenses": 445000000,
    "otherExpenses": 0,
    "operatingExpenses": 470000000,
    "costAndExpenses": 1683000000,
    "interestIncome": 0,
    "interestExpense": 0,
    "depreciationAndAmortization": 68000000,
    "ebitda": 449000000,
    "ebitdaratio": 0.2175387597,
    "operatingIncome": 381000000,
    "operatingIncomeRatio": 0.1845930233,
    "totalOtherIncomeExpensesNet": -20000000,
    "incomeBeforeTax": 361000000,
    "incomeBeforeTaxRatio": 0.1749031008,
    "incomeTaxExpense": 104000000,
    "netIncome": 285000000,
    "netIncomeRatio": 0.1380813953,
    "eps": 0.74,
    "epsdiluted": 0.72,
    "weightedAverageShsOut": 384000000,
    "weightedAverageShsOutDil": 395000000,
    "link": "https://www.sec.gov/Archives/edgar/data/16732/000089322007000634/0000893220-07-000634-index.htm",
    "finalLink": "https://www.sec.gov/Archives/edgar/data/16732/000089322007000634/w31369e10vq.htm"
  },
  {
    "date": "2006-10-29",
    "symbol": "CPB",
    "reportedCurrency": "USD",
    "cik": "0000016732",
    "fillingDate": "2006-12-05",
    "acceptedDate": "2006-12-05 16:33:58",
    "calendarYear": "2007",
    "period": "Q1",
    "revenue": 2153000000,
    "costOfRevenue": 1236000000,
    "grossProfit": 917000000,
    "grossProfitRatio": 0.4259173247,
    "researchAndDevelopmentExpenses": 26000000,
    "generalAndAdministrativeExpenses": 0,
    "sellingAndMarketingExpenses": 0,
    "sellingGeneralAndAdministrativeExpenses": 451000000,
    "otherExpenses": 0,
    "operatingExpenses": 477000000,
    "costAndExpenses": 1713000000,
    "interestIncome": 0,
    "interestExpense": 0,
    "depreciationAndAmortization": 64000000,
    "ebitda": 504000000,
    "ebitdaratio": 0.2340919647,
    "operatingIncome": 440000000,
    "operatingIncomeRatio": 0.2043660009,
    "totalOtherIncomeExpensesNet": -43000000,
    "incomeBeforeTax": 397000000,
    "incomeBeforeTaxRatio": 0.184393869,
    "incomeTaxExpense": 128000000,
    "netIncome": 291000000,
    "netIncomeRatio": 0.1351602415,
    "eps": 0.74,
    "epsdiluted": 0.71,
    "weightedAverageShsOut": 395000000,
    "weightedAverageShsOutDil": 405000000,
    "link": "https://www.sec.gov/Archives/edgar/data/16732/000089322006002582/0000893220-06-002582-index.htm",
    "finalLink": "https://www.sec.gov/Archives/edgar/data/16732/000089322006002582/w27499e10vq.htm"
  },
  {
    "date": "2006-07-30",
    "symbol": "CPB",
    "reportedCurrency": "USD",
    "cik": "0000016732",
    "fillingDate": "2006-10-11",
    "acceptedDate": "2006-10-11 16:15:50",
    "calendarYear": "2006",
    "period": "Q4",
    "revenue": 1116000000,
    "costOfRevenue": 617000000,
    "grossProfit": 499000000,
    "grossProfitRatio": 0.4471326165,
    "researchAndDevelopmentExpenses": 26000000,
    "generalAndAdministrativeExpenses": 0,
    "sellingAndMarketingExpenses": 0,
    "sellingGeneralAndAdministrativeExpenses": 397000000,
    "otherExpenses": 0,
    "operatingExpenses": 423000000,
    "costAndExpenses": 1040000000,
    "interestIncome": 0,
    "interestExpense": 0,
    "depreciationAndAmortization": 77000000,
    "ebitda": 153000000,
    "ebitdaratio": 0.1370967742,
    "operatingIncome": 76000000,
    "operatingIncomeRatio": 0.0681003584,
    "totalOtherIncomeExpensesNet": -44000000,
    "incomeBeforeTax": 32000000,
    "incomeBeforeTaxRatio": 0.0286738351,
    "incomeTaxExpense": -1000000,
    "netIncome": 44000000,
    "netIncomeRatio": 0.0394265233,
    "eps": 0.11,
    "epsdiluted": 0.11,
    "weightedAverageShsOut": 407000000,
    "weightedAverageShsOutDil": 414000000,
    "link": "https://www.sec.gov/Archives/edgar/data/16732/000089322006002166/0000893220-06-002166-index.htm",
    "finalLink": "https://www.sec.gov/Archives/edgar/data/16732/000089322006002166/w23178e10vk.htm"
  },
  {
    "date": "2006-04-30",
    "symbol": "CPB",
    "reportedCurrency": "USD",
    "cik": "0000016732",
    "fillingDate": "2006-06-07",
    "acceptedDate": "2006-06-07 16:45:19",
    "calendarYear": "2006",
    "period": "Q3",
    "revenue": 1728000000,
    "costOfRevenue": 1021000000,
    "grossProfit": 707000000,
    "grossProfitRatio": 0.4091435185,
    "researchAndDevelopmentExpenses": 26000000,
    "generalAndAdministrativeExpenses": 0,
    "sellingAndMarketingExpenses": 0,
    "sellingGeneralAndAdministrativeExpenses": 431000000,
    "otherExpenses": 0,
    "operatingExpenses": 457000000,
    "costAndExpenses": 1478000000,
    "interestIncome": 0,
    "interestExpense": 0,
    "depreciationAndAmortization": 75000000,
    "ebitda": 325000000,
    "ebitdaratio": 0.1880787037,
    "operatingIncome": 250000000,
    "operatingIncomeRatio": 0.1446759259,
    "totalOtherIncomeExpensesNet": -42000000,
    "incomeBeforeTax": 208000000,
    "incomeBeforeTaxRatio": 0.1203703704,
    "incomeTaxExpense": 62000000,
    "netIncome": 166000000,
    "netIncomeRatio": 0.0960648148,
    "eps": 0.41,
    "epsdiluted": 0.4,
    "weightedAverageShsOut": 406000000,
    "weightedAverageShsOutDil": 413000000,
    "link": "https://www.sec.gov/Archives/edgar/data/16732/000089322006001355/0000893220-06-001355-index.htm",
    "finalLink": "https://www.sec.gov/Archives/edgar/data/16732/000089322006001355/w21968e10vq.htm"
  },
  {
    "date": "2006-01-29",
    "symbol": "CPB",
    "reportedCurrency": "USD",
    "cik": "0000016732",
    "fillingDate": "2006-03-08",
    "acceptedDate": "2006-03-08 17:04:20",
    "calendarYear": "2006",
    "period": "Q2",
    "revenue": 2159000000,
    "costOfRevenue": 1251000000,
    "grossProfit": 908000000,
    "grossProfitRatio": 0.4205650764,
    "researchAndDevelopmentExpenses": 24000000,
    "generalAndAdministrativeExpenses": 0,
    "sellingAndMarketingExpenses": 0,
    "sellingGeneralAndAdministrativeExpenses": 500000000,
    "otherExpenses": 0,
    "operatingExpenses": 524000000,
    "costAndExpenses": 1775000000,
    "interestIncome": 0,
    "interestExpense": 0,
    "depreciationAndAmortization": 68000000,
    "ebitda": 452000000,
    "ebitdaratio": 0.2093561834,
    "operatingIncome": 384000000,
    "operatingIncomeRatio": 0.1778601204,
    "totalOtherIncomeExpensesNet": -44000000,
    "incomeBeforeTax": 340000000,
    "incomeBeforeTaxRatio": 0.157480315,
    "incomeTaxExpense": 101000000,
    "netIncome": 254000000,
    "netIncomeRatio": 0.1176470588,
    "eps": 0.62,
    "epsdiluted": 0.61,
    "weightedAverageShsOut": 408000000,
    "weightedAverageShsOutDil": 414000000,
    "link": "https://www.sec.gov/Archives/edgar/data/16732/000089322006000478/0000893220-06-000478-index.htm",
    "finalLink": "https://www.sec.gov/Archives/edgar/data/16732/000089322006000478/w18194e10vq.htm"
  },
  {
    "date": "2005-10-30",
    "symbol": "CPB",
    "reportedCurrency": "USD",
    "cik": "0000016732",
    "fillingDate": "2005-12-07",
    "acceptedDate": "2005-12-07 16:58:36",
    "calendarYear": "2006",
    "period": "Q1",
    "revenue": 2002000000,
    "costOfRevenue": 1156000000,
    "grossProfit": 846000000,
    "grossProfitRatio": 0.4225774226,
    "researchAndDevelopmentExpenses": 24000000,
    "generalAndAdministrativeExpenses": 0,
    "sellingAndMarketingExpenses": 0,
    "sellingGeneralAndAdministrativeExpenses": 443000000,
    "otherExpenses": 0,
    "operatingExpenses": 467000000,
    "costAndExpenses": 1623000000,
    "interestIncome": 0,
    "interestExpense": 0,
    "depreciationAndAmortization": 69000000,
    "ebitda": 448000000,
    "ebitdaratio": 0.2237762238,
    "operatingIncome": 379000000,
    "operatingIncomeRatio": 0.1893106893,
    "totalOtherIncomeExpensesNet": -24000000,
    "incomeBeforeTax": 355000000,
    "incomeBeforeTaxRatio": 0.1773226773,
    "incomeTaxExpense": 69000000,
    "netIncome": 302000000,
    "netIncomeRatio": 0.1508491508,
    "eps": 0.74,
    "epsdiluted": 0.73,
    "weightedAverageShsOut": 409000000,
    "weightedAverageShsOutDil": 414000000,
    "link": "https://www.sec.gov/Archives/edgar/data/16732/000089322005002837/0000893220-05-002837-index.htm",
    "finalLink": "https://www.sec.gov/Archives/edgar/data/16732/000089322005002837/w15329e10vq.htm"
  },
  {
    "date": "2005-07-31",
    "symbol": "CPB",
    "reportedCurrency": "USD",
    "cik": "0000016732",
    "fillingDate": "2005-10-11",
    "acceptedDate": "2005-10-11 16:47:56",
    "calendarYear": "2005",
    "period": "Q4",
    "revenue": 1498000000,
    "costOfRevenue": 890000000,
    "grossProfit": 608000000,
    "grossProfitRatio": 0.4058744993,
    "researchAndDevelopmentExpenses": 27000000,
    "generalAndAdministrativeExpenses": 0,
    "sellingAndMarketingExpenses": 0,
    "sellingGeneralAndAdministrativeExpenses": 402000000,
    "otherExpenses": 2000000,
    "operatingExpenses": 431000000,
    "costAndExpenses": 1321000000,
    "interestIncome": 0,
    "interestExpense": 0,
    "depreciationAndAmortization": 72000000,
    "ebitda": 249000000,
    "ebitdaratio": 0.1662216288,
    "operatingIncome": 177000000,
    "operatingIncomeRatio": 0.1181575434,
    "totalOtherIncomeExpensesNet": -42000000,
    "incomeBeforeTax": 135000000,
    "incomeBeforeTaxRatio": 0.0901201602,
    "incomeTaxExpense": 39000000,
    "netIncome": 96000000,
    "netIncomeRatio": 0.0640854473,
    "eps": 0.23,
    "epsdiluted": 0.23,
    "weightedAverageShsOut": 409000000,
    "weightedAverageShsOutDil": 413000000,
    "link": "https://www.sec.gov/Archives/edgar/data/16732/000089322005002271/0000893220-05-002271-index.htm",
    "finalLink": "https://www.sec.gov/Archives/edgar/data/16732/000089322005002271/w12996e10vk.htm"
  },
  {
    "date": "2005-05-01",
    "symbol": "CPB",
    "reportedCurrency": "USD",
    "cik": "0000016732",
    "fillingDate": "2005-06-07",
    "acceptedDate": "2005-06-07 17:05:31",
    "calendarYear": "2005",
    "period": "Q3",
    "revenue": 1736000000,
    "costOfRevenue": 1035000000,
    "grossProfit": 701000000,
    "grossProfitRatio": 0.4038018433,
    "researchAndDevelopmentExpenses": 24000000,
    "generalAndAdministrativeExpenses": 0,
    "sellingAndMarketingExpenses": 0,
    "sellingGeneralAndAdministrativeExpenses": 420000000,
    "otherExpenses": 0,
    "operatingExpenses": 444000000,
    "costAndExpenses": 1479000000,
    "interestIncome": 0,
    "interestExpense": 0,
    "depreciationAndAmortization": 71000000,
    "ebitda": 328000000,
    "ebitdaratio": 0.1889400922,
    "operatingIncome": 257000000,
    "operatingIncomeRatio": 0.1480414747,
    "totalOtherIncomeExpensesNet": -43000000,
    "incomeBeforeTax": 214000000,
    "incomeBeforeTaxRatio": 0.1232718894,
    "incomeTaxExpense": 68000000,
    "netIncome": 146000000,
    "netIncomeRatio": 0.0841013825,
    "eps": 0.36,
    "epsdiluted": 0.35,
    "weightedAverageShsOut": 409000000,
    "weightedAverageShsOutDil": 414000000,
    "link": "https://www.sec.gov/Archives/edgar/data/16732/000089322005001348/0000893220-05-001348-index.htm",
    "finalLink": "https://www.sec.gov/Archives/edgar/data/16732/000089322005001348/w09694e10vq.htm"
  },
  {
    "date": "2005-01-30",
    "symbol": "CPB",
    "reportedCurrency": "USD",
    "cik": "0000016732",
    "fillingDate": "2005-03-09",
    "acceptedDate": "2005-03-09 16:52:09",
    "calendarYear": "2005",
    "period": "Q2",
    "revenue": 2223000000,
    "costOfRevenue": 1321000000,
    "grossProfit": 902000000,
    "grossProfitRatio": 0.4057579847,
    "researchAndDevelopmentExpenses": 24000000,
    "generalAndAdministrativeExpenses": 0,
    "sellingAndMarketingExpenses": 0,
    "sellingGeneralAndAdministrativeExpenses": 491000000,
    "otherExpenses": 0,
    "operatingExpenses": 515000000,
    "costAndExpenses": 1836000000,
    "interestIncome": 0,
    "interestExpense": 0,
    "depreciationAndAmortization": 68000000,
    "ebitda": 455000000,
    "ebitdaratio": 0.2046783626,
    "operatingIncome": 387000000,
    "operatingIncomeRatio": 0.1740890688,
    "totalOtherIncomeExpensesNet": -43000000,
    "incomeBeforeTax": 344000000,
    "incomeBeforeTaxRatio": 0.154745839,
    "incomeTaxExpense": 109000000,
    "netIncome": 235000000,
    "netIncomeRatio": 0.1057130004,
    "eps": 0.57,
    "epsdiluted": 0.57,
    "weightedAverageShsOut": 409000000,
    "weightedAverageShsOutDil": 414000000,
    "link": "https://www.sec.gov/Archives/edgar/data/16732/000089322005000497/0000893220-05-000497-index.htm",
    "finalLink": "https://www.sec.gov/Archives/edgar/data/16732/000089322005000497/w06517e10vq.htm"
  },
  {
    "date": "2004-10-31",
    "symbol": "CPB",
    "reportedCurrency": "USD",
    "cik": "0000016732",
    "fillingDate": "2004-12-09",
    "acceptedDate": "2004-12-09 16:01:02",
    "calendarYear": "2005",
    "period": "Q1",
    "revenue": 2091000000,
    "costOfRevenue": 1245000000,
    "grossProfit": 846000000,
    "grossProfitRatio": 0.4045911047,
    "researchAndDevelopmentExpenses": 20000000,
    "generalAndAdministrativeExpenses": 0,
    "sellingAndMarketingExpenses": 0,
    "sellingGeneralAndAdministrativeExpenses": 443000000,
    "otherExpenses": 0,
    "operatingExpenses": 463000000,
    "costAndExpenses": 1708000000,
    "interestIncome": 0,
    "interestExpense": 0,
    "depreciationAndAmortization": 68000000,
    "ebitda": 451000000,
    "ebitdaratio": 0.2156862745,
    "operatingIncome": 383000000,
    "operatingIncomeRatio": 0.1831659493,
    "totalOtherIncomeExpensesNet": -46000000,
    "incomeBeforeTax": 337000000,
    "incomeBeforeTaxRatio": 0.1611669058,
    "incomeTaxExpense": 107000000,
    "netIncome": 230000000,
    "netIncomeRatio": 0.1099952176,
    "eps": 0.56,
    "epsdiluted": 0.56,
    "weightedAverageShsOut": 409000000,
    "weightedAverageShsOutDil": 412000000,
    "link": "https://www.sec.gov/Archives/edgar/data/16732/000089322004002625/0000893220-04-002625-index.htm",
    "finalLink": "https://www.sec.gov/Archives/edgar/data/16732/000089322004002625/w69437e10vq.htm"
  },
  {
    "date": "2004-08-01",
    "symbol": "CPB",
    "reportedCurrency": "USD",
    "cik": "0000016732",
    "fillingDate": "2004-10-12",
    "acceptedDate": "2004-10-12 10:35:17",
    "calendarYear": "2004",
    "period": "Q4",
    "revenue": 1433000000,
    "costOfRevenue": 872000000,
    "grossProfit": 561000000,
    "grossProfitRatio": 0.3914863922,
    "researchAndDevelopmentExpenses": 28000000,
    "generalAndAdministrativeExpenses": 0,
    "sellingAndMarketingExpenses": 0,
    "sellingGeneralAndAdministrativeExpenses": 384000000,
    "otherExpenses": 2000000,
    "operatingExpenses": 414000000,
    "costAndExpenses": 1286000000,
    "interestIncome": 0,
    "interestExpense": 0,
    "depreciationAndAmortization": 65000000,
    "ebitda": 212000000,
    "ebitdaratio": 0.1479413817,
    "operatingIncome": 147000000,
    "operatingIncomeRatio": 0.1025819958,
    "totalOtherIncomeExpensesNet": -61000000,
    "incomeBeforeTax": 86000000,
    "incomeBeforeTaxRatio": 0.0600139567,
    "incomeTaxExpense": 27000000,
    "netIncome": 59000000,
    "netIncomeRatio": 0.0411723657,
    "eps": 0.14,
    "epsdiluted": 0.14,
    "weightedAverageShsOut": 409000000,
    "weightedAverageShsOutDil": 412000000,
    "link": "https://www.sec.gov/Archives/edgar/data/16732/000089322004002108/0000893220-04-002108-index.htm",
    "finalLink": "https://www.sec.gov/Archives/edgar/data/16732/000089322004002108/w99443e10vk.htm"
  },
  {
    "date": "2004-05-02",
    "symbol": "CPB",
    "reportedCurrency": "USD",
    "cik": "0000016732",
    "fillingDate": "2004-06-15",
    "acceptedDate": "2004-06-15 10:46:49",
    "calendarYear": "2004",
    "period": "Q3",
    "revenue": 1667000000,
    "costOfRevenue": 995000000,
    "grossProfit": 672000000,
    "grossProfitRatio": 0.4031193761,
    "researchAndDevelopmentExpenses": 23000000,
    "generalAndAdministrativeExpenses": 0,
    "sellingAndMarketingExpenses": 0,
    "sellingGeneralAndAdministrativeExpenses": 419000000,
    "otherExpenses": 0,
    "operatingExpenses": 442000000,
    "costAndExpenses": 1437000000,
    "interestIncome": 0,
    "interestExpense": 0,
    "depreciationAndAmortization": 68000000,
    "ebitda": 298000000,
    "ebitdaratio": 0.1787642472,
    "operatingIncome": 230000000,
    "operatingIncomeRatio": 0.1379724055,
    "totalOtherIncomeExpensesNet": -27000000,
    "incomeBeforeTax": 203000000,
    "incomeBeforeTaxRatio": 0.1217756449,
    "incomeTaxExpense": 61000000,
    "netIncome": 142000000,
    "netIncomeRatio": 0.0851829634,
    "eps": 0.35,
    "epsdiluted": 0.34,
    "weightedAverageShsOut": 411000000,
    "weightedAverageShsOutDil": 413000000,
    "link": "https://www.sec.gov/Archives/edgar/data/16732/000089322004001190/0000893220-04-001190-index.htm",
    "finalLink": "https://www.sec.gov/Archives/edgar/data/16732/000089322004001190/w98166e10vq.htm"
  },
  {
    "date": "2004-02-01",
    "symbol": "CPB",
    "reportedCurrency": "USD",
    "cik": "0000016732",
    "fillingDate": "2004-03-16",
    "acceptedDate": "2004-03-16 14:52:31",
    "calendarYear": "2004",
    "period": "Q2",
    "revenue": 2100000000,
    "costOfRevenue": 1212000000,
    "grossProfit": 888000000,
    "grossProfitRatio": 0.4228571429,
    "researchAndDevelopmentExpenses": 21000000,
    "generalAndAdministrativeExpenses": 0,
    "sellingAndMarketingExpenses": 0,
    "sellingGeneralAndAdministrativeExpenses": 476000000,
    "otherExpenses": 0,
    "operatingExpenses": 497000000,
    "costAndExpenses": 1709000000,
    "interestIncome": 0,
    "interestExpense": 0,
    "depreciationAndAmortization": 64000000,
    "ebitda": 455000000,
    "ebitdaratio": 0.2166666667,
    "operatingIncome": 391000000,
    "operatingIncomeRatio": 0.1861904762,
    "totalOtherIncomeExpensesNet": -44000000,
    "incomeBeforeTax": 347000000,
    "incomeBeforeTaxRatio": 0.1652380952,
    "incomeTaxExpense": 112000000,
    "netIncome": 235000000,
    "netIncomeRatio": 0.1119047619,
    "eps": 0.57,
    "epsdiluted": 0.57,
    "weightedAverageShsOut": 411000000,
    "weightedAverageShsOutDil": 412000000,
    "link": "https://www.sec.gov/Archives/edgar/data/16732/000089322004000470/0000893220-04-000470-index.htm",
    "finalLink": "https://www.sec.gov/Archives/edgar/data/16732/000089322004000470/w95164e10vq.htm"
  },
  {
    "date": "2003-11-02",
    "symbol": "CPB",
    "reportedCurrency": "USD",
    "cik": "0000016732",
    "fillingDate": "2003-12-16",
    "acceptedDate": "2003-12-16 11:58:44",
    "calendarYear": "2004",
    "period": "Q1",
    "revenue": 1909000000,
    "costOfRevenue": 1108000000,
    "grossProfit": 801000000,
    "grossProfitRatio": 0.4195914091,
    "researchAndDevelopmentExpenses": 21000000,
    "generalAndAdministrativeExpenses": 0,
    "sellingAndMarketingExpenses": 0,
    "sellingGeneralAndAdministrativeExpenses": 416000000,
    "otherExpenses": 0,
    "operatingExpenses": 437000000,
    "costAndExpenses": 1545000000,
    "interestIncome": 0,
    "interestExpense": 0,
    "depreciationAndAmortization": 63000000,
    "ebitda": 427000000,
    "ebitdaratio": 0.223677318,
    "operatingIncome": 364000000,
    "operatingIncomeRatio": 0.1906757465,
    "totalOtherIncomeExpensesNet": -53000000,
    "incomeBeforeTax": 311000000,
    "incomeBeforeTaxRatio": 0.1629125196,
    "incomeTaxExpense": 100000000,
    "netIncome": 211000000,
    "netIncomeRatio": 0.1105290728,
    "eps": 0.51,
    "epsdiluted": 0.51,
    "weightedAverageShsOut": 411000000,
    "weightedAverageShsOutDil": 412000000,
    "link": "https://www.sec.gov/Archives/edgar/data/16732/000089322003002053/0000893220-03-002053-index.htm",
    "finalLink": "https://www.sec.gov/Archives/edgar/data/16732/000089322003002053/w91415e10vq.htm"
  },
  {
    "date": "2003-08-03",
    "symbol": "CPB",
    "reportedCurrency": "USD",
    "cik": "0000016732",
    "fillingDate": "2003-10-09",
    "acceptedDate": "2003-10-09 16:34:51",
    "calendarYear": "2003",
    "period": "Q4",
    "revenue": 1455000000,
    "costOfRevenue": 858000000,
    "grossProfit": 597000000,
    "grossProfitRatio": 0.4103092784,
    "researchAndDevelopmentExpenses": 26000000,
    "generalAndAdministrativeExpenses": 0,
    "sellingAndMarketingExpenses": 0,
    "sellingGeneralAndAdministrativeExpenses": 451000000,
    "otherExpenses": 0,
    "operatingExpenses": 477000000,
    "costAndExpenses": 1335000000,
    "interestIncome": 0,
    "interestExpense": 0,
    "depreciationAndAmortization": 63000000,
    "ebitda": 183000000,
    "ebitdaratio": 0.1257731959,
    "operatingIncome": 120000000,
    "operatingIncomeRatio": 0.0824742268,
    "totalOtherIncomeExpensesNet": -10000000,
    "incomeBeforeTax": 110000000,
    "incomeBeforeTaxRatio": 0.0756013746,
    "incomeTaxExpense": 36000000,
    "netIncome": 74000000,
    "netIncomeRatio": 0.0508591065,
    "eps": 0.18,
    "epsdiluted": 0.18,
    "weightedAverageShsOut": 411000000,
    "weightedAverageShsOutDil": 411000000,
    "link": "https://www.sec.gov/Archives/edgar/data/16732/000089322003001648/0000893220-03-001648-index.htm",
    "finalLink": "https://www.sec.gov/Archives/edgar/data/16732/000089322003001648/w90322e10vk.htm"
  },
  {
    "date": "2003-04-27",
    "symbol": "CPB",
    "reportedCurrency": "USD",
    "cik": "0000016732",
    "fillingDate": "2003-06-10",
    "acceptedDate": "2003-06-10 14:53:44",
    "calendarYear": "2003",
    "period": "Q3",
    "revenue": 1600000000,
    "costOfRevenue": 920000000,
    "grossProfit": 680000000,
    "grossProfitRatio": 0.425,
    "researchAndDevelopmentExpenses": 23000000,
    "generalAndAdministrativeExpenses": 0,
    "sellingAndMarketingExpenses": 0,
    "sellingGeneralAndAdministrativeExpenses": 400000000,
    "otherExpenses": 0,
    "operatingExpenses": 423000000,
    "costAndExpenses": 1343000000,
    "interestIncome": 0,
    "interestExpense": 0,
    "depreciationAndAmortization": 69000000,
    "ebitda": 326000000,
    "ebitdaratio": 0.20375,
    "operatingIncome": 257000000,
    "operatingIncomeRatio": 0.160625,
    "totalOtherIncomeExpensesNet": -67000000,
    "incomeBeforeTax": 190000000,
    "incomeBeforeTaxRatio": 0.11875,
    "incomeTaxExpense": 61000000,
    "netIncome": 129000000,
    "netIncomeRatio": 0.080625,
    "eps": 0.31,
    "epsdiluted": 0.31,
    "weightedAverageShsOut": 411000000,
    "weightedAverageShsOutDil": 411000000,
    "link": "https://www.sec.gov/Archives/edgar/data/16732/000089322003001058/0000893220-03-001058-index.htm",
    "finalLink": "https://www.sec.gov/Archives/edgar/data/16732/000089322003001058/w87335e10vq.htm"
  },
  {
    "date": "2003-01-26",
    "symbol": "CPB",
    "reportedCurrency": "USD",
    "cik": "0000016732",
    "fillingDate": "2003-03-11",
    "acceptedDate": "2003-03-11 13:23:49",
    "calendarYear": "2003",
    "period": "Q2",
    "revenue": 1918000000,
    "costOfRevenue": 1056000000,
    "grossProfit": 862000000,
    "grossProfitRatio": 0.4494264859,
    "researchAndDevelopmentExpenses": 21000000,
    "generalAndAdministrativeExpenses": 0,
    "sellingAndMarketingExpenses": 0,
    "sellingGeneralAndAdministrativeExpenses": 457000000,
    "otherExpenses": 0,
    "operatingExpenses": 478000000,
    "costAndExpenses": 1534000000,
    "interestIncome": 0,
    "interestExpense": 0,
    "depreciationAndAmortization": 56000000,
    "ebitda": 440000000,
    "ebitdaratio": 0.2294056309,
    "operatingIncome": 384000000,
    "operatingIncomeRatio": 0.2002085506,
    "totalOtherIncomeExpensesNet": -45000000,
    "incomeBeforeTax": 339000000,
    "incomeBeforeTaxRatio": 0.1767466111,
    "incomeTaxExpense": 108000000,
    "netIncome": 231000000,
    "netIncomeRatio": 0.1204379562,
    "eps": 0.56,
    "epsdiluted": 0.56,
    "weightedAverageShsOut": 411000000,
    "weightedAverageShsOutDil": 411000000,
    "link": "https://www.sec.gov/Archives/edgar/data/16732/000089322003000273/0000893220-03-000273-index.htm",
    "finalLink": "https://www.sec.gov/Archives/edgar/data/16732/000089322003000273/w84273e10vq.htm"
  },
  {
    "date": "2002-10-27",
    "symbol": "CPB",
    "reportedCurrency": "USD",
    "cik": "0000016732",
    "fillingDate": "2002-12-10",
    "acceptedDate": "2002-12-10 15:50:44",
    "calendarYear": "2003",
    "period": "Q1",
    "revenue": 1705000000,
    "costOfRevenue": 971000000,
    "grossProfit": 734000000,
    "grossProfitRatio": 0.4304985337,
    "researchAndDevelopmentExpenses": 19000000,
    "generalAndAdministrativeExpenses": 0,
    "sellingAndMarketingExpenses": 0,
    "sellingGeneralAndAdministrativeExpenses": 378000000,
    "otherExpenses": 0,
    "operatingExpenses": 397000000,
    "costAndExpenses": 1368000000,
    "interestIncome": 0,
    "interestExpense": 0,
    "depreciationAndAmortization": 55000000,
    "ebitda": 392000000,
    "ebitdaratio": 0.2299120235,
    "operatingIncome": 337000000,
    "operatingIncomeRatio": 0.1976539589,
    "totalOtherIncomeExpensesNet": -52000000,
    "incomeBeforeTax": 285000000,
    "incomeBeforeTaxRatio": 0.1671554252,
    "incomeTaxExpense": 93000000,
    "netIncome": 161000000,
    "netIncomeRatio": 0.0944281525,
    "eps": 0.39,
    "epsdiluted": 0.39,
    "weightedAverageShsOut": 410000000,
    "weightedAverageShsOutDil": 411000000,
    "link": "https://www.sec.gov/Archives/edgar/data/16732/000089322002001474/0000893220-02-001474-index.htm",
    "finalLink": "https://www.sec.gov/Archives/edgar/data/16732/000089322002001474/w66506e10vq.htm"
  },
  {
    "date": "2002-07-28",
    "symbol": "CPB",
    "reportedCurrency": "USD",
    "cik": "0000016732",
    "fillingDate": "2002-10-11",
    "acceptedDate": "2002-10-11 12:57:43",
    "calendarYear": "2002",
    "period": "Q4",
    "revenue": 1223000000,
    "costOfRevenue": 686000000,
    "grossProfit": 537000000,
    "grossProfitRatio": 0.4390842191,
    "researchAndDevelopmentExpenses": 25000000,
    "generalAndAdministrativeExpenses": 0,
    "sellingAndMarketingExpenses": 0,
    "sellingGeneralAndAdministrativeExpenses": 246000000,
    "otherExpenses": 0,
    "operatingExpenses": 271000000,
    "costAndExpenses": 957000000,
    "interestIncome": 0,
    "interestExpense": 0,
    "depreciationAndAmortization": 90000000,
    "ebitda": 356000000,
    "ebitdaratio": 0.2910874898,
    "operatingIncome": 266000000,
    "operatingIncomeRatio": 0.2174979558,
    "totalOtherIncomeExpensesNet": -182000000,
    "incomeBeforeTax": 84000000,
    "incomeBeforeTaxRatio": 0.068683565,
    "incomeTaxExpense": 29000000,
    "netIncome": 55000000,
    "netIncomeRatio": 0.0449713818,
    "eps": 0.13,
    "epsdiluted": 0.13,
    "weightedAverageShsOut": 410000000,
    "weightedAverageShsOutDil": 411000000,
    "link": "https://www.sec.gov/Archives/edgar/data/16732/000089322002001206/0000893220-02-001206-index.htm",
    "finalLink": "https://www.sec.gov/Archives/edgar/data/16732/000089322002001206/w64292e10vk.htm"
  },
  {
    "date": "2002-04-28",
    "symbol": "CPB",
    "reportedCurrency": "USD",
    "cik": "0000016732",
    "fillingDate": "2002-06-11",
    "acceptedDate": "2002-06-11 15:10:51",
    "calendarYear": "2002",
    "period": "Q3",
    "revenue": 1371000000,
    "costOfRevenue": 782000000,
    "grossProfit": 589000000,
    "grossProfitRatio": 0.4296134209,
    "researchAndDevelopmentExpenses": 17000000,
    "generalAndAdministrativeExpenses": 0,
    "sellingAndMarketingExpenses": 0,
    "sellingGeneralAndAdministrativeExpenses": 382000000,
    "otherExpenses": 0,
    "operatingExpenses": 399000000,
    "costAndExpenses": 1181000000,
    "interestIncome": 0,
    "interestExpense": 0,
    "depreciationAndAmortization": 82000000,
    "ebitda": 272000000,
    "ebitdaratio": 0.1983953319,
    "operatingIncome": 190000000,
    "operatingIncomeRatio": 0.1385849745,
    "totalOtherIncomeExpensesNet": -44000000,
    "incomeBeforeTax": 146000000,
    "incomeBeforeTaxRatio": 0.106491612,
    "incomeTaxExpense": 50000000,
    "netIncome": 96000000,
    "netIncomeRatio": 0.0700218818,
    "eps": 0.23,
    "epsdiluted": 0.23,
    "weightedAverageShsOut": 410000000,
    "weightedAverageShsOutDil": 411000000,
    "link": "https://www.sec.gov/Archives/edgar/data/16732/000089322002000767/0000893220-02-000767-index.htm",
    "finalLink": "https://www.sec.gov/Archives/edgar/data/16732/000089322002000767/w61408e10vq.htm"
  },
  {
    "date": "2002-01-27",
    "symbol": "CPB",
    "reportedCurrency": "USD",
    "cik": "0000016732",
    "fillingDate": "2002-03-12",
    "acceptedDate": "2002-03-12 00:00:00",
    "calendarYear": "2002",
    "period": "Q2",
    "revenue": 1810000000,
    "costOfRevenue": 1004000000,
    "grossProfit": 806000000,
    "grossProfitRatio": 0.4453038674,
    "researchAndDevelopmentExpenses": 17000000,
    "generalAndAdministrativeExpenses": 0,
    "sellingAndMarketingExpenses": 0,
    "sellingGeneralAndAdministrativeExpenses": 405000000,
    "otherExpenses": 0,
    "operatingExpenses": 422000000,
    "costAndExpenses": 1426000000,
    "interestIncome": 0,
    "interestExpense": 0,
    "depreciationAndAmortization": 74000000,
    "ebitda": 458000000,
    "ebitdaratio": 0.253038674,
    "operatingIncome": 384000000,
    "operatingIncomeRatio": 0.2121546961,
    "totalOtherIncomeExpensesNet": -77000000,
    "incomeBeforeTax": 307000000,
    "incomeBeforeTaxRatio": 0.1696132597,
    "incomeTaxExpense": 104000000,
    "netIncome": 203000000,
    "netIncomeRatio": 0.1121546961,
    "eps": 0.5,
    "epsdiluted": 0.49,
    "weightedAverageShsOut": 410000000,
    "weightedAverageShsOutDil": 411000000,
    "link": "https://www.sec.gov/Archives/edgar/data/16732/000089322002000246/0000893220-02-000246-index.htm",
    "finalLink": "https://www.sec.gov/Archives/edgar/data/16732/000089322002000246/w58259e10-q.htm"
  },
  {
    "date": "2001-10-28",
    "symbol": "CPB",
    "reportedCurrency": "USD",
    "cik": "0000016732",
    "fillingDate": "2001-12-12",
    "acceptedDate": "2001-12-12 00:00:00",
    "calendarYear": "2002",
    "period": "Q1",
    "revenue": 1729000000,
    "costOfRevenue": 971000000,
    "grossProfit": 758000000,
    "grossProfitRatio": 0.4384037016,
    "researchAndDevelopmentExpenses": 18000000,
    "generalAndAdministrativeExpenses": 0,
    "sellingAndMarketingExpenses": 0,
    "sellingGeneralAndAdministrativeExpenses": 391000000,
    "otherExpenses": 0,
    "operatingExpenses": 409000000,
    "costAndExpenses": 1380000000,
    "interestIncome": 0,
    "interestExpense": 0,
    "depreciationAndAmortization": 73000000,
    "ebitda": 422000000,
    "ebitdaratio": 0.2440717178,
    "operatingIncome": 349000000,
    "operatingIncomeRatio": 0.2018507808,
    "totalOtherIncomeExpensesNet": -88000000,
    "incomeBeforeTax": 261000000,
    "incomeBeforeTaxRatio": 0.1509543088,
    "incomeTaxExpense": 90000000,
    "netIncome": 171000000,
    "netIncomeRatio": 0.0989010989,
    "eps": 0.42,
    "epsdiluted": 0.42,
    "weightedAverageShsOut": 410000000,
    "weightedAverageShsOutDil": 411000000,
    "link": "https://www.sec.gov/Archives/edgar/data/16732/000089322001500982/0000893220-01-500982-index.htm",
    "finalLink": "https://www.sec.gov/Archives/edgar/data/16732/000089322001500982/w55530e10-q.htm"
  },
  {
    "date": "2001-07-29",
    "symbol": "CPB",
    "reportedCurrency": "USD",
    "cik": "0000016732",
    "fillingDate": "2001-10-10",
    "acceptedDate": "2001-10-10 00:00:00",
    "calendarYear": "2001",
    "period": "Q4",
    "revenue": 1490000000,
    "costOfRevenue": 998000000,
    "grossProfit": 492000000,
    "grossProfitRatio": 0.3302013423,
    "researchAndDevelopmentExpenses": 19000000,
    "generalAndAdministrativeExpenses": 0,
    "sellingAndMarketingExpenses": 0,
    "sellingGeneralAndAdministrativeExpenses": 488000000,
    "otherExpenses": -131000000,
    "operatingExpenses": 376000000,
    "costAndExpenses": 1374000000,
    "interestIncome": 0,
    "interestExpense": 0,
    "depreciationAndAmortization": 78000000,
    "ebitda": 194000000,
    "ebitdaratio": 0.1302013423,
    "operatingIncome": 116000000,
    "operatingIncomeRatio": 0.077852349,
    "totalOtherIncomeExpensesNet": -36000000,
    "incomeBeforeTax": 80000000,
    "incomeBeforeTaxRatio": 0.0536912752,
    "incomeTaxExpense": 28000000,
    "netIncome": 52000000,
    "netIncomeRatio": 0.0348993289,
    "eps": 0.13,
    "epsdiluted": 0.12,
    "weightedAverageShsOut": 414000000,
    "weightedAverageShsOutDil": 418000000,
    "link": "https://www.sec.gov/Archives/edgar/data/16732/000089322001500738/0000893220-01-500738-index.htm",
    "finalLink": "https://www.sec.gov/Archives/edgar/data/16732/000089322001500738/w53808e10-k405.htm"
  },
  {
    "date": "2001-04-29",
    "symbol": "CPB",
    "reportedCurrency": "USD",
    "cik": "0000016732",
    "fillingDate": "2001-06-13",
    "acceptedDate": "2001-06-13 00:00:00",
    "calendarYear": "2001",
    "period": "Q3",
    "revenue": 1439000000,
    "costOfRevenue": 603000000,
    "grossProfit": 836000000,
    "grossProfitRatio": 0.5809589993,
    "researchAndDevelopmentExpenses": 15000000,
    "generalAndAdministrativeExpenses": 0,
    "sellingAndMarketingExpenses": 0,
    "sellingGeneralAndAdministrativeExpenses": 496000000,
    "otherExpenses": 64000000,
    "operatingExpenses": 575000000,
    "costAndExpenses": 1178000000,
    "interestIncome": 0,
    "interestExpense": 0,
    "depreciationAndAmortization": 64000000,
    "ebitda": 325000000,
    "ebitdaratio": 0.2258512856,
    "operatingIncome": 261000000,
    "operatingIncomeRatio": 0.1813759555,
    "totalOtherIncomeExpensesNet": -76000000,
    "incomeBeforeTax": 185000000,
    "incomeBeforeTaxRatio": 0.128561501,
    "incomeTaxExpense": 63000000,
    "netIncome": 122000000,
    "netIncomeRatio": 0.084781098,
    "eps": 0.3,
    "epsdiluted": 0.3,
    "weightedAverageShsOut": 410000000,
    "weightedAverageShsOutDil": 411000000,
    "link": "https://www.sec.gov/Archives/edgar/data/16732/000089322001500349/0000893220-01-500349-index.htm",
    "finalLink": "https://www.sec.gov/Archives/edgar/data/16732/000089322001500349/w50202e10-q.txt"
  },
  {
    "date": "2001-01-28",
    "symbol": "CPB",
    "reportedCurrency": "USD",
    "cik": "0000016732",
    "fillingDate": "2001-03-14",
    "acceptedDate": "2001-03-14 00:00:00",
    "calendarYear": "2001",
    "period": "Q2",
    "revenue": 1957000000,
    "costOfRevenue": 800000000,
    "grossProfit": 1157000000,
    "grossProfitRatio": 0.5912110373,
    "researchAndDevelopmentExpenses": 15000000,
    "generalAndAdministrativeExpenses": 0,
    "sellingAndMarketingExpenses": 0,
    "sellingGeneralAndAdministrativeExpenses": 588000000,
    "otherExpenses": 62000000,
    "operatingExpenses": 665000000,
    "costAndExpenses": 1465000000,
    "interestIncome": 0,
    "interestExpense": 0,
    "depreciationAndAmortization": 62000000,
    "ebitda": 554000000,
    "ebitdaratio": 0.2830863567,
    "operatingIncome": 492000000,
    "operatingIncomeRatio": 0.2514052121,
    "totalOtherIncomeExpensesNet": -81000000,
    "incomeBeforeTax": 411000000,
    "incomeBeforeTaxRatio": 0.2100153296,
    "incomeTaxExpense": 140000000,
    "netIncome": 271000000,
    "netIncomeRatio": 0.1384772611,
    "eps": 0.65,
    "epsdiluted": 0.65,
    "weightedAverageShsOut": 415000000,
    "weightedAverageShsOutDil": 419000000,
    "link": "https://www.sec.gov/Archives/edgar/data/16732/000089322001000271/0000893220-01-000271-index.htm",
    "finalLink": "https://www.sec.gov/Archives/edgar/data/16732/000089322001000271/w46361e10-q.txt"
  },
  {
    "date": "2000-10-29",
    "symbol": "CPB",
    "reportedCurrency": "USD",
    "cik": "0000016732",
    "fillingDate": "2000-12-13",
    "acceptedDate": "2000-12-13 00:00:00",
    "calendarYear": "2001",
    "period": "Q1",
    "revenue": 1778000000,
    "costOfRevenue": 745000000,
    "grossProfit": 1033000000,
    "grossProfitRatio": 0.5809898763,
    "researchAndDevelopmentExpenses": 14000000,
    "generalAndAdministrativeExpenses": 0,
    "sellingAndMarketingExpenses": 0,
    "sellingGeneralAndAdministrativeExpenses": 565000000,
    "otherExpenses": 62000000,
    "operatingExpenses": 641000000,
    "costAndExpenses": 1386000000,
    "interestIncome": 0,
    "interestExpense": 0,
    "depreciationAndAmortization": 62000000,
    "ebitda": 454000000,
    "ebitdaratio": 0.2553430821,
    "operatingIncome": 392000000,
    "operatingIncomeRatio": 0.2204724409,
    "totalOtherIncomeExpensesNet": -81000000,
    "incomeBeforeTax": 311000000,
    "incomeBeforeTaxRatio": 0.1749156355,
    "incomeTaxExpense": 107000000,
    "netIncome": 204000000,
    "netIncomeRatio": 0.114735658,
    "eps": 0.48,
    "epsdiluted": 0.47,
    "weightedAverageShsOut": 421000000,
    "weightedAverageShsOutDil": 431000000,
    "link": "https://www.sec.gov/Archives/edgar/data/16732/000089322000001403/0000893220-00-001403-index.htm",
    "finalLink": "https://www.sec.gov/Archives/edgar/data/16732/000089322000001403/w43461e10-q.txt"
  },
  {
    "date": "2000-07-30",
    "symbol": "CPB",
    "reportedCurrency": "USD",
    "cik": "0000016732",
    "fillingDate": "2000-10-19",
    "acceptedDate": "2000-10-19 00:00:00",
    "calendarYear": "2000",
    "period": "Q4",
    "revenue": 1189000000,
    "costOfRevenue": 580000000,
    "grossProfit": 609000000,
    "grossProfitRatio": 0.512195122,
    "researchAndDevelopmentExpenses": 19000000,
    "generalAndAdministrativeExpenses": 0,
    "sellingAndMarketingExpenses": 0,
    "sellingGeneralAndAdministrativeExpenses": 422000000,
    "otherExpenses": 62000000,
    "operatingExpenses": 503000000,
    "costAndExpenses": 1083000000,
    "interestIncome": 0,
    "interestExpense": 0,
    "depreciationAndAmortization": 62000000,
    "ebitda": 168000000,
    "ebitdaratio": 0.1412952061,
    "operatingIncome": 106000000,
    "operatingIncomeRatio": 0.0891505467,
    "totalOtherIncomeExpensesNet": -17000000,
    "incomeBeforeTax": 89000000,
    "incomeBeforeTaxRatio": 0.0748528175,
    "incomeTaxExpense": 30000000,
    "netIncome": 59000000,
    "netIncomeRatio": 0.0496215307,
    "eps": 0.14,
    "epsdiluted": 0.14,
    "weightedAverageShsOut": 425000000,
    "weightedAverageShsOutDil": 432000000,
    "link": "https://www.sec.gov/Archives/edgar/data/16732/000089322000001156/0000893220-00-001156-index.htm",
    "finalLink": "https://www.sec.gov/Archives/edgar/data/16732/000089322000001156/w41477e10-k405.txt"
  },
  {
    "date": "2000-04-30",
    "symbol": "CPB",
    "reportedCurrency": "USD",
    "cik": "0000016732",
    "fillingDate": "2000-06-13",
    "acceptedDate": "2000-06-13 00:00:00",
    "calendarYear": "2000",
    "period": "Q3",
    "revenue": 1394000000,
    "costOfRevenue": 598000000,
    "grossProfit": 796000000,
    "grossProfitRatio": 0.5710186514,
    "researchAndDevelopmentExpenses": 14000000,
    "generalAndAdministrativeExpenses": 0,
    "sellingAndMarketingExpenses": 0,
    "sellingGeneralAndAdministrativeExpenses": 457000000,
    "otherExpenses": 66000000,
    "operatingExpenses": 537000000,
    "costAndExpenses": 1135000000,
    "interestIncome": 0,
    "interestExpense": 0,
    "depreciationAndAmortization": 66000000,
    "ebitda": 325000000,
    "ebitdaratio": 0.2331420373,
    "operatingIncome": 259000000,
    "operatingIncomeRatio": 0.1857962697,
    "totalOtherIncomeExpensesNet": -59000000,
    "incomeBeforeTax": 200000000,
    "incomeBeforeTaxRatio": 0.143472023,
    "incomeTaxExpense": 61000000,
    "netIncome": 139000000,
    "netIncomeRatio": 0.099713056,
    "eps": 0.33,
    "epsdiluted": 0.32,
    "weightedAverageShsOut": 423000000,
    "weightedAverageShsOutDil": 432000000,
    "link": "https://www.sec.gov/Archives/edgar/data/16732/000089322000000758/0000893220-00-000758-index.htm",
    "finalLink": "https://www.sec.gov/Archives/edgar/data/16732/000089322000000758/0000893220-00-000758-0001.txt"
  },
  {
    "date": "2000-01-30",
    "symbol": "CPB",
    "reportedCurrency": "USD",
    "cik": "0000016732",
    "fillingDate": "2000-03-15",
    "acceptedDate": "2000-03-15 00:00:00",
    "calendarYear": "2000",
    "period": "Q2",
    "revenue": 1916000000,
    "costOfRevenue": 787000000,
    "grossProfit": 1129000000,
    "grossProfitRatio": 0.5892484342,
    "researchAndDevelopmentExpenses": 15000000,
    "generalAndAdministrativeExpenses": 0,
    "sellingAndMarketingExpenses": 0,
    "sellingGeneralAndAdministrativeExpenses": 551000000,
    "otherExpenses": 61000000,
    "operatingExpenses": 627000000,
    "costAndExpenses": 1414000000,
    "interestIncome": 0,
    "interestExpense": 0,
    "depreciationAndAmortization": 61000000,
    "ebitda": 563000000,
    "ebitdaratio": 0.2938413361,
    "operatingIncome": 502000000,
    "operatingIncomeRatio": 0.2620041754,
    "totalOtherIncomeExpensesNet": -79000000,
    "incomeBeforeTax": 423000000,
    "incomeBeforeTaxRatio": 0.2207724426,
    "incomeTaxExpense": 142000000,
    "netIncome": 281000000,
    "netIncomeRatio": 0.1466597077,
    "eps": 0.66,
    "epsdiluted": 0.65,
    "weightedAverageShsOut": 427000000,
    "weightedAverageShsOutDil": 431000000,
    "link": "https://www.sec.gov/Archives/edgar/data/16732/000089322000000279/0000893220-00-000279-index.html",
    "finalLink": "https://www.sec.gov/Archives/edgar/data/16732/000089322000000279/"
  },
  {
    "date": "1999-10-31",
    "symbol": "CPB",
    "reportedCurrency": "USD",
    "cik": "0000016732",
    "fillingDate": "1999-12-14",
    "acceptedDate": "1999-12-14 00:00:00",
    "calendarYear": "2000",
    "period": "Q1",
    "revenue": 1768000000,
    "costOfRevenue": 747000000,
    "grossProfit": 1021000000,
    "grossProfitRatio": 0.5774886878,
    "researchAndDevelopmentExpenses": 16000000,
    "generalAndAdministrativeExpenses": 0,
    "sellingAndMarketingExpenses": 0,
    "sellingGeneralAndAdministrativeExpenses": 511000000,
    "otherExpenses": 62000000,
    "operatingExpenses": 589000000,
    "costAndExpenses": 1336000000,
    "interestIncome": 0,
    "interestExpense": 0,
    "depreciationAndAmortization": 62000000,
    "ebitda": 494000000,
    "ebitdaratio": 0.2794117647,
    "operatingIncome": 432000000,
    "operatingIncomeRatio": 0.2443438914,
    "totalOtherIncomeExpensesNet": -67000000,
    "incomeBeforeTax": 365000000,
    "incomeBeforeTaxRatio": 0.2064479638,
    "incomeTaxExpense": 130000000,
    "netIncome": 235000000,
    "netIncomeRatio": 0.132918552,
    "eps": 0.55,
    "epsdiluted": 0.54,
    "weightedAverageShsOut": 429000000,
    "weightedAverageShsOutDil": 433000000,
    "link": "https://www.sec.gov/Archives/edgar/data/16732/000089322099001356/0000893220-99-001356-index.html",
    "finalLink": "https://www.sec.gov/Archives/edgar/data/16732/000089322099001356/"
  },
  {
    "date": "1999-08-01",
    "symbol": "CPB",
    "reportedCurrency": "USD",
    "cik": "0000016732",
    "fillingDate": "1999-10-12",
    "acceptedDate": "1999-10-12 00:00:00",
    "calendarYear": "1999",
    "period": "Q4",
    "revenue": 1296000000,
    "costOfRevenue": 628000000,
    "grossProfit": 668000000,
    "grossProfitRatio": 0.5154320988,
    "researchAndDevelopmentExpenses": 18000000,
    "generalAndAdministrativeExpenses": 0,
    "sellingAndMarketingExpenses": 0,
    "sellingGeneralAndAdministrativeExpenses": 416000000,
    "otherExpenses": 64000000,
    "operatingExpenses": 498000000,
    "costAndExpenses": 1126000000,
    "interestIncome": 0,
    "interestExpense": 0,
    "depreciationAndAmortization": 64000000,
    "ebitda": 234000000,
    "ebitdaratio": 0.1805555556,
    "operatingIncome": 170000000,
    "operatingIncomeRatio": 0.1311728395,
    "totalOtherIncomeExpensesNet": -46000000,
    "incomeBeforeTax": 124000000,
    "incomeBeforeTaxRatio": 0.0956790123,
    "incomeTaxExpense": 45000000,
    "netIncome": 79000000,
    "netIncomeRatio": 0.0609567901,
    "eps": 0.18,
    "epsdiluted": 0.18,
    "weightedAverageShsOut": 441000000,
    "weightedAverageShsOutDil": 445000000,
    "link": "https://www.sec.gov/Archives/edgar/data/16732/000089322099001156/0000893220-99-001156-index.html",
    "finalLink": "https://www.sec.gov/Archives/edgar/data/16732/000089322099001156/"
  },
  {
    "date": "1999-05-02",
    "symbol": "CPB",
    "reportedCurrency": "USD",
    "cik": "0000016732",
    "fillingDate": "1999-06-16",
    "acceptedDate": "1999-06-16 00:00:00",
    "calendarYear": "1999",
    "period": "Q3",
    "revenue": 1492000000,
    "costOfRevenue": 662000000,
    "grossProfit": 830000000,
    "grossProfitRatio": 0.5563002681,
    "researchAndDevelopmentExpenses": 15000000,
    "generalAndAdministrativeExpenses": 0,
    "sellingAndMarketingExpenses": 0,
    "sellingGeneralAndAdministrativeExpenses": 439000000,
    "otherExpenses": 68000000,
    "operatingExpenses": 522000000,
    "costAndExpenses": 1184000000,
    "interestIncome": 0,
    "interestExpense": 0,
    "depreciationAndAmortization": 68000000,
    "ebitda": 376000000,
    "ebitdaratio": 0.2520107239,
    "operatingIncome": 308000000,
    "operatingIncomeRatio": 0.2064343164,
    "totalOtherIncomeExpensesNet": -67000000,
    "incomeBeforeTax": 241000000,
    "incomeBeforeTaxRatio": 0.1615281501,
    "incomeTaxExpense": 79000000,
    "netIncome": 162000000,
    "netIncomeRatio": 0.1085790885,
    "eps": 0.37,
    "epsdiluted": 0.37,
    "weightedAverageShsOut": 438000000,
    "weightedAverageShsOutDil": 443000000,
    "link": "https://www.sec.gov/Archives/edgar/data/16732/000089322099000748/0000893220-99-000748-index.html",
    "finalLink": "https://www.sec.gov/Archives/edgar/data/16732/000089322099000748/"
  },
  {
    "date": "1999-01-31",
    "symbol": "CPB",
    "reportedCurrency": "USD",
    "cik": "0000016732",
    "fillingDate": "1999-03-17",
    "acceptedDate": "1999-03-17 00:00:00",
    "calendarYear": "1999",
    "period": "Q2",
    "revenue": 1832000000,
    "costOfRevenue": 792000000,
    "grossProfit": 1040000000,
    "grossProfitRatio": 0.5676855895,
    "researchAndDevelopmentExpenses": 17000000,
    "generalAndAdministrativeExpenses": 0,
    "sellingAndMarketingExpenses": 0,
    "sellingGeneralAndAdministrativeExpenses": 585000000,
    "otherExpenses": 64000000,
    "operatingExpenses": 666000000,
    "costAndExpenses": 1458000000,
    "interestIncome": 0,
    "interestExpense": 0,
    "depreciationAndAmortization": 64000000,
    "ebitda": 438000000,
    "ebitdaratio": 0.2390829694,
    "operatingIncome": 374000000,
    "operatingIncomeRatio": 0.2041484716,
    "totalOtherIncomeExpensesNet": -45000000,
    "incomeBeforeTax": 329000000,
    "incomeBeforeTaxRatio": 0.1795851528,
    "incomeTaxExpense": 110000000,
    "netIncome": 219000000,
    "netIncomeRatio": 0.1195414847,
    "eps": 0.49,
    "epsdiluted": 0.49,
    "weightedAverageShsOut": 444000000,
    "weightedAverageShsOutDil": 449000000,
    "link": "https://www.sec.gov/Archives/edgar/data/16732/000089322099000335/0000893220-99-000335-index.html",
    "finalLink": "https://www.sec.gov/Archives/edgar/data/16732/"
  },
  {
    "date": "1998-11-01",
    "symbol": "CPB",
    "reportedCurrency": "USD",
    "cik": "0000016732",
    "fillingDate": "1998-12-16",
    "acceptedDate": "1998-12-16 00:00:00",
    "calendarYear": "1999",
    "period": "Q1",
    "revenue": 1804000000,
    "costOfRevenue": 771000000,
    "grossProfit": 1033000000,
    "grossProfitRatio": 0.572616408,
    "researchAndDevelopmentExpenses": 16000000,
    "generalAndAdministrativeExpenses": 0,
    "sellingAndMarketingExpenses": 0,
    "sellingGeneralAndAdministrativeExpenses": 498000000,
    "otherExpenses": 59000000,
    "operatingExpenses": 573000000,
    "costAndExpenses": 1344000000,
    "interestIncome": 0,
    "interestExpense": 0,
    "depreciationAndAmortization": 59000000,
    "ebitda": 519000000,
    "ebitdaratio": 0.2876940133,
    "operatingIncome": 460000000,
    "operatingIncomeRatio": 0.2549889135,
    "totalOtherIncomeExpensesNet": -57000000,
    "incomeBeforeTax": 403000000,
    "incomeBeforeTaxRatio": 0.2233924612,
    "incomeTaxExpense": 139000000,
    "netIncome": 264000000,
    "netIncomeRatio": 0.1463414634,
    "eps": 0.59,
    "epsdiluted": 0.58,
    "weightedAverageShsOut": 448000000,
    "weightedAverageShsOutDil": 454000000,
    "link": "https://www.sec.gov/Archives/edgar/data/16732/000089322098001865/0000893220-98-001865-index.html",
    "finalLink": "https://www.sec.gov/Archives/edgar/data/16732/"
  },
  {
    "date": "1998-08-02",
    "symbol": "CPB",
    "reportedCurrency": "USD",
    "cik": "0000016732",
    "fillingDate": "1998-10-09",
    "acceptedDate": "1998-10-09 00:00:00",
    "calendarYear": "1998",
    "period": "Q4",
    "revenue": 1299000000,
    "costOfRevenue": 603000000,
    "grossProfit": 696000000,
    "grossProfitRatio": 0.5357967667,
    "researchAndDevelopmentExpenses": 19000000,
    "generalAndAdministrativeExpenses": 0,
    "sellingAndMarketingExpenses": 0,
    "sellingGeneralAndAdministrativeExpenses": 348000000,
    "otherExpenses": 60000000,
    "operatingExpenses": 427000000,
    "costAndExpenses": 1030000000,
    "interestIncome": 0,
    "interestExpense": 0,
    "depreciationAndAmortization": 60000000,
    "ebitda": 329000000,
    "ebitdaratio": 0.2532717475,
    "operatingIncome": 269000000,
    "operatingIncomeRatio": 0.2070823711,
    "totalOtherIncomeExpensesNet": 6000000,
    "incomeBeforeTax": 275000000,
    "incomeBeforeTaxRatio": 0.2117013087,
    "incomeTaxExpense": 93000000,
    "netIncome": 182000000,
    "netIncomeRatio": 0.1401077752,
    "eps": 0.4,
    "epsdiluted": 0.4,
    "weightedAverageShsOut": 454000000,
    "weightedAverageShsOutDil": 460000000,
    "link": "https://www.sec.gov/Archives/edgar/data/16732/000089322098001607/0000893220-98-001607-index.html",
    "finalLink": "https://www.sec.gov/Archives/edgar/data/16732/"
  },
  {
    "date": "1998-05-03",
    "symbol": "CPB",
    "reportedCurrency": "USD",
    "cik": "0000016732",
    "fillingDate": "1998-06-17",
    "acceptedDate": "1998-06-17 00:00:00",
    "calendarYear": "1998",
    "period": "Q3",
    "revenue": 1572000000,
    "costOfRevenue": 730000000,
    "grossProfit": 842000000,
    "grossProfitRatio": 0.5356234097,
    "researchAndDevelopmentExpenses": 18000000,
    "generalAndAdministrativeExpenses": 0,
    "sellingAndMarketingExpenses": 0,
    "sellingGeneralAndAdministrativeExpenses": 481000000,
    "otherExpenses": 45000000,
    "operatingExpenses": 544000000,
    "costAndExpenses": 1274000000,
    "interestIncome": 0,
    "interestExpense": 0,
    "depreciationAndAmortization": 68000000,
    "ebitda": 366000000,
    "ebitdaratio": 0.2328244275,
    "operatingIncome": 298000000,
    "operatingIncomeRatio": 0.18956743,
    "totalOtherIncomeExpensesNet": -327000000,
    "incomeBeforeTax": -29000000,
    "incomeBeforeTaxRatio": -0.0184478372,
    "incomeTaxExpense": 7000000,
    "netIncome": -90000000,
    "netIncomeRatio": -0.0572519084,
    "eps": -0.2,
    "epsdiluted": -0.2,
    "weightedAverageShsOut": 453000000,
    "weightedAverageShsOutDil": 453000000,
    "link": "https://www.sec.gov/Archives/edgar/data/16732/000089322098001112/0000893220-98-001112-index.html",
    "finalLink": "https://www.sec.gov/Archives/edgar/data/16732/"
  },
  {
    "date": "1998-02-01",
    "symbol": "CPB",
    "reportedCurrency": "USD",
    "cik": "0000016732",
    "fillingDate": "1998-02-25",
    "acceptedDate": "1998-02-25 00:00:00",
    "calendarYear": "1998",
    "period": "Q2",
    "revenue": 2012000000,
    "costOfRevenue": 889000000,
    "grossProfit": 1123000000,
    "grossProfitRatio": 0.5581510934,
    "researchAndDevelopmentExpenses": 16000000,
    "generalAndAdministrativeExpenses": 0,
    "sellingAndMarketingExpenses": 0,
    "sellingGeneralAndAdministrativeExpenses": 539000000,
    "otherExpenses": 66000000,
    "operatingExpenses": 621000000,
    "costAndExpenses": 1510000000,
    "interestIncome": 0,
    "interestExpense": 0,
    "depreciationAndAmortization": 65000000,
    "ebitda": 567000000,
    "ebitdaratio": 0.2818091451,
    "operatingIncome": 502000000,
    "operatingIncomeRatio": 0.2495029821,
    "totalOtherIncomeExpensesNet": -59000000,
    "incomeBeforeTax": 443000000,
    "incomeBeforeTaxRatio": 0.2201789264,
    "incomeTaxExpense": 152000000,
    "netIncome": 300000000,
    "netIncomeRatio": 0.1491053678,
    "eps": 0.66,
    "epsdiluted": 0.65,
    "weightedAverageShsOut": 457000000,
    "weightedAverageShsOutDil": 462000000,
    "link": "https://www.sec.gov/Archives/edgar/data/16732/000089322098000443/0000893220-98-000443-index.html",
    "finalLink": "https://www.sec.gov/Archives/edgar/data/16732/"
  },
  {
    "date": "1997-11-02",
    "symbol": "CPB",
    "reportedCurrency": "USD",
    "cik": "0000016732",
    "fillingDate": "1997-12-17",
    "acceptedDate": "1997-12-17 00:00:00",
    "calendarYear": "1998",
    "period": "Q1",
    "revenue": 1813000000,
    "costOfRevenue": 825000000,
    "grossProfit": 988000000,
    "grossProfitRatio": 0.5449531164,
    "researchAndDevelopmentExpenses": 17000000,
    "generalAndAdministrativeExpenses": 0,
    "sellingAndMarketingExpenses": 0,
    "sellingGeneralAndAdministrativeExpenses": 451000000,
    "otherExpenses": 68000000,
    "operatingExpenses": 536000000,
    "costAndExpenses": 1361000000,
    "interestIncome": 0,
    "interestExpense": 0,
    "depreciationAndAmortization": 68000000,
    "ebitda": 520000000,
    "ebitdaratio": 0.2868174297,
    "operatingIncome": 452000000,
    "operatingIncomeRatio": 0.249310535,
    "totalOtherIncomeExpensesNet": -68000000,
    "incomeBeforeTax": 384000000,
    "incomeBeforeTaxRatio": 0.2118036404,
    "incomeTaxExpense": 132000000,
    "netIncome": 267000000,
    "netIncomeRatio": 0.1472697187,
    "eps": 0.58,
    "epsdiluted": 0.57,
    "weightedAverageShsOut": 458000000,
    "weightedAverageShsOutDil": 464000000,
    "link": "https://www.sec.gov/Archives/edgar/data/16732/000089322097001950/0000893220-97-001950-index.html",
    "finalLink": "https://www.sec.gov/Archives/edgar/data/16732/"
  },
  {
    "date": "1997-08-03",
    "symbol": "CPB",
    "reportedCurrency": "USD",
    "cik": "0000016732",
    "fillingDate": "1997-10-23",
    "acceptedDate": "1997-10-23 00:00:00",
    "calendarYear": "1997",
    "period": "Q4",
    "revenue": 1725000000,
    "costOfRevenue": 912000000,
    "grossProfit": 813000000,
    "grossProfitRatio": 0.4713043478,
    "researchAndDevelopmentExpenses": 22000000,
    "generalAndAdministrativeExpenses": 0,
    "sellingAndMarketingExpenses": 0,
    "sellingGeneralAndAdministrativeExpenses": 402000000,
    "otherExpenses": 78000000,
    "operatingExpenses": 502000000,
    "costAndExpenses": 1414000000,
    "interestIncome": 0,
    "interestExpense": 0,
    "depreciationAndAmortization": 78000000,
    "ebitda": 389000000,
    "ebitdaratio": 0.2255072464,
    "operatingIncome": 311000000,
    "operatingIncomeRatio": 0.1802898551,
    "totalOtherIncomeExpensesNet": -21000000,
    "incomeBeforeTax": 290000000,
    "incomeBeforeTaxRatio": 0.168115942,
    "incomeTaxExpense": 98000000,
    "netIncome": 192000000,
    "netIncomeRatio": 0.1113043478,
    "eps": 0.41,
    "epsdiluted": 0.4,
    "weightedAverageShsOut": 472000000,
    "weightedAverageShsOutDil": 478000000,
    "link": "https://www.sec.gov/Archives/edgar/data/16732/000089322097001690/0000893220-97-001690-index.html",
    "finalLink": "https://www.sec.gov/Archives/edgar/data/16732/"
  },
  {
    "date": "1997-04-27",
    "symbol": "CPB",
    "reportedCurrency": "USD",
    "cik": "0000016732",
    "fillingDate": "1997-06-12",
    "acceptedDate": "1997-06-12 00:00:00",
    "calendarYear": "1997",
    "period": "Q3",
    "revenue": 1541000000,
    "costOfRevenue": 719000000,
    "grossProfit": 822000000,
    "grossProfitRatio": 0.5334198572,
    "researchAndDevelopmentExpenses": 16000000,
    "generalAndAdministrativeExpenses": 0,
    "sellingAndMarketingExpenses": 0,
    "sellingGeneralAndAdministrativeExpenses": 419000000,
    "otherExpenses": 90000000,
    "operatingExpenses": 525000000,
    "costAndExpenses": 1244000000,
    "interestIncome": 0,
    "interestExpense": 0,
    "depreciationAndAmortization": 59000000,
    "ebitda": 356000000,
    "ebitdaratio": 0.2310188189,
    "operatingIncome": 297000000,
    "operatingIncomeRatio": 0.1927319922,
    "totalOtherIncomeExpensesNet": -82000000,
    "incomeBeforeTax": 215000000,
    "incomeBeforeTaxRatio": 0.1395197923,
    "incomeTaxExpense": 73000000,
    "netIncome": 157000000,
    "netIncomeRatio": 0.1018818949,
    "eps": 0.34,
    "epsdiluted": 0.33,
    "weightedAverageShsOut": 464000000,
    "weightedAverageShsOutDil": 470000000,
    "link": "https://www.sec.gov/Archives/edgar/data/16732/000089322097001133/0000893220-97-001133-index.html",
    "finalLink": "https://www.sec.gov/Archives/edgar/data/16732/"
  },
  {
    "date": "1997-01-26",
    "symbol": "CPB",
    "reportedCurrency": "USD",
    "cik": "0000016732",
    "fillingDate": "1997-03-11",
    "acceptedDate": "1997-03-11 00:00:00",
    "calendarYear": "1997",
    "period": "Q2",
    "revenue": 2317000000,
    "costOfRevenue": 1146000000,
    "grossProfit": 1171000000,
    "grossProfitRatio": 0.5053949072,
    "researchAndDevelopmentExpenses": 19000000,
    "generalAndAdministrativeExpenses": 0,
    "sellingAndMarketingExpenses": 0,
    "sellingGeneralAndAdministrativeExpenses": 579000000,
    "otherExpenses": 81000000,
    "operatingExpenses": 679000000,
    "costAndExpenses": 1825000000,
    "interestIncome": 0,
    "interestExpense": 0,
    "depreciationAndAmortization": 81000000,
    "ebitda": 573000000,
    "ebitdaratio": 0.2473025464,
    "operatingIncome": 492000000,
    "operatingIncomeRatio": 0.2123435477,
    "totalOtherIncomeExpensesNet": -74000000,
    "incomeBeforeTax": 418000000,
    "incomeBeforeTaxRatio": 0.180405697,
    "incomeTaxExpense": 142000000,
    "netIncome": 276000000,
    "netIncomeRatio": 0.1191195511,
    "eps": 0.59,
    "epsdiluted": 0.59,
    "weightedAverageShsOut": 466000000,
    "weightedAverageShsOutDil": 466000000,
    "link": "https://www.sec.gov/Archives/edgar/data/16732/000089322097000521/0000893220-97-000521-index.html",
    "finalLink": "https://www.sec.gov/Archives/edgar/data/16732/"
  },
  {
    "date": "1996-10-27",
    "symbol": "CPB",
    "reportedCurrency": "USD",
    "cik": "0000016732",
    "fillingDate": "1996-12-11",
    "acceptedDate": "1996-12-11 00:00:00",
    "calendarYear": "1997",
    "period": "Q1",
    "revenue": 2052000000,
    "costOfRevenue": 1033000000,
    "grossProfit": 1019000000,
    "grossProfitRatio": 0.496588694,
    "researchAndDevelopmentExpenses": 18000000,
    "generalAndAdministrativeExpenses": 0,
    "sellingAndMarketingExpenses": 0,
    "sellingGeneralAndAdministrativeExpenses": 479000000,
    "otherExpenses": 79000000,
    "operatingExpenses": 576000000,
    "costAndExpenses": 1609000000,
    "interestIncome": 0,
    "interestExpense": 0,
    "depreciationAndAmortization": 79000000,
    "ebitda": 522000000,
    "ebitdaratio": 0.2543859649,
    "operatingIncome": 443000000,
    "operatingIncomeRatio": 0.2158869396,
    "totalOtherIncomeExpensesNet": -283000000,
    "incomeBeforeTax": 160000000,
    "incomeBeforeTaxRatio": 0.0779727096,
    "incomeTaxExpense": 72000000,
    "netIncome": 88000000,
    "netIncomeRatio": 0.0428849903,
    "eps": 0.18,
    "epsdiluted": 0.18,
    "weightedAverageShsOut": 492000000,
    "weightedAverageShsOutDil": 492000000,
    "link": "https://www.sec.gov/Archives/edgar/data/16732/000089322096002024/0000893220-96-002024-index.html",
    "finalLink": "https://www.sec.gov/Archives/edgar/data/16732/"
  },
  {
    "date": "1996-07-28",
    "symbol": "CPB",
    "reportedCurrency": "USD",
    "cik": "0000016732",
    "fillingDate": "1996-10-15",
    "acceptedDate": "1996-10-15 00:00:00",
    "calendarYear": "1996",
    "period": "Q4",
    "revenue": 1640000000,
    "costOfRevenue": 881000000,
    "grossProfit": 759000000,
    "grossProfitRatio": 0.462804878,
    "researchAndDevelopmentExpenses": 23000000,
    "generalAndAdministrativeExpenses": 0,
    "sellingAndMarketingExpenses": 0,
    "sellingGeneralAndAdministrativeExpenses": 403000000,
    "otherExpenses": 85000000,
    "operatingExpenses": 511000000,
    "costAndExpenses": 1392000000,
    "interestIncome": 0,
    "interestExpense": 0,
    "depreciationAndAmortization": 85000000,
    "ebitda": 333000000,
    "ebitdaratio": 0.2030487805,
    "operatingIncome": 248000000,
    "operatingIncomeRatio": 0.1512195122,
    "totalOtherIncomeExpensesNet": 21000000,
    "incomeBeforeTax": 269000000,
    "incomeBeforeTaxRatio": 0.1640243902,
    "incomeTaxExpense": 88000000,
    "netIncome": 181000000,
    "netIncomeRatio": 0.1103658537,
    "eps": 0.36,
    "epsdiluted": 0.36,
    "weightedAverageShsOut": 498000000,
    "weightedAverageShsOutDil": 503000000,
    "link": "https://www.sec.gov/Archives/edgar/data/16732/000089322096001701/0000893220-96-001701-index.html",
    "finalLink": "https://www.sec.gov/Archives/edgar/data/16732/"
  },
  {
    "date": "1996-04-28",
    "symbol": "CPB",
    "reportedCurrency": "USD",
    "cik": "0000016732",
    "fillingDate": "1996-06-12",
    "acceptedDate": "1996-06-12 00:00:00",
    "calendarYear": "1996",
    "period": "Q3",
    "revenue": 1831000000,
    "costOfRevenue": 979000000,
    "grossProfit": 852000000,
    "grossProfitRatio": 0.4653194975,
    "researchAndDevelopmentExpenses": 20000000,
    "generalAndAdministrativeExpenses": 0,
    "sellingAndMarketingExpenses": 0,
    "sellingGeneralAndAdministrativeExpenses": 483000000,
    "otherExpenses": 82000000,
    "operatingExpenses": 585000000,
    "costAndExpenses": 1564000000,
    "interestIncome": 0,
    "interestExpense": 0,
    "depreciationAndAmortization": 82000000,
    "ebitda": 349000000,
    "ebitdaratio": 0.1906062261,
    "operatingIncome": 267000000,
    "operatingIncomeRatio": 0.1458219552,
    "totalOtherIncomeExpensesNet": -50000000,
    "incomeBeforeTax": 217000000,
    "incomeBeforeTaxRatio": 0.118514473,
    "incomeTaxExpense": 72000000,
    "netIncome": 145000000,
    "netIncomeRatio": 0.0791916985,
    "eps": 0.29,
    "epsdiluted": 0.29,
    "weightedAverageShsOut": 498000000,
    "weightedAverageShsOutDil": 498000000,
    "link": "https://www.sec.gov/Archives/edgar/data/16732/000089322096000962/0000893220-96-000962-index.html",
    "finalLink": "https://www.sec.gov/Archives/edgar/data/16732/"
  },
  {
    "date": "1996-01-28",
    "symbol": "CPB",
    "reportedCurrency": "USD",
    "cik": "0000016732",
    "fillingDate": "1996-03-11",
    "acceptedDate": "1996-03-11 00:00:00",
    "calendarYear": "1996",
    "period": "Q2",
    "revenue": 2217000000,
    "costOfRevenue": 1166000000,
    "grossProfit": 1051000000,
    "grossProfitRatio": 0.4740640505,
    "researchAndDevelopmentExpenses": 21000000,
    "generalAndAdministrativeExpenses": 0,
    "sellingAndMarketingExpenses": 0,
    "sellingGeneralAndAdministrativeExpenses": 514000000,
    "otherExpenses": 81000000,
    "operatingExpenses": 616000000,
    "costAndExpenses": 1782000000,
    "interestIncome": 0,
    "interestExpense": 0,
    "depreciationAndAmortization": 81000000,
    "ebitda": 516000000,
    "ebitdaratio": 0.2327469553,
    "operatingIncome": 435000000,
    "operatingIncomeRatio": 0.1962110961,
    "totalOtherIncomeExpensesNet": -51000000,
    "incomeBeforeTax": 384000000,
    "incomeBeforeTaxRatio": 0.1732070365,
    "incomeTaxExpense": 126000000,
    "netIncome": 258000000,
    "netIncomeRatio": 0.1163734777,
    "eps": 0.52,
    "epsdiluted": 0.52,
    "weightedAverageShsOut": 498000000,
    "weightedAverageShsOutDil": 498000000,
    "link": "https://www.sec.gov/Archives/edgar/data/16732/000089322096000432/0000893220-96-000432-index.html",
    "finalLink": "https://www.sec.gov/Archives/edgar/data/16732/"
  },
  {
    "date": "1995-10-29",
    "symbol": "CPB",
    "reportedCurrency": "USD",
    "cik": "0000016732",
    "fillingDate": "1995-12-12",
    "acceptedDate": "1995-12-12 00:00:00",
    "calendarYear": "1996",
    "period": "Q1",
    "revenue": 1990000000,
    "costOfRevenue": 1065000000,
    "grossProfit": 925000000,
    "grossProfitRatio": 0.4648241206,
    "researchAndDevelopmentExpenses": 20000000,
    "generalAndAdministrativeExpenses": 0,
    "sellingAndMarketingExpenses": 0,
    "sellingGeneralAndAdministrativeExpenses": 441000000,
    "otherExpenses": 78000000,
    "operatingExpenses": 539000000,
    "costAndExpenses": 1604000000,
    "interestIncome": 0,
    "interestExpense": 0,
    "depreciationAndAmortization": 78000000,
    "ebitda": 464000000,
    "ebitdaratio": 0.2331658291,
    "operatingIncome": 386000000,
    "operatingIncomeRatio": 0.1939698492,
    "totalOtherIncomeExpensesNet": -59000000,
    "incomeBeforeTax": 327000000,
    "incomeBeforeTaxRatio": 0.164321608,
    "incomeTaxExpense": 108000000,
    "netIncome": 219000000,
    "netIncomeRatio": 0.1100502513,
    "eps": 0.44,
    "epsdiluted": 0.44,
    "weightedAverageShsOut": 498000000,
    "weightedAverageShsOutDil": 498000000,
    "link": "https://www.sec.gov/Archives/edgar/data/16732/000089322095000880/0000893220-95-000880-index.html",
    "finalLink": "https://www.sec.gov/Archives/edgar/data/16732/"
  }
]