[
  {
    "date": "2025-08-03",
    "symbol": "CPB",
    "reportedCurrency": "USD",
    "cik": "0000016732",
    "fillingDate": "2025-09-18",
    "acceptedDate": "2025-09-18 07:40:12",
    "calendarYear": "2025",
    "period": "FY",
    "revenue": 10253000000,
    "costOfRevenue": 7134000000,
    "grossProfit": 3119000000,
    "grossProfitRatio": 0.3042036477,
    "researchAndDevelopmentExpenses": 100000000,
    "generalAndAdministrativeExpenses": 0,
    "sellingAndMarketingExpenses": 924000000,
    "sellingGeneralAndAdministrativeExpenses": 924000000,
    "otherExpenses": 971000000,
    "operatingExpenses": 1995000000,
    "costAndExpenses": 9129000000,
    "interestIncome": 17000000,
    "interestExpense": 345000000,
    "depreciationAndAmortization": 434000000,
    "ebitda": 1558000000,
    "ebitdaratio": 0.1519555252,
    "operatingIncome": 1124000000,
    "operatingIncomeRatio": 0.1096264508,
    "totalOtherIncomeExpensesNet": -328000000,
    "incomeBeforeTax": 796000000,
    "incomeBeforeTaxRatio": 0.0776358139,
    "incomeTaxExpense": 194000000,
    "netIncome": 602000000,
    "netIncomeRatio": 0.0587145226,
    "eps": 2.02,
    "epsdiluted": 2.01,
    "weightedAverageShsOut": 298000000,
    "weightedAverageShsOutDil": 300000000,
    "link": "https://www.sec.gov/Archives/edgar/data/16732/000001673225000112/0000016732-25-000112-index.htm",
    "finalLink": "https://www.sec.gov/Archives/edgar/data/16732/000001673225000112/cpb-20250803.htm"
  },
  {
    "date": "2024-07-28",
    "symbol": "CPB",
    "reportedCurrency": "USD",
    "cik": "0000016732",
    "fillingDate": "2024-09-19",
    "acceptedDate": "2024-09-19 07:21:47",
    "calendarYear": "2024",
    "period": "FY",
    "revenue": 9636000000,
    "costOfRevenue": 6665000000,
    "grossProfit": 2971000000,
    "grossProfitRatio": 0.3083229556,
    "researchAndDevelopmentExpenses": 102000000,
    "generalAndAdministrativeExpenses": 737000000,
    "sellingAndMarketingExpenses": 833000000,
    "sellingGeneralAndAdministrativeExpenses": 1570000000,
    "otherExpenses": 73000000,
    "operatingExpenses": 1745000000,
    "costAndExpenses": 8321000000,
    "interestIncome": 6000000,
    "interestExpense": 249000000,
    "depreciationAndAmortization": 411000000,
    "ebitda": 1411000000,
    "ebitdaratio": 0.146430054,
    "operatingIncome": 1315000000,
    "operatingIncomeRatio": 0.1364674139,
    "totalOtherIncomeExpensesNet": -558000000,
    "incomeBeforeTax": 757000000,
    "incomeBeforeTaxRatio": 0.0785595683,
    "incomeTaxExpense": 190000000,
    "netIncome": 567000000,
    "netIncomeRatio": 0.0588418431,
    "eps": 1.9,
    "epsdiluted": 1.89,
    "weightedAverageShsOut": 300000000,
    "weightedAverageShsOutDil": 300000000,
    "link": "https://www.sec.gov/Archives/edgar/data/16732/000001673224000130/0000016732-24-000130-index.htm",
    "finalLink": "https://www.sec.gov/Archives/edgar/data/16732/000001673224000130/cpb-20240728.htm"
  },
  {
    "date": "2023-07-30",
    "symbol": "CPB",
    "reportedCurrency": "USD",
    "cik": "0000016732",
    "fillingDate": "2023-09-21",
    "acceptedDate": "2023-09-21 07:21:03",
    "calendarYear": "2023",
    "period": "FY",
    "revenue": 9357000000,
    "costOfRevenue": 6440000000,
    "grossProfit": 2917000000,
    "grossProfitRatio": 0.3117452175,
    "researchAndDevelopmentExpenses": 92000000,
    "generalAndAdministrativeExpenses": 654000000,
    "sellingAndMarketingExpenses": 811000000,
    "sellingGeneralAndAdministrativeExpenses": 1465000000,
    "otherExpenses": 48000000,
    "operatingExpenses": 1605000000,
    "costAndExpenses": 8045000000,
    "interestIncome": 4000000,
    "interestExpense": 188000000,
    "depreciationAndAmortization": 387000000,
    "ebitda": 1699000000,
    "ebitdaratio": 0.1815752912,
    "operatingIncome": 1312000000,
    "operatingIncomeRatio": 0.1402158812,
    "totalOtherIncomeExpensesNet": -184000000,
    "incomeBeforeTax": 1128000000,
    "incomeBeforeTaxRatio": 0.1205514588,
    "incomeTaxExpense": 270000000,
    "netIncome": 858000000,
    "netIncomeRatio": 0.0916960564,
    "eps": 2.87,
    "epsdiluted": 2.85,
    "weightedAverageShsOut": 299000000,
    "weightedAverageShsOutDil": 301000000,
    "link": "https://www.sec.gov/Archives/edgar/data/16732/000001673223000109/0000016732-23-000109-index.htm",
    "finalLink": "https://www.sec.gov/Archives/edgar/data/16732/000001673223000109/cpb-20230730.htm"
  },
  {
    "date": "2022-07-31",
    "symbol": "CPB",
    "reportedCurrency": "USD",
    "cik": "0000016732",
    "fillingDate": "2022-09-22",
    "acceptedDate": "2022-09-22 07:55:49",
    "calendarYear": "2022",
    "period": "FY",
    "revenue": 8562000000,
    "costOfRevenue": 5935000000,
    "grossProfit": 2627000000,
    "grossProfitRatio": 0.3068208363,
    "researchAndDevelopmentExpenses": 87000000,
    "generalAndAdministrativeExpenses": 617000000,
    "sellingAndMarketingExpenses": 734000000,
    "sellingGeneralAndAdministrativeExpenses": 1351000000,
    "otherExpenses": -21000000,
    "operatingExpenses": 1417000000,
    "costAndExpenses": 7414000000,
    "interestIncome": 1000000,
    "interestExpense": 189000000,
    "depreciationAndAmortization": 337000000,
    "ebitda": 1500000000,
    "ebitdaratio": 0.175192712,
    "operatingIncome": 1173000000,
    "operatingIncomeRatio": 0.1370007008,
    "totalOtherIncomeExpensesNet": -198000000,
    "incomeBeforeTax": 975000000,
    "incomeBeforeTaxRatio": 0.1138752628,
    "incomeTaxExpense": 218000000,
    "netIncome": 757000000,
    "netIncomeRatio": 0.088413922,
    "eps": 2.51,
    "epsdiluted": 2.51,
    "weightedAverageShsOut": 301000000,
    "weightedAverageShsOutDil": 302000000,
    "link": "https://www.sec.gov/Archives/edgar/data/16732/000001673222000093/0000016732-22-000093-index.htm",
    "finalLink": "https://www.sec.gov/Archives/edgar/data/16732/000001673222000093/cpb-20220731.htm"
  },
  {
    "date": "2021-08-01",
    "symbol": "CPB",
    "reportedCurrency": "USD",
    "cik": "0000016732",
    "fillingDate": "2021-09-23",
    "acceptedDate": "2021-09-23 07:58:14",
    "calendarYear": "2021",
    "period": "FY",
    "revenue": 8476000000,
    "costOfRevenue": 5665000000,
    "grossProfit": 2811000000,
    "grossProfitRatio": 0.3316422841,
    "researchAndDevelopmentExpenses": 84000000,
    "generalAndAdministrativeExpenses": 598000000,
    "sellingAndMarketingExpenses": 817000000,
    "sellingGeneralAndAdministrativeExpenses": 1415000000,
    "otherExpenses": 42000000,
    "operatingExpenses": 1541000000,
    "costAndExpenses": 7206000000,
    "interestIncome": 1000000,
    "interestExpense": 210000000,
    "depreciationAndAmortization": 317000000,
    "ebitda": 1862000000,
    "ebitdaratio": 0.2196790939,
    "operatingIncome": 1235000000,
    "operatingIncomeRatio": 0.1457055215,
    "totalOtherIncomeExpensesNet": 101000000,
    "incomeBeforeTax": 1336000000,
    "incomeBeforeTaxRatio": 0.1576215196,
    "incomeTaxExpense": 328000000,
    "netIncome": 1002000000,
    "netIncomeRatio": 0.1182161397,
    "eps": 3.31,
    "epsdiluted": 3.29,
    "weightedAverageShsOut": 303000000,
    "weightedAverageShsOutDil": 305000000,
    "link": "https://www.sec.gov/Archives/edgar/data/16732/000001673221000103/0000016732-21-000103-index.htm",
    "finalLink": "https://www.sec.gov/Archives/edgar/data/16732/000001673221000103/cpb-20210801.htm"
  },
  {
    "date": "2020-08-02",
    "symbol": "CPB",
    "reportedCurrency": "USD",
    "cik": "0000016732",
    "fillingDate": "2020-09-24",
    "acceptedDate": "2020-09-24 07:47:14",
    "calendarYear": "2020",
    "period": "FY",
    "revenue": 8691000000,
    "costOfRevenue": 5692000000,
    "grossProfit": 2999000000,
    "grossProfitRatio": 0.3450696122,
    "researchAndDevelopmentExpenses": 93000000,
    "generalAndAdministrativeExpenses": 622000000,
    "sellingAndMarketingExpenses": 947000000,
    "sellingGeneralAndAdministrativeExpenses": 1569000000,
    "otherExpenses": 43000000,
    "operatingExpenses": 1705000000,
    "costAndExpenses": 7397000000,
    "interestIncome": 4000000,
    "interestExpense": 345000000,
    "depreciationAndAmortization": 328000000,
    "ebitda": 1435000000,
    "ebitdaratio": 0.1651133356,
    "operatingIncome": 1107000000,
    "operatingIncomeRatio": 0.1273731446,
    "totalOtherIncomeExpensesNet": -341000000,
    "incomeBeforeTax": 766000000,
    "incomeBeforeTaxRatio": 0.0881371534,
    "incomeTaxExpense": 174000000,
    "netIncome": 1628000000,
    "netIncomeRatio": 0.1873202163,
    "eps": 5.39,
    "epsdiluted": 5.36,
    "weightedAverageShsOut": 302000000,
    "weightedAverageShsOutDil": 304000000,
    "link": "https://www.sec.gov/Archives/edgar/data/16732/000001673220000111/0000016732-20-000111-index.htm",
    "finalLink": "https://www.sec.gov/Archives/edgar/data/16732/000001673220000111/cpb-20200802.htm"
  },
  {
    "date": "2019-07-28",
    "symbol": "CPB",
    "reportedCurrency": "USD",
    "cik": "0000016732",
    "fillingDate": "2019-09-26",
    "acceptedDate": "2019-09-26 09:01:36",
    "calendarYear": "2019",
    "period": "FY",
    "revenue": 8107000000,
    "costOfRevenue": 5414000000,
    "grossProfit": 2693000000,
    "grossProfitRatio": 0.3321820649,
    "researchAndDevelopmentExpenses": 91000000,
    "generalAndAdministrativeExpenses": 638000000,
    "sellingAndMarketingExpenses": 842000000,
    "sellingGeneralAndAdministrativeExpenses": 1480000000,
    "otherExpenses": 48000000,
    "operatingExpenses": 1619000000,
    "costAndExpenses": 7033000000,
    "interestIncome": 2000000,
    "interestExpense": 356000000,
    "depreciationAndAmortization": 446000000,
    "ebitda": 1425000000,
    "ebitdaratio": 0.1757740224,
    "operatingIncome": 979000000,
    "operatingIncomeRatio": 0.1207598372,
    "totalOtherIncomeExpensesNet": -354000000,
    "incomeBeforeTax": 625000000,
    "incomeBeforeTaxRatio": 0.0770938695,
    "incomeTaxExpense": 151000000,
    "netIncome": 211000000,
    "netIncomeRatio": 0.0260268903,
    "eps": 0.7,
    "epsdiluted": 0.7,
    "weightedAverageShsOut": 301000000,
    "weightedAverageShsOutDil": 302000000,
    "link": "https://www.sec.gov/Archives/edgar/data/16732/000001673219000070/0000016732-19-000070-index.htm",
    "finalLink": "https://www.sec.gov/Archives/edgar/data/16732/000001673219000070/cpb-7282019x10xk.htm"
  },
  {
    "date": "2018-07-29",
    "symbol": "CPB",
    "reportedCurrency": "USD",
    "cik": "0000016732",
    "fillingDate": "2018-09-27",
    "acceptedDate": "2018-09-27 08:32:50",
    "calendarYear": "2018",
    "period": "FY",
    "revenue": 6615000000,
    "costOfRevenue": 4241000000,
    "grossProfit": 2374000000,
    "grossProfitRatio": 0.3588813303,
    "researchAndDevelopmentExpenses": 91000000,
    "generalAndAdministrativeExpenses": 563000000,
    "sellingAndMarketingExpenses": 728000000,
    "sellingGeneralAndAdministrativeExpenses": 1291000000,
    "otherExpenses": 20000000,
    "operatingExpenses": 1402000000,
    "costAndExpenses": 5643000000,
    "interestIncome": 3000000,
    "interestExpense": 183000000,
    "depreciationAndAmortization": 394000000,
    "ebitda": 1404000000,
    "ebitdaratio": 0.212244898,
    "operatingIncome": 1010000000,
    "operatingIncomeRatio": 0.1526832955,
    "totalOtherIncomeExpensesNet": -180000000,
    "incomeBeforeTax": 830000000,
    "incomeBeforeTaxRatio": 0.1254724112,
    "incomeTaxExpense": 106000000,
    "netIncome": 261000000,
    "netIncomeRatio": 0.0394557823,
    "eps": 0.87,
    "epsdiluted": 0.86,
    "weightedAverageShsOut": 301000000,
    "weightedAverageShsOutDil": 302000000,
    "link": "https://www.sec.gov/Archives/edgar/data/16732/000001673218000062/0000016732-18-000062-index.htm",
    "finalLink": "https://www.sec.gov/Archives/edgar/data/16732/000001673218000062/cpb-7292018x10xk.htm"
  },
  {
    "date": "2017-07-30",
    "symbol": "CPB",
    "reportedCurrency": "USD",
    "cik": "0000016732",
    "fillingDate": "2017-09-27",
    "acceptedDate": "2017-09-27 16:56:36",
    "calendarYear": "2017",
    "period": "FY",
    "revenue": 5837000000,
    "costOfRevenue": 3395000000,
    "grossProfit": 2442000000,
    "grossProfitRatio": 0.4183655988,
    "researchAndDevelopmentExpenses": 93000000,
    "generalAndAdministrativeExpenses": 448000000,
    "sellingAndMarketingExpenses": 675000000,
    "sellingGeneralAndAdministrativeExpenses": 1123000000,
    "otherExpenses": 1000000,
    "operatingExpenses": 1217000000,
    "costAndExpenses": 4612000000,
    "interestIncome": 0,
    "interestExpense": 115000000,
    "depreciationAndAmortization": 318000000,
    "ebitda": 1749000000,
    "ebitdaratio": 0.2996402261,
    "operatingIncome": 1431000000,
    "operatingIncomeRatio": 0.245160185,
    "totalOtherIncomeExpensesNet": -115000000,
    "incomeBeforeTax": 1316000000,
    "incomeBeforeTaxRatio": 0.2254582834,
    "incomeTaxExpense": 392000000,
    "netIncome": 887000000,
    "netIncomeRatio": 0.1519616241,
    "eps": 2.91,
    "epsdiluted": 2.89,
    "weightedAverageShsOut": 305000000,
    "weightedAverageShsOutDil": 307000000,
    "link": "https://www.sec.gov/Archives/edgar/data/16732/000001673217000058/0000016732-17-000058-index.htm",
    "finalLink": "https://www.sec.gov/Archives/edgar/data/16732/000001673217000058/cpb-7302017x10xk.htm"
  },
  {
    "date": "2016-07-31",
    "symbol": "CPB",
    "reportedCurrency": "USD",
    "cik": "0000016732",
    "fillingDate": "2016-09-22",
    "acceptedDate": "2016-09-22 08:31:16",
    "calendarYear": "2016",
    "period": "FY",
    "revenue": 7961000000,
    "costOfRevenue": 5033000000,
    "grossProfit": 2928000000,
    "grossProfitRatio": 0.3677929908,
    "researchAndDevelopmentExpenses": 105000000,
    "generalAndAdministrativeExpenses": 575000000,
    "sellingAndMarketingExpenses": 852000000,
    "sellingGeneralAndAdministrativeExpenses": 1427000000,
    "otherExpenses": 20000000,
    "operatingExpenses": 1552000000,
    "costAndExpenses": 6585000000,
    "interestIncome": 4000000,
    "interestExpense": 115000000,
    "depreciationAndAmortization": 308000000,
    "ebitda": 1268000000,
    "ebitdaratio": 0.1592764728,
    "operatingIncome": 960000000,
    "operatingIncomeRatio": 0.1205878658,
    "totalOtherIncomeExpensesNet": -111000000,
    "incomeBeforeTax": 849000000,
    "incomeBeforeTaxRatio": 0.1066448939,
    "incomeTaxExpense": 286000000,
    "netIncome": 563000000,
    "netIncomeRatio": 0.0707197588,
    "eps": 1.82,
    "epsdiluted": 1.81,
    "weightedAverageShsOut": 309000000,
    "weightedAverageShsOutDil": 311000000,
    "link": "https://www.sec.gov/Archives/edgar/data/16732/000001673216000146/0000016732-16-000146-index.htm",
    "finalLink": "https://www.sec.gov/Archives/edgar/data/16732/000001673216000146/cpb-7312016x10xk.htm"
  },
  {
    "date": "2015-08-02",
    "symbol": "CPB",
    "reportedCurrency": "USD",
    "cik": "0000016732",
    "fillingDate": "2015-09-29",
    "acceptedDate": "2015-09-29 07:40:33",
    "calendarYear": "2015",
    "period": "FY",
    "revenue": 8082000000,
    "costOfRevenue": 5300000000,
    "grossProfit": 2782000000,
    "grossProfitRatio": 0.3442217273,
    "researchAndDevelopmentExpenses": 117000000,
    "generalAndAdministrativeExpenses": 601000000,
    "sellingAndMarketingExpenses": 884000000,
    "sellingGeneralAndAdministrativeExpenses": 1485000000,
    "otherExpenses": 17000000,
    "operatingExpenses": 1619000000,
    "costAndExpenses": 6919000000,
    "interestIncome": 3000000,
    "interestExpense": 108000000,
    "depreciationAndAmortization": 303000000,
    "ebitda": 1357000000,
    "ebitdaratio": 0.1679039842,
    "operatingIncome": 1054000000,
    "operatingIncomeRatio": 0.130413264,
    "totalOtherIncomeExpensesNet": -105000000,
    "incomeBeforeTax": 949000000,
    "incomeBeforeTaxRatio": 0.1174214303,
    "incomeTaxExpense": 283000000,
    "netIncome": 666000000,
    "netIncomeRatio": 0.0824053452,
    "eps": 2.21,
    "epsdiluted": 2.21,
    "weightedAverageShsOut": 312000000,
    "weightedAverageShsOutDil": 313000000,
    "link": "https://www.sec.gov/Archives/edgar/data/16732/000001673215000034/0000016732-15-000034-index.htm",
    "finalLink": "https://www.sec.gov/Archives/edgar/data/16732/000001673215000034/cpb-822015x10k.htm"
  },
  {
    "date": "2014-08-03",
    "symbol": "CPB",
    "reportedCurrency": "USD",
    "cik": "0000016732",
    "fillingDate": "2014-09-24",
    "acceptedDate": "2014-09-24 08:34:06",
    "calendarYear": "2014",
    "period": "FY",
    "revenue": 8268000000,
    "costOfRevenue": 5297000000,
    "grossProfit": 2971000000,
    "grossProfitRatio": 0.3593372037,
    "researchAndDevelopmentExpenses": 122000000,
    "generalAndAdministrativeExpenses": 576000000,
    "sellingAndMarketingExpenses": 929000000,
    "sellingGeneralAndAdministrativeExpenses": 1505000000,
    "otherExpenses": 18000000,
    "operatingExpenses": 1645000000,
    "costAndExpenses": 6942000000,
    "interestIncome": 3000000,
    "interestExpense": 122000000,
    "depreciationAndAmortization": 305000000,
    "ebitda": 1572000000,
    "ebitdaratio": 0.1901306241,
    "operatingIncome": 1267000000,
    "operatingIncomeRatio": 0.1532414127,
    "totalOtherIncomeExpensesNet": -119000000,
    "incomeBeforeTax": 1148000000,
    "incomeBeforeTaxRatio": 0.1388485728,
    "incomeTaxExpense": 374000000,
    "netIncome": 866000000,
    "netIncomeRatio": 0.1047411708,
    "eps": 2.61,
    "epsdiluted": 2.59,
    "weightedAverageShsOut": 314000000,
    "weightedAverageShsOutDil": 316000000,
    "link": "https://www.sec.gov/Archives/edgar/data/16732/000001673214000023/0000016732-14-000023-index.htm",
    "finalLink": "https://www.sec.gov/Archives/edgar/data/16732/000001673214000023/cpb-832014x10k.htm"
  },
  {
    "date": "2013-07-28",
    "symbol": "CPB",
    "reportedCurrency": "USD",
    "cik": "0000016732",
    "fillingDate": "2013-09-26",
    "acceptedDate": "2013-09-26 07:43:24",
    "calendarYear": "2013",
    "period": "FY",
    "revenue": 8052000000,
    "costOfRevenue": 5140000000,
    "grossProfit": 2912000000,
    "grossProfitRatio": 0.3616492797,
    "researchAndDevelopmentExpenses": 128000000,
    "generalAndAdministrativeExpenses": 677000000,
    "sellingAndMarketingExpenses": 947000000,
    "sellingGeneralAndAdministrativeExpenses": 1624000000,
    "otherExpenses": 14000000,
    "operatingExpenses": 1766000000,
    "costAndExpenses": 6906000000,
    "interestIncome": 10000000,
    "interestExpense": 135000000,
    "depreciationAndAmortization": 407000000,
    "ebitda": 1487000000,
    "ebitdaratio": 0.184674615,
    "operatingIncome": 1080000000,
    "operatingIncomeRatio": 0.1341281669,
    "totalOtherIncomeExpensesNet": -125000000,
    "incomeBeforeTax": 955000000,
    "incomeBeforeTaxRatio": 0.1186040735,
    "incomeTaxExpense": 275000000,
    "netIncome": 458000000,
    "netIncomeRatio": 0.0568802782,
    "eps": 1.46,
    "epsdiluted": 1.44,
    "weightedAverageShsOut": 314000000,
    "weightedAverageShsOutDil": 317000000,
    "link": "https://www.sec.gov/Archives/edgar/data/16732/000001673213000023/0000016732-13-000023-index.htm",
    "finalLink": "https://www.sec.gov/Archives/edgar/data/16732/000001673213000023/cpb-7282013x10k.htm"
  },
  {
    "date": "2012-07-29",
    "symbol": "CPB",
    "reportedCurrency": "USD",
    "cik": "0000016732",
    "fillingDate": "2012-09-27",
    "acceptedDate": "2012-09-27 09:03:28",
    "calendarYear": "2012",
    "period": "FY",
    "revenue": 7175000000,
    "costOfRevenue": 4365000000,
    "grossProfit": 2810000000,
    "grossProfitRatio": 0.3916376307,
    "researchAndDevelopmentExpenses": 116000000,
    "generalAndAdministrativeExpenses": 580000000,
    "sellingAndMarketingExpenses": 941000000,
    "sellingGeneralAndAdministrativeExpenses": 1521000000,
    "otherExpenses": 1000000,
    "operatingExpenses": 1638000000,
    "costAndExpenses": 6003000000,
    "interestIncome": 8000000,
    "interestExpense": 114000000,
    "depreciationAndAmortization": 262000000,
    "ebitda": 1417000000,
    "ebitdaratio": 0.1974912892,
    "operatingIncome": 1155000000,
    "operatingIncomeRatio": 0.1609756098,
    "totalOtherIncomeExpensesNet": -106000000,
    "incomeBeforeTax": 1049000000,
    "incomeBeforeTaxRatio": 0.1462020906,
    "incomeTaxExpense": 325000000,
    "netIncome": 774000000,
    "netIncomeRatio": 0.1078745645,
    "eps": 2.43,
    "epsdiluted": 2.41,
    "weightedAverageShsOut": 317000000,
    "weightedAverageShsOutDil": 319000000,
    "link": "https://www.sec.gov/Archives/edgar/data/16732/000001673212000024/0000016732-12-000024-index.htm",
    "finalLink": "https://www.sec.gov/Archives/edgar/data/16732/000001673212000024/cpb-07292012x10k.htm"
  },
  {
    "date": "2011-07-31",
    "symbol": "CPB",
    "reportedCurrency": "USD",
    "cik": "0000016732",
    "fillingDate": "2011-09-28",
    "acceptedDate": "2011-09-28 09:01:38",
    "calendarYear": "2011",
    "period": "FY",
    "revenue": 7143000000,
    "costOfRevenue": 4255000000,
    "grossProfit": 2888000000,
    "grossProfitRatio": 0.4043119138,
    "researchAndDevelopmentExpenses": 120000000,
    "generalAndAdministrativeExpenses": 577000000,
    "sellingAndMarketingExpenses": 909000000,
    "sellingGeneralAndAdministrativeExpenses": 1486000000,
    "otherExpenses": 1000000,
    "operatingExpenses": 1607000000,
    "costAndExpenses": 5862000000,
    "interestIncome": 10000000,
    "interestExpense": 122000000,
    "depreciationAndAmortization": 268000000,
    "ebitda": 1480000000,
    "ebitdaratio": 0.2071958561,
    "operatingIncome": 1212000000,
    "operatingIncomeRatio": 0.1696766065,
    "totalOtherIncomeExpensesNet": -112000000,
    "incomeBeforeTax": 1100000000,
    "incomeBeforeTaxRatio": 0.1539969201,
    "incomeTaxExpense": 351000000,
    "netIncome": 805000000,
    "netIncomeRatio": 0.112697746,
    "eps": 2.44,
    "epsdiluted": 2.42,
    "weightedAverageShsOut": 326000000,
    "weightedAverageShsOutDil": 329000000,
    "link": "https://www.sec.gov/Archives/edgar/data/16732/000095012311087197/0000950123-11-087197-index.htm",
    "finalLink": "https://www.sec.gov/Archives/edgar/data/16732/000095012311087197/w83891e10vk.htm"
  },
  {
    "date": "2010-08-01",
    "symbol": "CPB",
    "reportedCurrency": "USD",
    "cik": "0000016732",
    "fillingDate": "2010-09-29",
    "acceptedDate": "2010-09-29 16:34:19",
    "calendarYear": "2010",
    "period": "FY",
    "revenue": 7676000000,
    "costOfRevenue": 4526000000,
    "grossProfit": 3150000000,
    "grossProfitRatio": 0.4103699844,
    "researchAndDevelopmentExpenses": 123000000,
    "generalAndAdministrativeExpenses": 605000000,
    "sellingAndMarketingExpenses": 1058000000,
    "sellingGeneralAndAdministrativeExpenses": 1663000000,
    "otherExpenses": 0,
    "operatingExpenses": 1786000000,
    "costAndExpenses": 6312000000,
    "interestIncome": 6000000,
    "interestExpense": 112000000,
    "depreciationAndAmortization": 251000000,
    "ebitda": 1599000000,
    "ebitdaratio": 0.2083116206,
    "operatingIncome": 1348000000,
    "operatingIncomeRatio": 0.1756122981,
    "totalOtherIncomeExpensesNet": -106000000,
    "incomeBeforeTax": 1242000000,
    "incomeBeforeTaxRatio": 0.1618030224,
    "incomeTaxExpense": 398000000,
    "netIncome": 844000000,
    "netIncomeRatio": 0.1099531006,
    "eps": 2.44,
    "epsdiluted": 2.42,
    "weightedAverageShsOut": 340000000,
    "weightedAverageShsOutDil": 343000000,
    "link": "https://www.sec.gov/Archives/edgar/data/16732/000095012310090083/0000950123-10-090083-index.htm",
    "finalLink": "https://www.sec.gov/Archives/edgar/data/16732/000095012310090083/w79425e10vk.htm"
  },
  {
    "date": "2009-08-02",
    "symbol": "CPB",
    "reportedCurrency": "USD",
    "cik": "0000016732",
    "fillingDate": "2009-09-30",
    "acceptedDate": "2009-09-30 09:22:11",
    "calendarYear": "2009",
    "period": "FY",
    "revenue": 7586000000,
    "costOfRevenue": 4558000000,
    "grossProfit": 3028000000,
    "grossProfitRatio": 0.3991563406,
    "researchAndDevelopmentExpenses": 114000000,
    "generalAndAdministrativeExpenses": 591000000,
    "sellingAndMarketingExpenses": 1077000000,
    "sellingGeneralAndAdministrativeExpenses": 1668000000,
    "otherExpenses": 67000000,
    "operatingExpenses": 1849000000,
    "costAndExpenses": 6407000000,
    "interestIncome": 4000000,
    "interestExpense": 110000000,
    "depreciationAndAmortization": 264000000,
    "ebitda": 1449000000,
    "ebitdaratio": 0.1910097548,
    "operatingIncome": 1185000000,
    "operatingIncomeRatio": 0.1562088057,
    "totalOtherIncomeExpensesNet": -106000000,
    "incomeBeforeTax": 1079000000,
    "incomeBeforeTaxRatio": 0.1422356973,
    "incomeTaxExpense": 347000000,
    "netIncome": 736000000,
    "netIncomeRatio": 0.0970208278,
    "eps": 2.09,
    "epsdiluted": 2.06,
    "weightedAverageShsOut": 352000000,
    "weightedAverageShsOutDil": 358000000,
    "link": "https://www.sec.gov/Archives/edgar/data/16732/000095012309047208/0000950123-09-047208-index.htm",
    "finalLink": "https://www.sec.gov/Archives/edgar/data/16732/000095012309047208/w75715e10vk.htm"
  },
  {
    "date": "2008-08-03",
    "symbol": "CPB",
    "reportedCurrency": "USD",
    "cik": "0000016732",
    "fillingDate": "2008-10-01",
    "acceptedDate": "2008-10-01 08:44:56",
    "calendarYear": "2008",
    "period": "FY",
    "revenue": 7998000000,
    "costOfRevenue": 4827000000,
    "grossProfit": 3171000000,
    "grossProfitRatio": 0.3964741185,
    "researchAndDevelopmentExpenses": 115000000,
    "generalAndAdministrativeExpenses": 608000000,
    "sellingAndMarketingExpenses": 1162000000,
    "sellingGeneralAndAdministrativeExpenses": 1770000000,
    "otherExpenses": 6000000,
    "operatingExpenses": 1891000000,
    "costAndExpenses": 6718000000,
    "interestIncome": 8000000,
    "interestExpense": 167000000,
    "depreciationAndAmortization": 294000000,
    "ebitda": 1392000000,
    "ebitdaratio": 0.1740435109,
    "operatingIncome": 1098000000,
    "operatingIncomeRatio": 0.1372843211,
    "totalOtherIncomeExpensesNet": -159000000,
    "incomeBeforeTax": 939000000,
    "incomeBeforeTaxRatio": 0.1174043511,
    "incomeTaxExpense": 268000000,
    "netIncome": 1165000000,
    "netIncomeRatio": 0.1456614154,
    "eps": 3.06,
    "epsdiluted": 3.03,
    "weightedAverageShsOut": 373000000,
    "weightedAverageShsOutDil": 377000000,
    "link": "https://www.sec.gov/Archives/edgar/data/16732/000089322008002633/0000893220-08-002633-index.htm",
    "finalLink": "https://www.sec.gov/Archives/edgar/data/16732/000089322008002633/w64216e10vk.htm"
  },
  {
    "date": "2007-07-29",
    "symbol": "CPB",
    "reportedCurrency": "USD",
    "cik": "0000016732",
    "fillingDate": "2007-09-26",
    "acceptedDate": "2007-09-26 16:47:33",
    "calendarYear": "2007",
    "period": "FY",
    "revenue": 7385000000,
    "costOfRevenue": 4384000000,
    "grossProfit": 3001000000,
    "grossProfitRatio": 0.4063642519,
    "researchAndDevelopmentExpenses": 111000000,
    "generalAndAdministrativeExpenses": 571000000,
    "sellingAndMarketingExpenses": 1106000000,
    "sellingGeneralAndAdministrativeExpenses": 1677000000,
    "otherExpenses": 0,
    "operatingExpenses": 1788000000,
    "costAndExpenses": 6172000000,
    "interestIncome": 19000000,
    "interestExpense": 163000000,
    "depreciationAndAmortization": 283000000,
    "ebitda": 1526000000,
    "ebitdaratio": 0.2066350711,
    "operatingIncome": 1243000000,
    "operatingIncomeRatio": 0.1683141503,
    "totalOtherIncomeExpensesNet": -144000000,
    "incomeBeforeTax": 1099000000,
    "incomeBeforeTaxRatio": 0.1488151659,
    "incomeTaxExpense": 307000000,
    "netIncome": 854000000,
    "netIncomeRatio": 0.1156398104,
    "eps": 2.21,
    "epsdiluted": 2.16,
    "weightedAverageShsOut": 386000000,
    "weightedAverageShsOutDil": 396000000,
    "link": "https://www.sec.gov/Archives/edgar/data/16732/000089322007003194/0000893220-07-003194-index.htm",
    "finalLink": "https://www.sec.gov/Archives/edgar/data/16732/000089322007003194/w39657e10vk.htm"
  },
  {
    "date": "2006-07-30",
    "symbol": "CPB",
    "reportedCurrency": "USD",
    "cik": "0000016732",
    "fillingDate": "2006-10-11",
    "acceptedDate": "2006-10-11 16:15:50",
    "calendarYear": "2006",
    "period": "FY",
    "revenue": 7343000000,
    "costOfRevenue": 4268000000,
    "grossProfit": 3075000000,
    "grossProfitRatio": 0.4187661719,
    "researchAndDevelopmentExpenses": 99000000,
    "generalAndAdministrativeExpenses": 0,
    "sellingAndMarketingExpenses": 0,
    "sellingGeneralAndAdministrativeExpenses": 1820000000,
    "otherExpenses": 0,
    "operatingExpenses": 1919000000,
    "costAndExpenses": 6187000000,
    "interestIncome": 0,
    "interestExpense": 0,
    "depreciationAndAmortization": 289000000,
    "ebitda": 1445000000,
    "ebitdaratio": 0.1967860547,
    "operatingIncome": 1156000000,
    "operatingIncomeRatio": 0.1574288438,
    "totalOtherIncomeExpensesNet": -155000000,
    "incomeBeforeTax": 1001000000,
    "incomeBeforeTaxRatio": 0.1363203051,
    "incomeTaxExpense": 246000000,
    "netIncome": 766000000,
    "netIncomeRatio": 0.1043170366,
    "eps": 1.89,
    "epsdiluted": 1.85,
    "weightedAverageShsOut": 407000000,
    "weightedAverageShsOutDil": 414000000,
    "link": "https://www.sec.gov/Archives/edgar/data/16732/000089322006002166/0000893220-06-002166-index.htm",
    "finalLink": "https://www.sec.gov/Archives/edgar/data/16732/000089322006002166/w23178e10vk.htm"
  },
  {
    "date": "2005-07-31",
    "symbol": "CPB",
    "reportedCurrency": "USD",
    "cik": "0000016732",
    "fillingDate": "2005-10-11",
    "acceptedDate": "2005-10-11 16:47:56",
    "calendarYear": "2005",
    "period": "FY",
    "revenue": 7072000000,
    "costOfRevenue": 4175000000,
    "grossProfit": 2897000000,
    "grossProfitRatio": 0.4096436652,
    "researchAndDevelopmentExpenses": 90000000,
    "generalAndAdministrativeExpenses": 0,
    "sellingAndMarketingExpenses": 0,
    "sellingGeneralAndAdministrativeExpenses": 1680000000,
    "otherExpenses": 0,
    "operatingExpenses": 1770000000,
    "costAndExpenses": 5945000000,
    "interestIncome": 0,
    "interestExpense": 0,
    "depreciationAndAmortization": 279000000,
    "ebitda": 1406000000,
    "ebitdaratio": 0.1988122172,
    "operatingIncome": 1127000000,
    "operatingIncomeRatio": 0.1593608597,
    "totalOtherIncomeExpensesNet": -175000000,
    "incomeBeforeTax": 952000000,
    "incomeBeforeTaxRatio": 0.1346153846,
    "incomeTaxExpense": 308000000,
    "netIncome": 707000000,
    "netIncomeRatio": 0.0999717195,
    "eps": 1.72,
    "epsdiluted": 1.71,
    "weightedAverageShsOut": 409000000,
    "weightedAverageShsOutDil": 413000000,
    "link": "https://www.sec.gov/Archives/edgar/data/16732/000089322005002271/0000893220-05-002271-index.htm",
    "finalLink": "https://www.sec.gov/Archives/edgar/data/16732/000089322005002271/w12996e10vk.htm"
  },
  {
    "date": "2004-08-01",
    "symbol": "CPB",
    "reportedCurrency": "USD",
    "cik": "0000016732",
    "fillingDate": "2004-10-12",
    "acceptedDate": "2004-10-12 10:35:17",
    "calendarYear": "2004",
    "period": "FY",
    "revenue": 7109000000,
    "costOfRevenue": 4187000000,
    "grossProfit": 2922000000,
    "grossProfitRatio": 0.411028274,
    "researchAndDevelopmentExpenses": 93000000,
    "generalAndAdministrativeExpenses": 0,
    "sellingAndMarketingExpenses": 0,
    "sellingGeneralAndAdministrativeExpenses": 1695000000,
    "otherExpenses": 2000000,
    "operatingExpenses": 1790000000,
    "costAndExpenses": 5977000000,
    "interestIncome": 0,
    "interestExpense": 0,
    "depreciationAndAmortization": 260000000,
    "ebitda": 1392000000,
    "ebitdaratio": 0.1958081305,
    "operatingIncome": 1132000000,
    "operatingIncomeRatio": 0.1592347728,
    "totalOtherIncomeExpensesNet": -185000000,
    "incomeBeforeTax": 947000000,
    "incomeBeforeTaxRatio": 0.1332114221,
    "incomeTaxExpense": 300000000,
    "netIncome": 647000000,
    "netIncomeRatio": 0.091011394,
    "eps": 1.58,
    "epsdiluted": 1.57,
    "weightedAverageShsOut": 409000000,
    "weightedAverageShsOutDil": 412000000,
    "link": "https://www.sec.gov/Archives/edgar/data/16732/000089322004002108/0000893220-04-002108-index.htm",
    "finalLink": "https://www.sec.gov/Archives/edgar/data/16732/000089322004002108/w99443e10vk.htm"
  },
  {
    "date": "2003-08-03",
    "symbol": "CPB",
    "reportedCurrency": "USD",
    "cik": "0000016732",
    "fillingDate": "2003-10-09",
    "acceptedDate": "2003-10-09 16:34:51",
    "calendarYear": "2003",
    "period": "FY",
    "revenue": 6678000000,
    "costOfRevenue": 3805000000,
    "grossProfit": 2873000000,
    "grossProfitRatio": 0.4302186283,
    "researchAndDevelopmentExpenses": 88000000,
    "generalAndAdministrativeExpenses": 0,
    "sellingAndMarketingExpenses": 0,
    "sellingGeneralAndAdministrativeExpenses": 1680000000,
    "otherExpenses": 0,
    "operatingExpenses": 1768000000,
    "costAndExpenses": 5573000000,
    "interestIncome": 0,
    "interestExpense": 0,
    "depreciationAndAmortization": 243000000,
    "ebitda": 1348000000,
    "ebitdaratio": 0.2018568434,
    "operatingIncome": 1105000000,
    "operatingIncomeRatio": 0.1654687032,
    "totalOtherIncomeExpensesNet": -181000000,
    "incomeBeforeTax": 924000000,
    "incomeBeforeTaxRatio": 0.1383647799,
    "incomeTaxExpense": 298000000,
    "netIncome": 595000000,
    "netIncomeRatio": 0.0890985325,
    "eps": 1.45,
    "epsdiluted": 1.45,
    "weightedAverageShsOut": 411000000,
    "weightedAverageShsOutDil": 411000000,
    "link": "https://www.sec.gov/Archives/edgar/data/16732/000089322003001648/0000893220-03-001648-index.htm",
    "finalLink": "https://www.sec.gov/Archives/edgar/data/16732/000089322003001648/w90322e10vk.htm"
  },
  {
    "date": "2002-07-28",
    "symbol": "CPB",
    "reportedCurrency": "USD",
    "cik": "0000016732",
    "fillingDate": "2002-10-11",
    "acceptedDate": "2002-10-11 12:57:43",
    "calendarYear": "2002",
    "period": "FY",
    "revenue": 6133000000,
    "costOfRevenue": 3443000000,
    "grossProfit": 2690000000,
    "grossProfitRatio": 0.4386107941,
    "researchAndDevelopmentExpenses": 77000000,
    "generalAndAdministrativeExpenses": 0,
    "sellingAndMarketingExpenses": 0,
    "sellingGeneralAndAdministrativeExpenses": 1490000000,
    "otherExpenses": 0,
    "operatingExpenses": 1567000000,
    "costAndExpenses": 5010000000,
    "interestIncome": 0,
    "interestExpense": 0,
    "depreciationAndAmortization": 319000000,
    "ebitda": 1442000000,
    "ebitdaratio": 0.235121474,
    "operatingIncome": 1123000000,
    "operatingIncomeRatio": 0.1831077776,
    "totalOtherIncomeExpensesNet": -325000000,
    "incomeBeforeTax": 798000000,
    "incomeBeforeTaxRatio": 0.1301157672,
    "incomeTaxExpense": 273000000,
    "netIncome": 525000000,
    "netIncomeRatio": 0.0856024784,
    "eps": 1.28,
    "epsdiluted": 1.28,
    "weightedAverageShsOut": 410000000,
    "weightedAverageShsOutDil": 411000000,
    "link": "https://www.sec.gov/Archives/edgar/data/16732/000089322002001206/0000893220-02-001206-index.htm",
    "finalLink": "https://www.sec.gov/Archives/edgar/data/16732/000089322002001206/w64292e10vk.htm"
  },
  {
    "date": "2001-07-29",
    "symbol": "CPB",
    "reportedCurrency": "USD",
    "cik": "0000016732",
    "fillingDate": "2001-10-10",
    "acceptedDate": "2001-10-10 00:00:00",
    "calendarYear": "2001",
    "period": "FY",
    "revenue": 6664000000,
    "costOfRevenue": 3146000000,
    "grossProfit": 3518000000,
    "grossProfitRatio": 0.5279111645,
    "researchAndDevelopmentExpenses": 63000000,
    "generalAndAdministrativeExpenses": 0,
    "sellingAndMarketingExpenses": 0,
    "sellingGeneralAndAdministrativeExpenses": 2137000000,
    "otherExpenses": 57000000,
    "operatingExpenses": 2257000000,
    "costAndExpenses": 5403000000,
    "interestIncome": 0,
    "interestExpense": 0,
    "depreciationAndAmortization": 266000000,
    "ebitda": 1527000000,
    "ebitdaratio": 0.2291416567,
    "operatingIncome": 1261000000,
    "operatingIncomeRatio": 0.1892256903,
    "totalOtherIncomeExpensesNet": -274000000,
    "incomeBeforeTax": 987000000,
    "incomeBeforeTaxRatio": 0.1481092437,
    "incomeTaxExpense": 338000000,
    "netIncome": 649000000,
    "netIncomeRatio": 0.0973889556,
    "eps": 1.57,
    "epsdiluted": 1.55,
    "weightedAverageShsOut": 414000000,
    "weightedAverageShsOutDil": 418000000,
    "link": "https://www.sec.gov/Archives/edgar/data/16732/000089322001500738/0000893220-01-500738-index.htm",
    "finalLink": "https://www.sec.gov/Archives/edgar/data/16732/000089322001500738/w53808e10-k405.htm"
  },
  {
    "date": "2000-07-30",
    "symbol": "CPB",
    "reportedCurrency": "USD",
    "cik": "0000016732",
    "fillingDate": "2000-10-27",
    "acceptedDate": "2000-10-27 00:00:00",
    "calendarYear": "2000",
    "period": "FY",
    "revenue": 6466000000,
    "costOfRevenue": 3107000000,
    "grossProfit": 3359000000,
    "grossProfitRatio": 0.519486545,
    "researchAndDevelopmentExpenses": 64000000,
    "generalAndAdministrativeExpenses": 0,
    "sellingAndMarketingExpenses": 0,
    "sellingGeneralAndAdministrativeExpenses": 1941000000,
    "otherExpenses": 55000000,
    "operatingExpenses": 2060000000,
    "costAndExpenses": 5167000000,
    "interestIncome": 0,
    "interestExpense": 0,
    "depreciationAndAmortization": 251000000,
    "ebitda": 1550000000,
    "ebitdaratio": 0.2397154346,
    "operatingIncome": 1299000000,
    "operatingIncomeRatio": 0.2008969997,
    "totalOtherIncomeExpensesNet": -222000000,
    "incomeBeforeTax": 1077000000,
    "incomeBeforeTaxRatio": 0.1665635633,
    "incomeTaxExpense": 363000000,
    "netIncome": 714000000,
    "netIncomeRatio": 0.110423755,
    "eps": 1.68,
    "epsdiluted": 1.65,
    "weightedAverageShsOut": 425000000,
    "weightedAverageShsOutDil": 432000000,
    "link": "https://www.sec.gov/Archives/edgar/data/16732/000089322000001180/0000893220-00-001180-index.htm",
    "finalLink": "https://www.sec.gov/Archives/edgar/data/16732/000089322000001180/w41784e10-k405a.txt"
  },
  {
    "date": "1999-08-01",
    "symbol": "CPB",
    "reportedCurrency": "USD",
    "cik": "0000016732",
    "fillingDate": "1999-10-12",
    "acceptedDate": "1999-10-12 00:00:00",
    "calendarYear": "1999",
    "period": "FY",
    "revenue": 6626000000,
    "costOfRevenue": 3252000000,
    "grossProfit": 3374000000,
    "grossProfitRatio": 0.5092061576,
    "researchAndDevelopmentExpenses": 66000000,
    "generalAndAdministrativeExpenses": 0,
    "sellingAndMarketingExpenses": 0,
    "sellingGeneralAndAdministrativeExpenses": 1938000000,
    "otherExpenses": 58000000,
    "operatingExpenses": 2062000000,
    "costAndExpenses": 5314000000,
    "interestIncome": 0,
    "interestExpense": 0,
    "depreciationAndAmortization": 255000000,
    "ebitda": 1567000000,
    "ebitdaratio": 0.2364926049,
    "operatingIncome": 1312000000,
    "operatingIncomeRatio": 0.1980078479,
    "totalOtherIncomeExpensesNet": -215000000,
    "incomeBeforeTax": 1097000000,
    "incomeBeforeTaxRatio": 0.1655599155,
    "incomeTaxExpense": 373000000,
    "netIncome": 724000000,
    "netIncomeRatio": 0.1092665258,
    "eps": 1.64,
    "epsdiluted": 1.63,
    "weightedAverageShsOut": 441000000,
    "weightedAverageShsOutDil": 445000000,
    "link": "https://www.sec.gov/Archives/edgar/data/16732/000089322099001156/0000893220-99-001156-index.html",
    "finalLink": "https://www.sec.gov/Archives/edgar/data/16732/000089322099001156/"
  },
  {
    "date": "1998-08-02",
    "symbol": "CPB",
    "reportedCurrency": "USD",
    "cik": "0000016732",
    "fillingDate": "1998-10-09",
    "acceptedDate": "1998-10-09 00:00:00",
    "calendarYear": "1998",
    "period": "FY",
    "revenue": 6696000000,
    "costOfRevenue": 3025000000,
    "grossProfit": 3671000000,
    "grossProfitRatio": 0.5482377539,
    "researchAndDevelopmentExpenses": 71000000,
    "generalAndAdministrativeExpenses": 0,
    "sellingAndMarketingExpenses": 0,
    "sellingGeneralAndAdministrativeExpenses": 1818000000,
    "otherExpenses": 261000000,
    "operatingExpenses": 2150000000,
    "costAndExpenses": 5175000000,
    "interestIncome": 0,
    "interestExpense": 0,
    "depreciationAndAmortization": 261000000,
    "ebitda": 1782000000,
    "ebitdaratio": 0.2661290323,
    "operatingIncome": 1521000000,
    "operatingIncomeRatio": 0.2271505376,
    "totalOtherIncomeExpensesNet": -448000000,
    "incomeBeforeTax": 1073000000,
    "incomeBeforeTaxRatio": 0.1602449223,
    "incomeTaxExpense": 384000000,
    "netIncome": 660000000,
    "netIncomeRatio": 0.0985663082,
    "eps": 1.46,
    "epsdiluted": 1.44,
    "weightedAverageShsOut": 454000000,
    "weightedAverageShsOutDil": 460000000,
    "link": "https://www.sec.gov/Archives/edgar/data/16732/000089322098001607/0000893220-98-001607-index.html",
    "finalLink": "https://www.sec.gov/Archives/edgar/data/16732/"
  },
  {
    "date": "1997-08-03",
    "symbol": "CPB",
    "reportedCurrency": "USD",
    "cik": "0000016732",
    "fillingDate": "1997-10-23",
    "acceptedDate": "1997-10-23 00:00:00",
    "calendarYear": "1997",
    "period": "FY",
    "revenue": 6614000000,
    "costOfRevenue": 3180000000,
    "grossProfit": 3434000000,
    "grossProfitRatio": 0.5192016934,
    "researchAndDevelopmentExpenses": 68000000,
    "generalAndAdministrativeExpenses": 0,
    "sellingAndMarketingExpenses": 0,
    "sellingGeneralAndAdministrativeExpenses": 1641000000,
    "otherExpenses": 283000000,
    "operatingExpenses": 1992000000,
    "costAndExpenses": 5172000000,
    "interestIncome": 0,
    "interestExpense": 0,
    "depreciationAndAmortization": 283000000,
    "ebitda": 1725000000,
    "ebitdaratio": 0.2608104022,
    "operatingIncome": 1442000000,
    "operatingIncomeRatio": 0.2180223768,
    "totalOtherIncomeExpensesNet": -451000000,
    "incomeBeforeTax": 991000000,
    "incomeBeforeTaxRatio": 0.1498336861,
    "incomeTaxExpense": 357000000,
    "netIncome": 713000000,
    "netIncomeRatio": 0.1078016329,
    "eps": 1.51,
    "epsdiluted": 1.49,
    "weightedAverageShsOut": 472000000,
    "weightedAverageShsOutDil": 478000000,
    "link": "https://www.sec.gov/Archives/edgar/data/16732/000089322097001690/0000893220-97-001690-index.html",
    "finalLink": "https://www.sec.gov/Archives/edgar/data/16732/"
  },
  {
    "date": "1996-07-28",
    "symbol": "CPB",
    "reportedCurrency": "USD",
    "cik": "0000016732",
    "fillingDate": "1996-10-15",
    "acceptedDate": "1996-10-15 00:00:00",
    "calendarYear": "1996",
    "period": "FY",
    "revenue": 6324000000,
    "costOfRevenue": 3224000000,
    "grossProfit": 3100000000,
    "grossProfitRatio": 0.4901960784,
    "researchAndDevelopmentExpenses": 76000000,
    "generalAndAdministrativeExpenses": 0,
    "sellingAndMarketingExpenses": 0,
    "sellingGeneralAndAdministrativeExpenses": 1530000000,
    "otherExpenses": 280000000,
    "operatingExpenses": 1886000000,
    "costAndExpenses": 5110000000,
    "interestIncome": 0,
    "interestExpense": 0,
    "depreciationAndAmortization": 280000000,
    "ebitda": 1494000000,
    "ebitdaratio": 0.2362428843,
    "operatingIncome": 1214000000,
    "operatingIncomeRatio": 0.1919671094,
    "totalOtherIncomeExpensesNet": -142000000,
    "incomeBeforeTax": 1072000000,
    "incomeBeforeTaxRatio": 0.1695129665,
    "incomeTaxExpense": 354000000,
    "netIncome": 802000000,
    "netIncomeRatio": 0.1268184693,
    "eps": 1.61,
    "epsdiluted": 1.59,
    "weightedAverageShsOut": 498000000,
    "weightedAverageShsOutDil": 503000000,
    "link": "https://www.sec.gov/Archives/edgar/data/16732/000089322096001701/0000893220-96-001701-index.html",
    "finalLink": "https://www.sec.gov/Archives/edgar/data/16732/"
  },
  {
    "date": "1995-07-30",
    "symbol": "CPB",
    "reportedCurrency": "USD",
    "cik": "0000016732",
    "fillingDate": "1995-10-06",
    "acceptedDate": "1995-10-06 00:00:00",
    "calendarYear": "1995",
    "period": "FY",
    "revenue": 7250000000,
    "costOfRevenue": 3995000000,
    "grossProfit": 3255000000,
    "grossProfitRatio": 0.4489655172,
    "researchAndDevelopmentExpenses": 88000000,
    "generalAndAdministrativeExpenses": 0,
    "sellingAndMarketingExpenses": 0,
    "sellingGeneralAndAdministrativeExpenses": 1697000000,
    "otherExpenses": 294000000,
    "operatingExpenses": 2079000000,
    "costAndExpenses": 6074000000,
    "interestIncome": 0,
    "interestExpense": 0,
    "depreciationAndAmortization": 294000000,
    "ebitda": 1470000000,
    "ebitdaratio": 0.2027586207,
    "operatingIncome": 1176000000,
    "operatingIncomeRatio": 0.1622068966,
    "totalOtherIncomeExpensesNet": -134000000,
    "incomeBeforeTax": 1042000000,
    "incomeBeforeTaxRatio": 0.1437241379,
    "incomeTaxExpense": 344000000,
    "netIncome": 698000000,
    "netIncomeRatio": 0.0962758621,
    "eps": 1.4,
    "epsdiluted": 1.4,
    "weightedAverageShsOut": 498000000,
    "weightedAverageShsOutDil": 498000000,
    "link": "https://www.sec.gov/Archives/edgar/data/16732/000089322095000638/0000893220-95-000638-index.html",
    "finalLink": "https://www.sec.gov/Archives/edgar/data/16732/"
  },
  {
    "date": "1994-07-31",
    "symbol": "CPB",
    "reportedCurrency": "USD",
    "cik": "0000016732",
    "fillingDate": "1994-10-07",
    "acceptedDate": "1994-10-07 00:00:00",
    "calendarYear": "1994",
    "period": "FY",
    "revenue": 6690000000,
    "costOfRevenue": 3723000000,
    "grossProfit": 2967000000,
    "grossProfitRatio": 0.4434977578,
    "researchAndDevelopmentExpenses": 0,
    "generalAndAdministrativeExpenses": 0,
    "sellingAndMarketingExpenses": 0,
    "sellingGeneralAndAdministrativeExpenses": 1644000000,
    "otherExpenses": 255000000,
    "operatingExpenses": 1899000000,
    "costAndExpenses": 5622000000,
    "interestIncome": 0,
    "interestExpense": 0,
    "depreciationAndAmortization": 255000000,
    "ebitda": 1323000000,
    "ebitdaratio": 0.1977578475,
    "operatingIncome": 1068000000,
    "operatingIncomeRatio": 0.1596412556,
    "totalOtherIncomeExpensesNet": -105000000,
    "incomeBeforeTax": 963000000,
    "incomeBeforeTaxRatio": 0.1439461883,
    "incomeTaxExpense": 333000000,
    "netIncome": 630000000,
    "netIncomeRatio": 0.0941704036,
    "eps": 1.25,
    "epsdiluted": 1.25,
    "weightedAverageShsOut": 502000000,
    "weightedAverageShsOutDil": 503092784,
    "link": "https://www.sec.gov/Archives/edgar/data/16732/000089322094000416/0000893220-94-000416-index.html",
    "finalLink": "https://www.sec.gov/Archives/edgar/data/16732/"
  },
  {
    "date": "1993-07-31",
    "symbol": "CPB",
    "reportedCurrency": "USD",
    "cik": "0000016732",
    "fillingDate": "1993-07-31",
    "acceptedDate": "1993-07-31 00:00:00",
    "calendarYear": "1993",
    "period": "FY",
    "revenue": 6586200000,
    "costOfRevenue": 3785600000,
    "grossProfit": 2800600000,
    "grossProfitRatio": 0.4252224348,
    "researchAndDevelopmentExpenses": 0,
    "generalAndAdministrativeExpenses": 0,
    "sellingAndMarketingExpenses": 0,
    "sellingGeneralAndAdministrativeExpenses": 1936800000,
    "otherExpenses": 242200000,
    "operatingExpenses": 2179000000,
    "costAndExpenses": 5964600000,
    "interestIncome": 0,
    "interestExpense": 0,
    "depreciationAndAmortization": 242200000,
    "ebitda": 863800000,
    "ebitdaratio": 0.1311530169,
    "operatingIncome": 621600000,
    "operatingIncomeRatio": 0.0943791564,
    "totalOtherIncomeExpensesNet": -101800000,
    "incomeBeforeTax": 519800000,
    "incomeBeforeTaxRatio": 0.0789225957,
    "incomeTaxExpense": 262600000,
    "netIncome": 8200000,
    "netIncomeRatio": 0.0012450275,
    "eps": 0.01,
    "epsdiluted": 0.01,
    "weightedAverageShsOut": 497333333,
    "weightedAverageShsOutDil": 497333333,
    "link": null,
    "finalLink": null
  },
  {
    "date": "1992-07-31",
    "symbol": "CPB",
    "reportedCurrency": "USD",
    "cik": "0000016732",
    "fillingDate": "1992-07-31",
    "acceptedDate": "1992-07-31 00:00:00",
    "calendarYear": "1992",
    "period": "FY",
    "revenue": 6263200000,
    "costOfRevenue": 3746900000,
    "grossProfit": 2516300000,
    "grossProfitRatio": 0.401759484,
    "researchAndDevelopmentExpenses": 0,
    "generalAndAdministrativeExpenses": 0,
    "sellingAndMarketingExpenses": 0,
    "sellingGeneralAndAdministrativeExpenses": 1392000000,
    "otherExpenses": 216200000,
    "operatingExpenses": 1608200000,
    "costAndExpenses": 5355100000,
    "interestIncome": 0,
    "interestExpense": 0,
    "depreciationAndAmortization": 216200000,
    "ebitda": 1124300000,
    "ebitdaratio": 0.1795088773,
    "operatingIncome": 908100000,
    "operatingIncomeRatio": 0.1449897816,
    "totalOtherIncomeExpensesNet": -108800000,
    "incomeBeforeTax": 799300000,
    "incomeBeforeTaxRatio": 0.1276184698,
    "incomeTaxExpense": 308800000,
    "netIncome": 490500000,
    "netIncomeRatio": 0.0783145996,
    "eps": 0.98,
    "epsdiluted": 0.98,
    "weightedAverageShsOut": 500510204,
    "weightedAverageShsOutDil": 500510204,
    "link": null,
    "finalLink": null
  },
  {
    "date": "1991-07-31",
    "symbol": "CPB",
    "reportedCurrency": "USD",
    "cik": "0000016732",
    "fillingDate": "1991-07-31",
    "acceptedDate": "1991-07-31 00:00:00",
    "calendarYear": "1991",
    "period": "FY",
    "revenue": 6204100000,
    "costOfRevenue": 3886900000,
    "grossProfit": 2317200000,
    "grossProfitRatio": 0.3734949469,
    "researchAndDevelopmentExpenses": 0,
    "generalAndAdministrativeExpenses": 0,
    "sellingAndMarketingExpenses": 0,
    "sellingGeneralAndAdministrativeExpenses": 1319200000,
    "otherExpenses": 208600000,
    "operatingExpenses": 1527800000,
    "costAndExpenses": 5414700000,
    "interestIncome": 0,
    "interestExpense": 0,
    "depreciationAndAmortization": 208600000,
    "ebitda": 998000000,
    "ebitdaratio": 0.1608613659,
    "operatingIncome": 789400000,
    "operatingIncomeRatio": 0.1272384391,
    "totalOtherIncomeExpensesNet": -122000000,
    "incomeBeforeTax": 667400000,
    "incomeBeforeTaxRatio": 0.1075740236,
    "incomeTaxExpense": 265900000,
    "netIncome": 401500000,
    "netIncomeRatio": 0.0647152689,
    "eps": 0.79,
    "epsdiluted": 0.79,
    "weightedAverageShsOut": 508227848,
    "weightedAverageShsOutDil": 508227848,
    "link": null,
    "finalLink": null
  },
  {
    "date": "1990-07-31",
    "symbol": "CPB",
    "reportedCurrency": "USD",
    "cik": "0000016732",
    "fillingDate": "1990-07-31",
    "acceptedDate": "1990-07-31 00:00:00",
    "calendarYear": "1990",
    "period": "FY",
    "revenue": 6205800000,
    "costOfRevenue": 4057300000,
    "grossProfit": 2148500000,
    "grossProfitRatio": 0.3462083857,
    "researchAndDevelopmentExpenses": 0,
    "generalAndAdministrativeExpenses": 0,
    "sellingAndMarketingExpenses": 0,
    "sellingGeneralAndAdministrativeExpenses": 1324900000,
    "otherExpenses": 200900000,
    "operatingExpenses": 1525800000,
    "costAndExpenses": 5583100000,
    "interestIncome": 0,
    "interestExpense": 0,
    "depreciationAndAmortization": 200900000,
    "ebitda": 823600000,
    "ebitdaratio": 0.1327145573,
    "operatingIncome": 622700000,
    "operatingIncomeRatio": 0.1003416159,
    "totalOtherIncomeExpensesNet": -443300000,
    "incomeBeforeTax": 179400000,
    "incomeBeforeTaxRatio": 0.0289084405,
    "incomeTaxExpense": 175000000,
    "netIncome": 4400000,
    "netIncomeRatio": 0.0007090141,
    "eps": 0.01,
    "epsdiluted": 0.01,
    "weightedAverageShsOut": 440000000,
    "weightedAverageShsOutDil": 440000000,
    "link": null,
    "finalLink": null
  },
  {
    "date": "1989-07-31",
    "symbol": "CPB",
    "reportedCurrency": "USD",
    "cik": "0000016732",
    "fillingDate": "1989-07-31",
    "acceptedDate": "1989-07-31 00:00:00",
    "calendarYear": "1989",
    "period": "FY",
    "revenue": 5672100000,
    "costOfRevenue": 3809300000,
    "grossProfit": 1862800000,
    "grossProfitRatio": 0.3284145202,
    "researchAndDevelopmentExpenses": 0,
    "generalAndAdministrativeExpenses": 0,
    "sellingAndMarketingExpenses": 0,
    "sellingGeneralAndAdministrativeExpenses": 1118600000,
    "otherExpenses": 192300000,
    "operatingExpenses": 1310900000,
    "costAndExpenses": 5120200000,
    "interestIncome": 0,
    "interestExpense": 0,
    "depreciationAndAmortization": 192300000,
    "ebitda": 744200000,
    "ebitdaratio": 0.1312036107,
    "operatingIncome": 551900000,
    "operatingIncomeRatio": 0.0973008233,
    "totalOtherIncomeExpensesNet": -445400000,
    "incomeBeforeTax": 106500000,
    "incomeBeforeTaxRatio": 0.0187761147,
    "incomeTaxExpense": 93400000,
    "netIncome": 13100000,
    "netIncomeRatio": 0.0023095503,
    "eps": 0.03,
    "epsdiluted": 0.03,
    "weightedAverageShsOut": 436666667,
    "weightedAverageShsOutDil": 436666667,
    "link": null,
    "finalLink": null
  },
  {
    "date": "1988-07-31",
    "symbol": "CPB",
    "reportedCurrency": "USD",
    "cik": "0000016732",
    "fillingDate": "1988-07-31",
    "acceptedDate": "1988-07-31 00:00:00",
    "calendarYear": "1988",
    "period": "FY",
    "revenue": 4868900000,
    "costOfRevenue": 3221900000,
    "grossProfit": 1647000000,
    "grossProfitRatio": 0.3382694243,
    "researchAndDevelopmentExpenses": 0,
    "generalAndAdministrativeExpenses": 0,
    "sellingAndMarketingExpenses": 0,
    "sellingGeneralAndAdministrativeExpenses": 1012800000,
    "otherExpenses": 170900000,
    "operatingExpenses": 1183700000,
    "costAndExpenses": 4405600000,
    "interestIncome": 0,
    "interestExpense": 0,
    "depreciationAndAmortization": 170900000,
    "ebitda": 634200000,
    "ebitdaratio": 0.1302552938,
    "operatingIncome": 463300000,
    "operatingIncomeRatio": 0.0951549631,
    "totalOtherIncomeExpensesNet": -74700000,
    "incomeBeforeTax": 388600000,
    "incomeBeforeTaxRatio": 0.0798126887,
    "incomeTaxExpense": 147000000,
    "netIncome": 241600000,
    "netIncomeRatio": 0.0496210643,
    "eps": 0.47,
    "epsdiluted": 0.47,
    "weightedAverageShsOut": 514042553,
    "weightedAverageShsOutDil": 514042553,
    "link": null,
    "finalLink": null
  },
  {
    "date": "1987-07-31",
    "symbol": "CPB",
    "reportedCurrency": "USD",
    "cik": "0000016732",
    "fillingDate": "1987-07-31",
    "acceptedDate": "1987-07-31 00:00:00",
    "calendarYear": "1987",
    "period": "FY",
    "revenue": 4490400000,
    "costOfRevenue": 3035900000,
    "grossProfit": 1454500000,
    "grossProfitRatio": 0.3239132371,
    "researchAndDevelopmentExpenses": 0,
    "generalAndAdministrativeExpenses": 0,
    "sellingAndMarketingExpenses": 0,
    "sellingGeneralAndAdministrativeExpenses": 884900000,
    "otherExpenses": 144600000,
    "operatingExpenses": 1029500000,
    "costAndExpenses": 4065400000,
    "interestIncome": 0,
    "interestExpense": 0,
    "depreciationAndAmortization": 144600000,
    "ebitda": 569600000,
    "ebitdaratio": 0.1268483877,
    "operatingIncome": 425000000,
    "operatingIncomeRatio": 0.0946463567,
    "totalOtherIncomeExpensesNet": -7100000,
    "incomeBeforeTax": 417900000,
    "incomeBeforeTaxRatio": 0.0930652058,
    "incomeTaxExpense": 170600000,
    "netIncome": 247300000,
    "netIncomeRatio": 0.0550730447,
    "eps": 0.48,
    "epsdiluted": 0.48,
    "weightedAverageShsOut": 515208333,
    "weightedAverageShsOutDil": 515208333,
    "link": null,
    "finalLink": null
  },
  {
    "date": "1986-07-31",
    "symbol": "CPB",
    "reportedCurrency": "USD",
    "cik": "0000016732",
    "fillingDate": "1986-07-31",
    "acceptedDate": "1986-07-31 00:00:00",
    "calendarYear": "1986",
    "period": "FY",
    "revenue": 4378700000,
    "costOfRevenue": 3046700000,
    "grossProfit": 1332000000,
    "grossProfitRatio": 0.3041998767,
    "researchAndDevelopmentExpenses": 0,
    "generalAndAdministrativeExpenses": 0,
    "sellingAndMarketingExpenses": 0,
    "sellingGeneralAndAdministrativeExpenses": 789400000,
    "otherExpenses": 126800000,
    "operatingExpenses": 916200000,
    "costAndExpenses": 3962900000,
    "interestIncome": 0,
    "interestExpense": 0,
    "depreciationAndAmortization": 126800000,
    "ebitda": 542600000,
    "ebitdaratio": 0.1239180579,
    "operatingIncome": 415800000,
    "operatingIncomeRatio": 0.0949596912,
    "totalOtherIncomeExpensesNet": -28600000,
    "incomeBeforeTax": 387200000,
    "incomeBeforeTaxRatio": 0.0884280723,
    "incomeTaxExpense": 164000000,
    "netIncome": 223200000,
    "netIncomeRatio": 0.0509740334,
    "eps": 0.44,
    "epsdiluted": 0.44,
    "weightedAverageShsOut": 507272727,
    "weightedAverageShsOutDil": 507272727,
    "link": null,
    "finalLink": null
  }
]