[
  {
    "date": "2025-06-30",
    "symbol": "CPT",
    "reportedCurrency": "USD",
    "cik": "0000906345",
    "fillingDate": "2025-08-01",
    "acceptedDate": "2025-08-01 12:06:23",
    "calendarYear": "2025",
    "period": "Q2",
    "revenue": 396509000,
    "costOfRevenue": 154012000,
    "grossProfit": 242497000,
    "grossProfitRatio": 0.611580065,
    "researchAndDevelopmentExpenses": 0,
    "generalAndAdministrativeExpenses": 21183000,
    "sellingAndMarketingExpenses": 0,
    "sellingGeneralAndAdministrativeExpenses": 21183000,
    "otherExpenses": 149475000,
    "operatingExpenses": 170658000,
    "costAndExpenses": 324670000,
    "interestIncome": 68000,
    "interestExpense": 35375000,
    "depreciationAndAmortization": 152108000,
    "ebitda": 271308000,
    "ebitdaratio": 0.6842417196,
    "operatingIncome": 71839000,
    "operatingIncomeRatio": 0.1811787374,
    "totalOtherIncomeExpensesNet": 11986000,
    "incomeBeforeTax": 83825000,
    "incomeBeforeTaxRatio": 0.2114075595,
    "incomeTaxExpense": 1231000,
    "netIncome": 80670000,
    "netIncomeRatio": 0.2034506152,
    "eps": 0.74,
    "epsdiluted": 0.74,
    "weightedAverageShsOut": 108636000,
    "weightedAverageShsOutDil": 109400000,
    "link": "https://www.sec.gov/Archives/edgar/data/906345/000090634525000034/0000906345-25-000034-index.htm",
    "finalLink": "https://www.sec.gov/Archives/edgar/data/906345/000090634525000034/cpt-20250630.htm"
  },
  {
    "date": "2025-03-31",
    "symbol": "CPT",
    "reportedCurrency": "USD",
    "cik": "0000906345",
    "fillingDate": "2025-05-02",
    "acceptedDate": "2025-05-02 12:42:27",
    "calendarYear": "2025",
    "period": "Q1",
    "revenue": 390565000,
    "costOfRevenue": 149986000,
    "grossProfit": 240579000,
    "grossProfitRatio": 0.615976854,
    "researchAndDevelopmentExpenses": 0,
    "generalAndAdministrativeExpenses": 18708000,
    "sellingAndMarketingExpenses": 0,
    "sellingGeneralAndAdministrativeExpenses": 18708000,
    "otherExpenses": 146765000,
    "operatingExpenses": 165473000,
    "costAndExpenses": 315459000,
    "interestIncome": 10000,
    "interestExpense": 33790000,
    "depreciationAndAmortization": 149252000,
    "ebitda": 224368000,
    "ebitdaratio": 0.5744703186,
    "operatingIncome": 75106000,
    "operatingIncomeRatio": 0.1923008974,
    "totalOtherIncomeExpensesNet": -33780000,
    "incomeBeforeTax": 41326000,
    "incomeBeforeTaxRatio": 0.1058108125,
    "incomeTaxExpense": 559000,
    "netIncome": 38822000,
    "netIncomeRatio": 0.0993995878,
    "eps": 0.36,
    "epsdiluted": 0.36,
    "weightedAverageShsOut": 108530000,
    "weightedAverageShsOutDil": 108597000,
    "link": "https://www.sec.gov/Archives/edgar/data/906345/000090634525000023/0000906345-25-000023-index.htm",
    "finalLink": "https://www.sec.gov/Archives/edgar/data/906345/000090634525000023/cpt-20250331.htm"
  },
  {
    "date": "2024-12-31",
    "symbol": "CPT",
    "reportedCurrency": "USD",
    "cik": "0000906345",
    "fillingDate": "2025-02-20",
    "acceptedDate": "2025-02-20 15:21:20",
    "calendarYear": "2024",
    "period": "Q4",
    "revenue": 386319000,
    "costOfRevenue": 147944000,
    "grossProfit": 238375000,
    "grossProfitRatio": 0.6170418747,
    "researchAndDevelopmentExpenses": 0,
    "generalAndAdministrativeExpenses": 18673000,
    "sellingAndMarketingExpenses": 0,
    "sellingGeneralAndAdministrativeExpenses": 18673000,
    "otherExpenses": 143934000,
    "operatingExpenses": 162607000,
    "costAndExpenses": 310551000,
    "interestIncome": -22000,
    "interestExpense": 32565000,
    "depreciationAndAmortization": 145474000,
    "ebitda": 221220000,
    "ebitdaratio": 0.572635568,
    "operatingIncome": 75768000,
    "operatingIncomeRatio": 0.1961280703,
    "totalOtherIncomeExpensesNet": -32587000,
    "incomeBeforeTax": 43181000,
    "incomeBeforeTaxRatio": 0.1117755016,
    "incomeTaxExpense": 572000,
    "netIncome": 40691000,
    "netIncomeRatio": 0.1053300511,
    "eps": 0.37,
    "epsdiluted": 0.37,
    "weightedAverageShsOut": 108428000,
    "weightedAverageShsOutDil": 108515000,
    "link": "https://www.sec.gov/Archives/edgar/data/906345/000090634525000008/0000906345-25-000008-index.htm",
    "finalLink": "https://www.sec.gov/Archives/edgar/data/906345/000090634525000008/cpt-20241231.htm"
  },
  {
    "date": "2024-09-30",
    "symbol": "CPT",
    "reportedCurrency": "USD",
    "cik": "0000906345",
    "fillingDate": "2024-11-01",
    "acceptedDate": "2024-11-01 12:09:30",
    "calendarYear": "2024",
    "period": "Q3",
    "revenue": 387232000,
    "costOfRevenue": 153800000,
    "grossProfit": 233432000,
    "grossProfitRatio": 0.6028220808,
    "researchAndDevelopmentExpenses": 0,
    "generalAndAdministrativeExpenses": 18845000,
    "sellingAndMarketingExpenses": 0,
    "sellingGeneralAndAdministrativeExpenses": 18845000,
    "otherExpenses": 144137000,
    "operatingExpenses": 162982000,
    "costAndExpenses": 316782000,
    "interestIncome": 1076000,
    "interestExpense": 32486000,
    "depreciationAndAmortization": 145844000,
    "ebitda": 176382000,
    "ebitdaratio": 0.4554943806,
    "operatingIncome": 70450000,
    "operatingIncomeRatio": 0.1819322783,
    "totalOtherIncomeExpensesNet": -72398000,
    "incomeBeforeTax": -1948000,
    "incomeBeforeTaxRatio": -0.005030576,
    "incomeTaxExpense": 390000,
    "netIncome": -4204000,
    "netIncomeRatio": -0.0108565408,
    "eps": -0.04,
    "epsdiluted": -0.04,
    "weightedAverageShsOut": 108426000,
    "weightedAverageShsOutDil": 108426000,
    "link": "https://www.sec.gov/Archives/edgar/data/906345/000090634524000041/0000906345-24-000041-index.htm",
    "finalLink": "https://www.sec.gov/Archives/edgar/data/906345/000090634524000041/cpt-20240930.htm"
  },
  {
    "date": "2024-06-30",
    "symbol": "CPT",
    "reportedCurrency": "USD",
    "cik": "0000906345",
    "fillingDate": "2024-08-02",
    "acceptedDate": "2024-08-02 13:34:46",
    "calendarYear": "2024",
    "period": "Q2",
    "revenue": 387150000,
    "costOfRevenue": 149210000,
    "grossProfit": 237940000,
    "grossProfitRatio": 0.6145938267,
    "researchAndDevelopmentExpenses": 0,
    "generalAndAdministrativeExpenses": 18154000,
    "sellingAndMarketingExpenses": 0,
    "sellingGeneralAndAdministrativeExpenses": 18154000,
    "otherExpenses": 143288000,
    "operatingExpenses": 161442000,
    "costAndExpenses": 310652000,
    "interestIncome": 1598000,
    "interestExpense": 32227000,
    "depreciationAndAmortization": 145894000,
    "ebitda": 223990000,
    "ebitdaratio": 0.5785612812,
    "operatingIncome": 76498000,
    "operatingIncomeRatio": 0.1975926643,
    "totalOtherIncomeExpensesNet": -30629000,
    "incomeBeforeTax": 45869000,
    "incomeBeforeTaxRatio": 0.1184786259,
    "incomeTaxExpense": 1059000,
    "netIncome": 42917000,
    "netIncomeRatio": 0.1108536743,
    "eps": 0.4,
    "epsdiluted": 0.4,
    "weightedAverageShsOut": 108406000,
    "weightedAverageShsOutDil": 108424000,
    "link": "https://www.sec.gov/Archives/edgar/data/906345/000090634524000027/0000906345-24-000027-index.htm",
    "finalLink": "https://www.sec.gov/Archives/edgar/data/906345/000090634524000027/cpt-20240630.htm"
  },
  {
    "date": "2024-03-31",
    "symbol": "CPT",
    "reportedCurrency": "USD",
    "cik": "0000906345",
    "fillingDate": "2024-05-03",
    "acceptedDate": "2024-05-03 12:35:40",
    "calendarYear": "2024",
    "period": "Q1",
    "revenue": 383141000,
    "costOfRevenue": 148382000,
    "grossProfit": 234759000,
    "grossProfitRatio": 0.6127222093,
    "researchAndDevelopmentExpenses": 0,
    "generalAndAdministrativeExpenses": 16693000,
    "sellingAndMarketingExpenses": 0,
    "sellingGeneralAndAdministrativeExpenses": 16693000,
    "otherExpenses": 143518000,
    "operatingExpenses": 160211000,
    "costAndExpenses": 308593000,
    "interestIncome": 1768000,
    "interestExpense": 32537000,
    "depreciationAndAmortization": 144802000,
    "ebitda": 264003000,
    "ebitdaratio": 0.6890492012,
    "operatingIncome": 74548000,
    "operatingIncomeRatio": 0.1945706672,
    "totalOtherIncomeExpensesNet": 12116000,
    "incomeBeforeTax": 86664000,
    "incomeBeforeTaxRatio": 0.2261934901,
    "incomeTaxExpense": 905000,
    "netIncome": 83889000,
    "netIncomeRatio": 0.2189507257,
    "eps": 0.77,
    "epsdiluted": 0.77,
    "weightedAverageShsOut": 108706000,
    "weightedAverageShsOutDil": 108729000,
    "link": "https://www.sec.gov/Archives/edgar/data/906345/000090634524000017/0000906345-24-000017-index.htm",
    "finalLink": "https://www.sec.gov/Archives/edgar/data/906345/000090634524000017/cpt-20240331.htm"
  },
  {
    "date": "2023-12-31",
    "symbol": "CPT",
    "reportedCurrency": "USD",
    "cik": "0000906345",
    "fillingDate": "2024-02-22",
    "acceptedDate": "2024-02-22 12:40:20",
    "calendarYear": "2023",
    "period": "Q4",
    "revenue": 387587000,
    "costOfRevenue": 145744000,
    "grossProfit": 241843000,
    "grossProfitRatio": 0.6239708762,
    "researchAndDevelopmentExpenses": 0,
    "generalAndAdministrativeExpenses": 15744000,
    "sellingAndMarketingExpenses": 0,
    "sellingGeneralAndAdministrativeExpenses": 15744000,
    "otherExpenses": 143878000,
    "operatingExpenses": 159622000,
    "costAndExpenses": 305366000,
    "interestIncome": 322000,
    "interestExpense": 33968000,
    "depreciationAndAmortization": 144956000,
    "ebitda": 403996000,
    "ebitdaratio": 1.0423363013,
    "operatingIncome": 82221000,
    "operatingIncomeRatio": 0.2121355979,
    "totalOtherIncomeExpensesNet": 142851000,
    "incomeBeforeTax": 225072000,
    "incomeBeforeTaxRatio": 0.5807005911,
    "incomeTaxExpense": 897000,
    "netIncome": 222330000,
    "netIncomeRatio": 0.5736260504,
    "eps": 2.04,
    "epsdiluted": 2.03,
    "weightedAverageShsOut": 108698000,
    "weightedAverageShsOutDil": 110312000,
    "link": "https://www.sec.gov/Archives/edgar/data/906345/000090634524000007/0000906345-24-000007-index.htm",
    "finalLink": "https://www.sec.gov/Archives/edgar/data/906345/000090634524000007/cpt-20231231.htm"
  },
  {
    "date": "2023-09-30",
    "symbol": "CPT",
    "reportedCurrency": "USD",
    "cik": "0000906345",
    "fillingDate": "2023-10-27",
    "acceptedDate": "2023-10-27 14:41:50",
    "calendarYear": "2023",
    "period": "Q3",
    "revenue": 390778000,
    "costOfRevenue": 148440000,
    "grossProfit": 242338000,
    "grossProfitRatio": 0.6201423826,
    "researchAndDevelopmentExpenses": 0,
    "generalAndAdministrativeExpenses": 15543000,
    "sellingAndMarketingExpenses": 0,
    "sellingGeneralAndAdministrativeExpenses": 15543000,
    "otherExpenses": 143282000,
    "operatingExpenses": 158825000,
    "costAndExpenses": 307265000,
    "interestIncome": 64000,
    "interestExpense": 33006000,
    "depreciationAndAmortization": 144359000,
    "ebitda": 227936000,
    "ebitdaratio": 0.5832876979,
    "operatingIncome": 83513000,
    "operatingIncomeRatio": 0.2137095742,
    "totalOtherIncomeExpensesNet": -32942000,
    "incomeBeforeTax": 50571000,
    "incomeBeforeTaxRatio": 0.1294110723,
    "incomeTaxExpense": 752000,
    "netIncome": 47963000,
    "netIncomeRatio": 0.1227372063,
    "eps": 0.44,
    "epsdiluted": 0.44,
    "weightedAverageShsOut": 108683000,
    "weightedAverageShsOutDil": 108706000,
    "link": "https://www.sec.gov/Archives/edgar/data/906345/000090634523000045/0000906345-23-000045-index.htm",
    "finalLink": "https://www.sec.gov/Archives/edgar/data/906345/000090634523000045/cpt-20230930.htm"
  },
  {
    "date": "2023-06-30",
    "symbol": "CPT",
    "reportedCurrency": "USD",
    "cik": "0000906345",
    "fillingDate": "2023-08-04",
    "acceptedDate": "2023-08-04 12:07:40",
    "calendarYear": "2023",
    "period": "Q2",
    "revenue": 385499000,
    "costOfRevenue": 146768000,
    "grossProfit": 238731000,
    "grossProfitRatio": 0.619277871,
    "researchAndDevelopmentExpenses": 0,
    "generalAndAdministrativeExpenses": 15863000,
    "sellingAndMarketingExpenses": 0,
    "sellingGeneralAndAdministrativeExpenses": 15863000,
    "otherExpenses": 142336000,
    "operatingExpenses": 158199000,
    "costAndExpenses": 304967000,
    "interestIncome": 431000,
    "interestExpense": 33578000,
    "depreciationAndAmortization": 143054000,
    "ebitda": 270423000,
    "ebitdaratio": 0.701488201,
    "operatingIncome": 80532000,
    "operatingIncomeRatio": 0.2089032656,
    "totalOtherIncomeExpensesNet": 13259000,
    "incomeBeforeTax": 93791000,
    "incomeBeforeTaxRatio": 0.243297648,
    "incomeTaxExpense": 851000,
    "netIncome": 91099000,
    "netIncomeRatio": 0.2363144911,
    "eps": 0.84,
    "epsdiluted": 0.84,
    "weightedAverageShsOut": 108663000,
    "weightedAverageShsOutDil": 109392000,
    "link": "https://www.sec.gov/Archives/edgar/data/906345/000090634523000039/0000906345-23-000039-index.htm",
    "finalLink": "https://www.sec.gov/Archives/edgar/data/906345/000090634523000039/cpt-20230630.htm"
  },
  {
    "date": "2023-03-31",
    "symbol": "CPT",
    "reportedCurrency": "USD",
    "cik": "0000906345",
    "fillingDate": "2023-04-28",
    "acceptedDate": "2023-04-28 12:18:07",
    "calendarYear": "2023",
    "period": "Q1",
    "revenue": 378163000,
    "costOfRevenue": 143391000,
    "grossProfit": 234772000,
    "grossProfitRatio": 0.620822238,
    "researchAndDevelopmentExpenses": 0,
    "generalAndAdministrativeExpenses": 15356000,
    "sellingAndMarketingExpenses": 0,
    "sellingGeneralAndAdministrativeExpenses": 15356000,
    "otherExpenses": 141866000,
    "operatingExpenses": 157222000,
    "costAndExpenses": 300613000,
    "interestIncome": 62000,
    "interestExpense": 32843000,
    "depreciationAndAmortization": 142444000,
    "ebitda": 220056000,
    "ebitdaratio": 0.5819078017,
    "operatingIncome": 77550000,
    "operatingIncomeRatio": 0.2050703004,
    "totalOtherIncomeExpensesNet": -32781000,
    "incomeBeforeTax": 44769000,
    "incomeBeforeTaxRatio": 0.1183854581,
    "incomeTaxExpense": 1150000,
    "netIncome": 41917000,
    "netIncomeRatio": 0.1108437367,
    "eps": 0.39,
    "epsdiluted": 0.39,
    "weightedAverageShsOut": 108568000,
    "weightedAverageShsOutDil": 108604000,
    "link": "https://www.sec.gov/Archives/edgar/data/906345/000090634523000026/0000906345-23-000026-index.htm",
    "finalLink": "https://www.sec.gov/Archives/edgar/data/906345/000090634523000026/cpt-20230331.htm"
  },
  {
    "date": "2022-12-31",
    "symbol": "CPT",
    "reportedCurrency": "USD",
    "cik": "0000906345",
    "fillingDate": "2023-02-23",
    "acceptedDate": "2023-02-23 13:39:20",
    "calendarYear": "2022",
    "period": "Q4",
    "revenue": 375909000,
    "costOfRevenue": 134928000,
    "grossProfit": 240981000,
    "grossProfitRatio": 0.6410620656,
    "researchAndDevelopmentExpenses": 0,
    "generalAndAdministrativeExpenses": 15887000,
    "sellingAndMarketingExpenses": 0,
    "sellingGeneralAndAdministrativeExpenses": 15887000,
    "otherExpenses": 146340000,
    "operatingExpenses": 162227000,
    "costAndExpenses": 297155000,
    "interestIncome": 138000,
    "interestExpense": 30668000,
    "depreciationAndAmortization": 147271000,
    "ebitda": 226163000,
    "ebitdaratio": 0.6016429508,
    "operatingIncome": 78754000,
    "operatingIncomeRatio": 0.2095028318,
    "totalOtherIncomeExpensesNet": -30530000,
    "incomeBeforeTax": 48224000,
    "incomeBeforeTaxRatio": 0.1282863672,
    "incomeTaxExpense": 753000,
    "netIncome": 45709000,
    "netIncomeRatio": 0.1215959182,
    "eps": 0.42,
    "epsdiluted": 0.42,
    "weightedAverageShsOut": 108467000,
    "weightedAverageShsOutDil": 108467000,
    "link": "https://www.sec.gov/Archives/edgar/data/906345/000090634523000008/0000906345-23-000008-index.htm",
    "finalLink": "https://www.sec.gov/Archives/edgar/data/906345/000090634523000008/cpt-20221231.htm"
  },
  {
    "date": "2022-09-30",
    "symbol": "CPT",
    "reportedCurrency": "USD",
    "cik": "0000906345",
    "fillingDate": "2022-10-28",
    "acceptedDate": "2022-10-28 12:31:28",
    "calendarYear": "2022",
    "period": "Q3",
    "revenue": 373772000,
    "costOfRevenue": 140119000,
    "grossProfit": 233653000,
    "grossProfitRatio": 0.625121732,
    "researchAndDevelopmentExpenses": 0,
    "generalAndAdministrativeExpenses": 14002000,
    "sellingAndMarketingExpenses": 0,
    "sellingGeneralAndAdministrativeExpenses": 14002000,
    "otherExpenses": 158260000,
    "operatingExpenses": 172262000,
    "costAndExpenses": 312381000,
    "interestIncome": 88000,
    "interestExpense": 29192000,
    "depreciationAndAmortization": 158877000,
    "ebitda": 220356000,
    "ebitdaratio": 0.5895465685,
    "operatingIncome": 61391000,
    "operatingIncomeRatio": 0.1642471881,
    "totalOtherIncomeExpensesNet": -29104000,
    "incomeBeforeTax": 32287000,
    "incomeBeforeTaxRatio": 0.0863815374,
    "incomeTaxExpense": 737000,
    "netIncome": 29804000,
    "netIncomeRatio": 0.0797384502,
    "eps": 0.27,
    "epsdiluted": 0.27,
    "weightedAverageShsOut": 108506000,
    "weightedAverageShsOutDil": 108506000,
    "link": "https://www.sec.gov/Archives/edgar/data/906345/000090634522000042/0000906345-22-000042-index.htm",
    "finalLink": "https://www.sec.gov/Archives/edgar/data/906345/000090634522000042/cpt-20220930.htm"
  },
  {
    "date": "2022-06-30",
    "symbol": "CPT",
    "reportedCurrency": "USD",
    "cik": "0000906345",
    "fillingDate": "2022-07-29",
    "acceptedDate": "2022-07-29 12:07:09",
    "calendarYear": "2022",
    "period": "Q2",
    "revenue": 361716000,
    "costOfRevenue": 135452000,
    "grossProfit": 226264000,
    "grossProfitRatio": 0.6255294209,
    "researchAndDevelopmentExpenses": 0,
    "generalAndAdministrativeExpenses": 15734000,
    "sellingAndMarketingExpenses": 0,
    "sellingGeneralAndAdministrativeExpenses": 15734000,
    "otherExpenses": 156544000,
    "operatingExpenses": 172278000,
    "costAndExpenses": 307730000,
    "interestIncome": 662000,
    "interestExpense": 29022000,
    "depreciationAndAmortization": 157734000,
    "ebitda": 686528000,
    "ebitdaratio": 1.8979752071,
    "operatingIncome": 53986000,
    "operatingIncomeRatio": 0.1492496876,
    "totalOtherIncomeExpensesNet": 445786000,
    "incomeBeforeTax": 499772000,
    "incomeBeforeTaxRatio": 1.3816695971,
    "incomeTaxExpense": 886000,
    "netIncome": 496575000,
    "netIncomeRatio": 1.3728311714,
    "eps": 4.6,
    "epsdiluted": 4.53,
    "weightedAverageShsOut": 108106000,
    "weightedAverageShsOutDil": 109745000,
    "link": "https://www.sec.gov/Archives/edgar/data/906345/000090634522000029/0000906345-22-000029-index.htm",
    "finalLink": "https://www.sec.gov/Archives/edgar/data/906345/000090634522000029/cpt-20220630.htm"
  },
  {
    "date": "2022-03-31",
    "symbol": "CPT",
    "reportedCurrency": "USD",
    "cik": "0000906345",
    "fillingDate": "2022-04-29",
    "acceptedDate": "2022-04-29 12:25:56",
    "calendarYear": "2022",
    "period": "Q1",
    "revenue": 311359000,
    "costOfRevenue": 118699000,
    "grossProfit": 192660000,
    "grossProfitRatio": 0.6187712576,
    "researchAndDevelopmentExpenses": 0,
    "generalAndAdministrativeExpenses": 14790000,
    "sellingAndMarketingExpenses": 0,
    "sellingGeneralAndAdministrativeExpenses": 14790000,
    "otherExpenses": 110688000,
    "operatingExpenses": 125478000,
    "costAndExpenses": 244177000,
    "interestIncome": 2131000,
    "interestExpense": 24542000,
    "depreciationAndAmortization": 113138000,
    "ebitda": 221871000,
    "ebitdaratio": 0.712589005,
    "operatingIncome": 67182000,
    "operatingIncomeRatio": 0.2157702202,
    "totalOtherIncomeExpensesNet": 17009000,
    "incomeBeforeTax": 84191000,
    "incomeBeforeTaxRatio": 0.2703984789,
    "incomeTaxExpense": 590000,
    "netIncome": 80624000,
    "netIncomeRatio": 0.2589422499,
    "eps": 0.77,
    "epsdiluted": 0.76,
    "weightedAverageShsOut": 105336000,
    "weightedAverageShsOutDil": 106152000,
    "link": "https://www.sec.gov/Archives/edgar/data/906345/000090634522000022/0000906345-22-000022-index.htm",
    "finalLink": "https://www.sec.gov/Archives/edgar/data/906345/000090634522000022/cpt-20220331.htm"
  },
  {
    "date": "2021-12-31",
    "symbol": "CPT",
    "reportedCurrency": "USD",
    "cik": "0000906345",
    "fillingDate": "2022-02-17",
    "acceptedDate": "2022-02-17 13:55:07",
    "calendarYear": "2021",
    "period": "Q4",
    "revenue": 305364000,
    "costOfRevenue": 111394000,
    "grossProfit": 193970000,
    "grossProfitRatio": 0.6352091275,
    "researchAndDevelopmentExpenses": 0,
    "generalAndAdministrativeExpenses": 14940000,
    "sellingAndMarketingExpenses": 0,
    "sellingGeneralAndAdministrativeExpenses": 14940000,
    "otherExpenses": 113688000,
    "operatingExpenses": 128628000,
    "costAndExpenses": 240022000,
    "interestIncome": 191000,
    "interestExpense": 24582000,
    "depreciationAndAmortization": 116503000,
    "ebitda": 359545000,
    "ebitdaratio": 1.1774308694,
    "operatingIncome": 65342000,
    "operatingIncomeRatio": 0.2139806919,
    "totalOtherIncomeExpensesNet": 153118000,
    "incomeBeforeTax": 218460000,
    "incomeBeforeTaxRatio": 0.7154084961,
    "incomeTaxExpense": 601000,
    "netIncome": 212475000,
    "netIncomeRatio": 0.6958089362,
    "eps": 2.04,
    "epsdiluted": 2.02,
    "weightedAverageShsOut": 104611000,
    "weightedAverageShsOutDil": 105448000,
    "link": "https://www.sec.gov/Archives/edgar/data/906345/000090634522000009/0000906345-22-000009-index.htm",
    "finalLink": "https://www.sec.gov/Archives/edgar/data/906345/000090634522000009/cpt-20211231.htm"
  },
  {
    "date": "2021-09-30",
    "symbol": "CPT",
    "reportedCurrency": "USD",
    "cik": "0000906345",
    "fillingDate": "2021-10-29",
    "acceptedDate": "2021-10-29 12:36:23",
    "calendarYear": "2021",
    "period": "Q3",
    "revenue": 294130000,
    "costOfRevenue": 117867000,
    "grossProfit": 176263000,
    "grossProfitRatio": 0.5992690307,
    "researchAndDevelopmentExpenses": 0,
    "generalAndAdministrativeExpenses": 14960000,
    "sellingAndMarketingExpenses": 0,
    "sellingGeneralAndAdministrativeExpenses": 14960000,
    "otherExpenses": 108214000,
    "operatingExpenses": 123174000,
    "costAndExpenses": 241041000,
    "interestIncome": 443000,
    "interestExpense": 24987000,
    "depreciationAndAmortization": 111462000,
    "ebitda": 167534000,
    "ebitdaratio": 0.5695916771,
    "operatingIncome": 53089000,
    "operatingIncomeRatio": 0.1804950192,
    "totalOtherIncomeExpensesNet": -22004000,
    "incomeBeforeTax": 31085000,
    "incomeBeforeTaxRatio": 0.1056845612,
    "incomeTaxExpense": 480000,
    "netIncome": 29453000,
    "netIncomeRatio": 0.1001359943,
    "eps": 0.29,
    "epsdiluted": 0.29,
    "weightedAverageShsOut": 103071000,
    "weightedAverageShsOutDil": 103171000,
    "link": "https://www.sec.gov/Archives/edgar/data/906345/000090634521000041/0000906345-21-000041-index.htm",
    "finalLink": "https://www.sec.gov/Archives/edgar/data/906345/000090634521000041/cpt-20210930.htm"
  },
  {
    "date": "2021-06-30",
    "symbol": "CPT",
    "reportedCurrency": "USD",
    "cik": "0000906345",
    "fillingDate": "2021-07-30",
    "acceptedDate": "2021-07-30 12:22:34",
    "calendarYear": "2021",
    "period": "Q2",
    "revenue": 276523000,
    "costOfRevenue": 110426000,
    "grossProfit": 166097000,
    "grossProfitRatio": 0.6006625127,
    "researchAndDevelopmentExpenses": 0,
    "generalAndAdministrativeExpenses": 15246000,
    "sellingAndMarketingExpenses": 0,
    "sellingGeneralAndAdministrativeExpenses": 15246000,
    "otherExpenses": 97323000,
    "operatingExpenses": 112569000,
    "costAndExpenses": 222995000,
    "interestIncome": 257000,
    "interestExpense": 24084000,
    "depreciationAndAmortization": 99586000,
    "ebitda": 155569000,
    "ebitdaratio": 0.5625897303,
    "operatingIncome": 53528000,
    "operatingIncomeRatio": 0.193575218,
    "totalOtherIncomeExpensesNet": -21629000,
    "incomeBeforeTax": 31899000,
    "incomeBeforeTaxRatio": 0.1153574929,
    "incomeTaxExpense": 460000,
    "netIncome": 30129000,
    "netIncomeRatio": 0.1089565787,
    "eps": 0.3,
    "epsdiluted": 0.3,
    "weightedAverageShsOut": 100701000,
    "weightedAverageShsOutDil": 100767000,
    "link": "https://www.sec.gov/Archives/edgar/data/906345/000090634521000034/0000906345-21-000034-index.htm",
    "finalLink": "https://www.sec.gov/Archives/edgar/data/906345/000090634521000034/cpt-20210630.htm"
  },
  {
    "date": "2021-03-31",
    "symbol": "CPT",
    "reportedCurrency": "USD",
    "cik": "0000906345",
    "fillingDate": "2021-04-30",
    "acceptedDate": "2021-04-30 13:47:10",
    "calendarYear": "2021",
    "period": "Q1",
    "revenue": 267568000,
    "costOfRevenue": 108188000,
    "grossProfit": 159380000,
    "grossProfitRatio": 0.5956616636,
    "researchAndDevelopmentExpenses": 0,
    "generalAndAdministrativeExpenses": 14222000,
    "sellingAndMarketingExpenses": 0,
    "sellingGeneralAndAdministrativeExpenses": 14222000,
    "otherExpenses": 90935000,
    "operatingExpenses": 105157000,
    "costAndExpenses": 213345000,
    "interestIncome": 332000,
    "interestExpense": 23644000,
    "depreciationAndAmortization": 93141000,
    "ebitda": 149610000,
    "ebitdaratio": 0.5591475812,
    "operatingIncome": 54223000,
    "operatingIncomeRatio": 0.2026512886,
    "totalOtherIncomeExpensesNet": -21398000,
    "incomeBeforeTax": 32825000,
    "incomeBeforeTaxRatio": 0.1226790947,
    "incomeTaxExpense": 352000,
    "netIncome": 31304000,
    "netIncomeRatio": 0.1169945584,
    "eps": 0.31,
    "epsdiluted": 0.31,
    "weightedAverageShsOut": 99547000,
    "weightedAverageShsOutDil": 99621000,
    "link": "https://www.sec.gov/Archives/edgar/data/906345/000090634521000026/0000906345-21-000026-index.htm",
    "finalLink": "https://www.sec.gov/Archives/edgar/data/906345/000090634521000026/cpt-20210331.htm"
  },
  {
    "date": "2020-12-31",
    "symbol": "CPT",
    "reportedCurrency": "USD",
    "cik": "0000906345",
    "fillingDate": "2021-02-18",
    "acceptedDate": "2021-02-18 13:08:12",
    "calendarYear": "2020",
    "period": "Q4",
    "revenue": 261554000,
    "costOfRevenue": 107071000,
    "grossProfit": 154483000,
    "grossProfitRatio": 0.5906352034,
    "researchAndDevelopmentExpenses": 0,
    "generalAndAdministrativeExpenses": 13274000,
    "sellingAndMarketingExpenses": 0,
    "sellingGeneralAndAdministrativeExpenses": 13274000,
    "otherExpenses": 88574000,
    "operatingExpenses": 101848000,
    "costAndExpenses": 208919000,
    "interestIncome": 347000,
    "interestExpense": 24072000,
    "depreciationAndAmortization": 91925000,
    "ebitda": 146874000,
    "ebitdaratio": 0.5615436965,
    "operatingIncome": 52635000,
    "operatingIncomeRatio": 0.2012395146,
    "totalOtherIncomeExpensesNet": -21758000,
    "incomeBeforeTax": 30877000,
    "incomeBeforeTaxRatio": 0.118052104,
    "incomeTaxExpense": 496000,
    "netIncome": 29136000,
    "netIncomeRatio": 0.1113957347,
    "eps": 0.29,
    "epsdiluted": 0.29,
    "weightedAverageShsOut": 99422000,
    "weightedAverageShsOutDil": 99507000,
    "link": "https://www.sec.gov/Archives/edgar/data/906345/000090634521000010/0000906345-21-000010-index.htm",
    "finalLink": "https://www.sec.gov/Archives/edgar/data/906345/000090634521000010/cpt-20201231.htm"
  },
  {
    "date": "2020-09-30",
    "symbol": "CPT",
    "reportedCurrency": "USD",
    "cik": "0000906345",
    "fillingDate": "2020-10-30",
    "acceptedDate": "2020-10-30 12:15:15",
    "calendarYear": "2020",
    "period": "Q3",
    "revenue": 265721000,
    "costOfRevenue": 107964000,
    "grossProfit": 157757000,
    "grossProfitRatio": 0.5936941378,
    "researchAndDevelopmentExpenses": 0,
    "generalAndAdministrativeExpenses": 12726000,
    "sellingAndMarketingExpenses": 0,
    "sellingGeneralAndAdministrativeExpenses": 12726000,
    "otherExpenses": 88033000,
    "operatingExpenses": 100759000,
    "costAndExpenses": 208723000,
    "interestIncome": 1948000,
    "interestExpense": 24265000,
    "depreciationAndAmortization": 90575000,
    "ebitda": 151675000,
    "ebitdaratio": 0.5708054689,
    "operatingIncome": 56998000,
    "operatingIncomeRatio": 0.2145031819,
    "totalOtherIncomeExpensesNet": -20163000,
    "incomeBeforeTax": 36835000,
    "incomeBeforeTaxRatio": 0.1386228413,
    "incomeTaxExpense": 615000,
    "netIncome": 34883000,
    "netIncomeRatio": 0.1312767903,
    "eps": 0.35,
    "epsdiluted": 0.35,
    "weightedAverageShsOut": 99419000,
    "weightedAverageShsOutDil": 99455000,
    "link": "https://www.sec.gov/Archives/edgar/data/906345/000090634520000060/0000906345-20-000060-index.htm",
    "finalLink": "https://www.sec.gov/Archives/edgar/data/906345/000090634520000060/cpt-20200930.htm"
  },
  {
    "date": "2020-06-30",
    "symbol": "CPT",
    "reportedCurrency": "USD",
    "cik": "0000906345",
    "fillingDate": "2020-07-31",
    "acceptedDate": "2020-07-31 12:27:47",
    "calendarYear": "2020",
    "period": "Q2",
    "revenue": 250683000,
    "costOfRevenue": 106440000,
    "grossProfit": 144243000,
    "grossProfitRatio": 0.5754000072,
    "researchAndDevelopmentExpenses": 0,
    "generalAndAdministrativeExpenses": 14391000,
    "sellingAndMarketingExpenses": 0,
    "sellingGeneralAndAdministrativeExpenses": 14391000,
    "otherExpenses": 90423000,
    "operatingExpenses": 104814000,
    "costAndExpenses": 211254000,
    "interestIncome": 325000,
    "interestExpense": 23482000,
    "depreciationAndAmortization": 92803000,
    "ebitda": 134190000,
    "ebitdaratio": 0.535297567,
    "operatingIncome": 39429000,
    "operatingIncomeRatio": 0.1572862938,
    "totalOtherIncomeExpensesNet": -21524000,
    "incomeBeforeTax": 17905000,
    "incomeBeforeTaxRatio": 0.0714248673,
    "incomeTaxExpense": 394000,
    "netIncome": 16442000,
    "netIncomeRatio": 0.0655888114,
    "eps": 0.17,
    "epsdiluted": 0.17,
    "weightedAverageShsOut": 99399000,
    "weightedAverageShsOutDil": 99408000,
    "link": "https://www.sec.gov/Archives/edgar/data/906345/000090634520000052/0000906345-20-000052-index.htm",
    "finalLink": "https://www.sec.gov/Archives/edgar/data/906345/000090634520000052/cpt630202010q2q20.htm"
  },
  {
    "date": "2020-03-31",
    "symbol": "CPT",
    "reportedCurrency": "USD",
    "cik": "0000906345",
    "fillingDate": "2020-05-08",
    "acceptedDate": "2020-05-08 12:32:47",
    "calendarYear": "2020",
    "period": "Q1",
    "revenue": 265879000,
    "costOfRevenue": 101506000,
    "grossProfit": 164373000,
    "grossProfitRatio": 0.6182248316,
    "researchAndDevelopmentExpenses": 0,
    "generalAndAdministrativeExpenses": 13233000,
    "sellingAndMarketingExpenses": 0,
    "sellingGeneralAndAdministrativeExpenses": 13233000,
    "otherExpenses": 89332000,
    "operatingExpenses": 102565000,
    "costAndExpenses": 204071000,
    "interestIncome": 329000,
    "interestExpense": 19707000,
    "depreciationAndAmortization": 91859000,
    "ebitda": 156500000,
    "ebitdaratio": 0.5886136175,
    "operatingIncome": 61808000,
    "operatingIncomeRatio": 0.2324666484,
    "totalOtherIncomeExpensesNet": -16874000,
    "incomeBeforeTax": 44934000,
    "incomeBeforeTaxRatio": 0.1690016887,
    "incomeTaxExpense": 467000,
    "netIncome": 43185000,
    "netIncomeRatio": 0.1624235084,
    "eps": 0.43,
    "epsdiluted": 0.44,
    "weightedAverageShsOut": 99298000,
    "weightedAverageShsOutDil": 99380000,
    "link": "https://www.sec.gov/Archives/edgar/data/906345/000090634520000038/0000906345-20-000038-index.htm",
    "finalLink": "https://www.sec.gov/Archives/edgar/data/906345/000090634520000038/cpt331202010q1q20.htm"
  },
  {
    "date": "2019-12-31",
    "symbol": "CPT",
    "reportedCurrency": "USD",
    "cik": "0000906345",
    "fillingDate": "2020-02-20",
    "acceptedDate": "2020-02-20 13:04:30",
    "calendarYear": "2019",
    "period": "Q4",
    "revenue": 263461000,
    "costOfRevenue": 98532000,
    "grossProfit": 164929000,
    "grossProfitRatio": 0.6260091626,
    "researchAndDevelopmentExpenses": 0,
    "generalAndAdministrativeExpenses": 13174000,
    "sellingAndMarketingExpenses": 0,
    "sellingGeneralAndAdministrativeExpenses": 13174000,
    "otherExpenses": 82693000,
    "operatingExpenses": 95867000,
    "costAndExpenses": 194399000,
    "interestIncome": 976000,
    "interestExpense": 20168000,
    "depreciationAndAmortization": 85540000,
    "ebitda": 202313000,
    "ebitdaratio": 0.7679049271,
    "operatingIncome": 69062000,
    "operatingIncomeRatio": 0.2621336744,
    "totalOtherIncomeExpensesNet": 27543000,
    "incomeBeforeTax": 96605000,
    "incomeBeforeTaxRatio": 0.3666766618,
    "incomeTaxExpense": 380000,
    "netIncome": 94759000,
    "netIncomeRatio": 0.3596699322,
    "eps": 0.96,
    "epsdiluted": 0.94,
    "weightedAverageShsOut": 99055000,
    "weightedAverageShsOutDil": 100932000,
    "link": "https://www.sec.gov/Archives/edgar/data/906345/000090634520000008/0000906345-20-000008-index.htm",
    "finalLink": "https://www.sec.gov/Archives/edgar/data/906345/000090634520000008/cpt1231201910k.htm"
  },
  {
    "date": "2019-09-30",
    "symbol": "CPT",
    "reportedCurrency": "USD",
    "cik": "0000906345",
    "fillingDate": "2019-11-01",
    "acceptedDate": "2019-11-01 12:22:59",
    "calendarYear": "2019",
    "period": "Q3",
    "revenue": 260672000,
    "costOfRevenue": 101343000,
    "grossProfit": 159329000,
    "grossProfitRatio": 0.611224067,
    "researchAndDevelopmentExpenses": 0,
    "generalAndAdministrativeExpenses": 13458000,
    "sellingAndMarketingExpenses": 0,
    "sellingGeneralAndAdministrativeExpenses": 13458000,
    "otherExpenses": 83675000,
    "operatingExpenses": 97133000,
    "costAndExpenses": 198476000,
    "interestIncome": 1485000,
    "interestExpense": 20719000,
    "depreciationAndAmortization": 85814000,
    "ebitda": 151628000,
    "ebitdaratio": 0.5816811932,
    "operatingIncome": 62196000,
    "operatingIncomeRatio": 0.2385986987,
    "totalOtherIncomeExpensesNet": -17101000,
    "incomeBeforeTax": 45095000,
    "incomeBeforeTaxRatio": 0.1729951817,
    "incomeTaxExpense": 313000,
    "netIncome": 43508000,
    "netIncomeRatio": 0.166907071,
    "eps": 0.44,
    "epsdiluted": 0.44,
    "weightedAverageShsOut": 98959000,
    "weightedAverageShsOutDil": 99066000,
    "link": "https://www.sec.gov/Archives/edgar/data/906345/000090634519000040/0000906345-19-000040-index.htm",
    "finalLink": "https://www.sec.gov/Archives/edgar/data/906345/000090634519000040/cpt930201910q3q19.htm"
  },
  {
    "date": "2019-06-30",
    "symbol": "CPT",
    "reportedCurrency": "USD",
    "cik": "0000906345",
    "fillingDate": "2019-07-26",
    "acceptedDate": "2019-07-26 12:15:07",
    "calendarYear": "2019",
    "period": "Q2",
    "revenue": 255761000,
    "costOfRevenue": 98842000,
    "grossProfit": 156919000,
    "grossProfitRatio": 0.6135376387,
    "researchAndDevelopmentExpenses": 0,
    "generalAndAdministrativeExpenses": 13261000,
    "sellingAndMarketingExpenses": 0,
    "sellingGeneralAndAdministrativeExpenses": 13261000,
    "otherExpenses": 82779000,
    "operatingExpenses": 96040000,
    "costAndExpenses": 194882000,
    "interestIncome": 331000,
    "interestExpense": 19349000,
    "depreciationAndAmortization": 84646000,
    "ebitda": 147765000,
    "ebitdaratio": 0.5777464117,
    "operatingIncome": 60879000,
    "operatingIncomeRatio": 0.2380308178,
    "totalOtherIncomeExpensesNet": -17109000,
    "incomeBeforeTax": 43770000,
    "incomeBeforeTaxRatio": 0.1711363343,
    "incomeTaxExpense": 228000,
    "netIncome": 42282000,
    "netIncomeRatio": 0.1653184027,
    "eps": 0.43,
    "epsdiluted": 0.43,
    "weightedAverageShsOut": 98903000,
    "weightedAverageShsOutDil": 98997000,
    "link": "https://www.sec.gov/Archives/edgar/data/906345/000090634519000033/0000906345-19-000033-index.htm",
    "finalLink": "https://www.sec.gov/Archives/edgar/data/906345/000090634519000033/cpt630201910q2q19.htm"
  },
  {
    "date": "2019-03-31",
    "symbol": "CPT",
    "reportedCurrency": "USD",
    "cik": "0000906345",
    "fillingDate": "2019-05-03",
    "acceptedDate": "2019-05-03 12:19:49",
    "calendarYear": "2019",
    "period": "Q1",
    "revenue": 248567000,
    "costOfRevenue": 98679000,
    "grossProfit": 149888000,
    "grossProfitRatio": 0.6030084444,
    "researchAndDevelopmentExpenses": 0,
    "generalAndAdministrativeExpenses": 13308000,
    "sellingAndMarketingExpenses": 0,
    "sellingGeneralAndAdministrativeExpenses": 13308000,
    "otherExpenses": 78431000,
    "operatingExpenses": 91739000,
    "costAndExpenses": 190418000,
    "interestIncome": 298000,
    "interestExpense": 20470000,
    "depreciationAndAmortization": 80274000,
    "ebitda": 140633000,
    "ebitdaratio": 0.5657750224,
    "operatingIncome": 58149000,
    "operatingIncomeRatio": 0.2339369265,
    "totalOtherIncomeExpensesNet": -18260000,
    "incomeBeforeTax": 39889000,
    "incomeBeforeTaxRatio": 0.1604758476,
    "incomeTaxExpense": 168000,
    "netIncome": 38529000,
    "netIncomeRatio": 0.1550044857,
    "eps": 0.4,
    "epsdiluted": 0.4,
    "weightedAverageShsOut": 96892000,
    "weightedAverageShsOutDil": 97041000,
    "link": "https://www.sec.gov/Archives/edgar/data/906345/000090634519000023/0000906345-19-000023-index.htm",
    "finalLink": "https://www.sec.gov/Archives/edgar/data/906345/000090634519000023/cpt331201910q1q19.htm"
  },
  {
    "date": "2018-12-31",
    "symbol": "CPT",
    "reportedCurrency": "USD",
    "cik": "0000906345",
    "fillingDate": "2019-02-15",
    "acceptedDate": "2019-02-15 13:14:43",
    "calendarYear": "2018",
    "period": "Q4",
    "revenue": 244919000,
    "costOfRevenue": 94144000,
    "grossProfit": 150775000,
    "grossProfitRatio": 0.615611692,
    "researchAndDevelopmentExpenses": 0,
    "generalAndAdministrativeExpenses": 13622000,
    "sellingAndMarketingExpenses": 0,
    "sellingGeneralAndAdministrativeExpenses": 13622000,
    "otherExpenses": 77097000,
    "operatingExpenses": 90719000,
    "costAndExpenses": 184863000,
    "interestIncome": 432000,
    "interestExpense": 22047000,
    "depreciationAndAmortization": 78677000,
    "ebitda": 141357000,
    "ebitdaratio": 0.5771581625,
    "operatingIncome": 60056000,
    "operatingIncomeRatio": 0.2452075992,
    "totalOtherIncomeExpensesNet": -19423000,
    "incomeBeforeTax": 40633000,
    "incomeBeforeTaxRatio": 0.1659038294,
    "incomeTaxExpense": 326000,
    "netIncome": 39196000,
    "netIncomeRatio": 0.1600365835,
    "eps": 0.41,
    "epsdiluted": 0.41,
    "weightedAverageShsOut": 95262000,
    "weightedAverageShsOutDil": 95465000,
    "link": "https://www.sec.gov/Archives/edgar/data/906345/000090634519000006/0000906345-19-000006-index.htm",
    "finalLink": "https://www.sec.gov/Archives/edgar/data/906345/000090634519000006/cpt1231201810k.htm"
  },
  {
    "date": "2018-09-30",
    "symbol": "CPT",
    "reportedCurrency": "USD",
    "cik": "0000906345",
    "fillingDate": "2018-10-26",
    "acceptedDate": "2018-10-26 12:26:30",
    "calendarYear": "2018",
    "period": "Q3",
    "revenue": 241770000,
    "costOfRevenue": 95276000,
    "grossProfit": 146494000,
    "grossProfitRatio": 0.6059229847,
    "researchAndDevelopmentExpenses": 0,
    "generalAndAdministrativeExpenses": 12618000,
    "sellingAndMarketingExpenses": 0,
    "sellingGeneralAndAdministrativeExpenses": 12618000,
    "otherExpenses": 74649000,
    "operatingExpenses": 87267000,
    "costAndExpenses": 182543000,
    "interestIncome": 385000,
    "interestExpense": 21235000,
    "depreciationAndAmortization": 76476000,
    "ebitda": 138031000,
    "ebitdaratio": 0.5709186417,
    "operatingIncome": 59227000,
    "operatingIncomeRatio": 0.2449724945,
    "totalOtherIncomeExpensesNet": -18907000,
    "incomeBeforeTax": 40320000,
    "incomeBeforeTaxRatio": 0.1667700707,
    "incomeTaxExpense": 330000,
    "netIncome": 38582000,
    "netIncomeRatio": 0.1595814204,
    "eps": 0.41,
    "epsdiluted": 0.4,
    "weightedAverageShsOut": 95257000,
    "weightedAverageShsOutDil": 95417000,
    "link": "https://www.sec.gov/Archives/edgar/data/906345/000090634518000045/0000906345-18-000045-index.htm",
    "finalLink": "https://www.sec.gov/Archives/edgar/data/906345/000090634518000045/cpt930201810q3q18.htm"
  },
  {
    "date": "2018-06-30",
    "symbol": "CPT",
    "reportedCurrency": "USD",
    "cik": "0000906345",
    "fillingDate": "2018-08-03",
    "acceptedDate": "2018-08-03 12:10:26",
    "calendarYear": "2018",
    "period": "Q2",
    "revenue": 237133000,
    "costOfRevenue": 92622000,
    "grossProfit": 144511000,
    "grossProfitRatio": 0.6094090658,
    "researchAndDevelopmentExpenses": 0,
    "generalAndAdministrativeExpenses": 12272000,
    "sellingAndMarketingExpenses": 0,
    "sellingGeneralAndAdministrativeExpenses": 12272000,
    "otherExpenses": 73743000,
    "operatingExpenses": 86015000,
    "costAndExpenses": 178637000,
    "interestIncome": 491000,
    "interestExpense": 20607000,
    "depreciationAndAmortization": 75569000,
    "ebitda": 136428000,
    "ebitdaratio": 0.5753227092,
    "operatingIncome": 58496000,
    "operatingIncomeRatio": 0.2466801331,
    "totalOtherIncomeExpensesNet": -18244000,
    "incomeBeforeTax": 40252000,
    "incomeBeforeTaxRatio": 0.169744405,
    "incomeTaxExpense": 380000,
    "netIncome": 38389000,
    "netIncomeRatio": 0.1618880544,
    "eps": 0.4,
    "epsdiluted": 0.4,
    "weightedAverageShsOut": 95337000,
    "weightedAverageShsOutDil": 95337000,
    "link": "https://www.sec.gov/Archives/edgar/data/906345/000090634518000034/0000906345-18-000034-index.htm",
    "finalLink": "https://www.sec.gov/Archives/edgar/data/906345/000090634518000034/cpt630201810q2q18.htm"
  },
  {
    "date": "2018-03-31",
    "symbol": "CPT",
    "reportedCurrency": "USD",
    "cik": "0000906345",
    "fillingDate": "2018-05-04",
    "acceptedDate": "2018-05-04 12:14:19",
    "calendarYear": "2018",
    "period": "Q1",
    "revenue": 230683000,
    "costOfRevenue": 91569000,
    "grossProfit": 139114000,
    "grossProfitRatio": 0.603052674,
    "researchAndDevelopmentExpenses": 0,
    "generalAndAdministrativeExpenses": 12223000,
    "sellingAndMarketingExpenses": 0,
    "sellingGeneralAndAdministrativeExpenses": 12223000,
    "otherExpenses": 68226000,
    "operatingExpenses": 80449000,
    "costAndExpenses": 172018000,
    "interestIncome": 793000,
    "interestExpense": 20374000,
    "depreciationAndAmortization": 70224000,
    "ebitda": 131511000,
    "ebitdaratio": 0.5700940251,
    "operatingIncome": 58665000,
    "operatingIncomeRatio": 0.2543100272,
    "totalOtherIncomeExpensesNet": -17752000,
    "incomeBeforeTax": 40913000,
    "incomeBeforeTaxRatio": 0.1773559387,
    "incomeTaxExpense": 388000,
    "netIncome": 39130000,
    "netIncomeRatio": 0.1696267172,
    "eps": 0.41,
    "epsdiluted": 0.41,
    "weightedAverageShsOut": 95067000,
    "weightedAverageShsOutDil": 96046000,
    "link": "https://www.sec.gov/Archives/edgar/data/906345/000090634518000017/0000906345-18-000017-index.htm",
    "finalLink": "https://www.sec.gov/Archives/edgar/data/906345/000090634518000017/cpt331201810q1q18.htm"
  },
  {
    "date": "2017-12-31",
    "symbol": "CPT",
    "reportedCurrency": "USD",
    "cik": "0000906345",
    "fillingDate": "2018-02-16",
    "acceptedDate": "2018-02-16 12:49:21",
    "calendarYear": "2017",
    "period": "Q4",
    "revenue": 229827000,
    "costOfRevenue": 87714000,
    "grossProfit": 142113000,
    "grossProfitRatio": 0.6183477137,
    "researchAndDevelopmentExpenses": 0,
    "generalAndAdministrativeExpenses": 13002000,
    "sellingAndMarketingExpenses": 0,
    "sellingGeneralAndAdministrativeExpenses": 13002000,
    "otherExpenses": 65823000,
    "operatingExpenses": 78825000,
    "costAndExpenses": 166539000,
    "interestIncome": 1432000,
    "interestExpense": 20618000,
    "depreciationAndAmortization": 68193000,
    "ebitda": 178109000,
    "ebitdaratio": 0.7749698686,
    "operatingIncome": 63288000,
    "operatingIncomeRatio": 0.2753723453,
    "totalOtherIncomeExpensesNet": 26010000,
    "incomeBeforeTax": 89298000,
    "incomeBeforeTaxRatio": 0.3885444269,
    "incomeTaxExpense": 216000,
    "netIncome": 87989000,
    "netIncomeRatio": 0.3828488385,
    "eps": 0.92,
    "epsdiluted": 0.91,
    "weightedAverageShsOut": 94905000,
    "weightedAverageShsOutDil": 97068000,
    "link": "https://www.sec.gov/Archives/edgar/data/906345/000090634518000007/0000906345-18-000007-index.htm",
    "finalLink": "https://www.sec.gov/Archives/edgar/data/906345/000090634518000007/cpt1231201710k.htm"
  },
  {
    "date": "2017-09-30",
    "symbol": "CPT",
    "reportedCurrency": "USD",
    "cik": "0000906345",
    "fillingDate": "2017-10-27",
    "acceptedDate": "2017-10-27 13:22:54",
    "calendarYear": "2017",
    "period": "Q3",
    "revenue": 228178000,
    "costOfRevenue": 95457000,
    "grossProfit": 132721000,
    "grossProfitRatio": 0.5816555496,
    "researchAndDevelopmentExpenses": 0,
    "generalAndAdministrativeExpenses": 12266000,
    "sellingAndMarketingExpenses": 0,
    "sellingGeneralAndAdministrativeExpenses": 12266000,
    "otherExpenses": 64898000,
    "operatingExpenses": 77164000,
    "costAndExpenses": 172621000,
    "interestIncome": 385000,
    "interestExpense": 21210000,
    "depreciationAndAmortization": 67014000,
    "ebitda": 124211000,
    "ebitdaratio": 0.5443601048,
    "operatingIncome": 55557000,
    "operatingIncomeRatio": 0.2434809666,
    "totalOtherIncomeExpensesNet": -19570000,
    "incomeBeforeTax": 35987000,
    "incomeBeforeTaxRatio": 0.1577145912,
    "incomeTaxExpense": 512000,
    "netIncome": 34384000,
    "netIncomeRatio": 0.1506893741,
    "eps": 0.38,
    "epsdiluted": 0.38,
    "weightedAverageShsOut": 91011000,
    "weightedAverageShsOutDil": 92033000,
    "link": "https://www.sec.gov/Archives/edgar/data/906345/000090634517000044/0000906345-17-000044-index.htm",
    "finalLink": "https://www.sec.gov/Archives/edgar/data/906345/000090634517000044/cpt930201710q3q17.htm"
  },
  {
    "date": "2017-06-30",
    "symbol": "CPT",
    "reportedCurrency": "USD",
    "cik": "0000906345",
    "fillingDate": "2017-07-28",
    "acceptedDate": "2017-07-28 13:15:25",
    "calendarYear": "2017",
    "period": "Q2",
    "revenue": 223370000,
    "costOfRevenue": 87868000,
    "grossProfit": 135502000,
    "grossProfitRatio": 0.6066257779,
    "researchAndDevelopmentExpenses": 0,
    "generalAndAdministrativeExpenses": 12451000,
    "sellingAndMarketingExpenses": 0,
    "sellingGeneralAndAdministrativeExpenses": 12451000,
    "otherExpenses": 63091000,
    "operatingExpenses": 75542000,
    "costAndExpenses": 163410000,
    "interestIncome": 560000,
    "interestExpense": 21966000,
    "depreciationAndAmortization": 65033000,
    "ebitda": 127338000,
    "ebitdaratio": 0.5700765546,
    "operatingIncome": 59960000,
    "operatingIncomeRatio": 0.2684335408,
    "totalOtherIncomeExpensesNet": -19621000,
    "incomeBeforeTax": 40339000,
    "incomeBeforeTaxRatio": 0.1805927385,
    "incomeTaxExpense": 25000,
    "netIncome": 39188000,
    "netIncomeRatio": 0.1754398532,
    "eps": 0.43,
    "epsdiluted": 0.43,
    "weightedAverageShsOut": 90105000,
    "weightedAverageShsOutDil": 91041000,
    "link": "https://www.sec.gov/Archives/edgar/data/906345/000090634517000038/0000906345-17-000038-index.htm",
    "finalLink": "https://www.sec.gov/Archives/edgar/data/906345/000090634517000038/cpt630201710q2q17.htm"
  },
  {
    "date": "2017-03-31",
    "symbol": "CPT",
    "reportedCurrency": "USD",
    "cik": "0000906345",
    "fillingDate": "2017-05-05",
    "acceptedDate": "2017-05-05 13:24:23",
    "calendarYear": "2017",
    "period": "Q1",
    "revenue": 219521000,
    "costOfRevenue": 87379000,
    "grossProfit": 132142000,
    "grossProfitRatio": 0.6019560771,
    "researchAndDevelopmentExpenses": 0,
    "generalAndAdministrativeExpenses": 12868000,
    "sellingAndMarketingExpenses": 0,
    "sellingGeneralAndAdministrativeExpenses": 12868000,
    "otherExpenses": 61986000,
    "operatingExpenses": 74854000,
    "costAndExpenses": 162233000,
    "interestIncome": 634000,
    "interestExpense": 22956000,
    "depreciationAndAmortization": 63734000,
    "ebitda": 123150000,
    "ebitdaratio": 0.5609941646,
    "operatingIncome": 57288000,
    "operatingIncomeRatio": 0.2609681989,
    "totalOtherIncomeExpensesNet": -20828000,
    "incomeBeforeTax": 36460000,
    "incomeBeforeTaxRatio": 0.1660888935,
    "incomeTaxExpense": 471000,
    "netIncome": 34861000,
    "netIncomeRatio": 0.1588048524,
    "eps": 0.39,
    "epsdiluted": 0.39,
    "weightedAverageShsOut": 89925000,
    "weightedAverageShsOutDil": 90949000,
    "link": "https://www.sec.gov/Archives/edgar/data/906345/000090634517000019/0000906345-17-000019-index.htm",
    "finalLink": "https://www.sec.gov/Archives/edgar/data/906345/000090634517000019/cpt331201710q1q17.htm"
  },
  {
    "date": "2016-12-31",
    "symbol": "CPT",
    "reportedCurrency": "USD",
    "cik": "0000906345",
    "fillingDate": "2017-02-13",
    "acceptedDate": "2017-02-13 14:41:20",
    "calendarYear": "2016",
    "period": "Q4",
    "revenue": 217139000,
    "costOfRevenue": 80641000,
    "grossProfit": 136498000,
    "grossProfitRatio": 0.6286203768,
    "researchAndDevelopmentExpenses": 0,
    "generalAndAdministrativeExpenses": 12579000,
    "sellingAndMarketingExpenses": 0,
    "sellingGeneralAndAdministrativeExpenses": 12579000,
    "otherExpenses": 61126000,
    "operatingExpenses": 73705000,
    "costAndExpenses": 154346000,
    "interestIncome": 836000,
    "interestExpense": 23209000,
    "depreciationAndAmortization": 62767000,
    "ebitda": 128469000,
    "ebitdaratio": 0.5916440621,
    "operatingIncome": 62793000,
    "operatingIncomeRatio": 0.2891834263,
    "totalOtherIncomeExpensesNet": -20300000,
    "incomeBeforeTax": 42493000,
    "incomeBeforeTaxRatio": 0.1956949235,
    "incomeTaxExpense": 413000,
    "netIncome": 40893000,
    "netIncomeRatio": 0.1883263716,
    "eps": 0.45,
    "epsdiluted": 0.45,
    "weightedAverageShsOut": 89745000,
    "weightedAverageShsOutDil": 90844000,
    "link": "https://www.sec.gov/Archives/edgar/data/906345/000090634517000009/0000906345-17-000009-index.htm",
    "finalLink": "https://www.sec.gov/Archives/edgar/data/906345/000090634517000009/cpt12312016-10k.htm"
  },
  {
    "date": "2016-09-30",
    "symbol": "CPT",
    "reportedCurrency": "USD",
    "cik": "0000906345",
    "fillingDate": "2016-10-28",
    "acceptedDate": "2016-10-28 13:16:50",
    "calendarYear": "2016",
    "period": "Q3",
    "revenue": 220235000,
    "costOfRevenue": 86875000,
    "grossProfit": 133360000,
    "grossProfitRatio": 0.6055349967,
    "researchAndDevelopmentExpenses": 0,
    "generalAndAdministrativeExpenses": 10810000,
    "sellingAndMarketingExpenses": 0,
    "sellingGeneralAndAdministrativeExpenses": 10810000,
    "otherExpenses": 61165000,
    "operatingExpenses": 71975000,
    "costAndExpenses": 158850000,
    "interestIncome": 927000,
    "interestExpense": 23076000,
    "depreciationAndAmortization": 62832000,
    "ebitda": 389729000,
    "ebitdaratio": 1.7696051945,
    "operatingIncome": 61385000,
    "operatingIncomeRatio": 0.2787249983,
    "totalOtherIncomeExpensesNet": 242436000,
    "incomeBeforeTax": 303821000,
    "incomeBeforeTaxRatio": 1.3795309556,
    "incomeTaxExpense": 400000,
    "netIncome": 290898000,
    "netIncomeRatio": 1.3208527255,
    "eps": 3.24,
    "epsdiluted": 3.23,
    "weightedAverageShsOut": 89669000,
    "weightedAverageShsOutDil": 90012000,
    "link": "https://www.sec.gov/Archives/edgar/data/906345/000090634516000082/0000906345-16-000082-index.htm",
    "finalLink": "https://www.sec.gov/Archives/edgar/data/906345/000090634516000082/cpt930201610qq316.htm"
  },
  {
    "date": "2016-06-30",
    "symbol": "CPT",
    "reportedCurrency": "USD",
    "cik": "0000906345",
    "fillingDate": "2016-07-29",
    "acceptedDate": "2016-07-29 13:02:53",
    "calendarYear": "2016",
    "period": "Q2",
    "revenue": 221478000,
    "costOfRevenue": 87571000,
    "grossProfit": 133907000,
    "grossProfitRatio": 0.6046063266,
    "researchAndDevelopmentExpenses": 0,
    "generalAndAdministrativeExpenses": 11803000,
    "sellingAndMarketingExpenses": 0,
    "sellingGeneralAndAdministrativeExpenses": 11803000,
    "otherExpenses": 60665000,
    "operatingExpenses": 72468000,
    "costAndExpenses": 160039000,
    "interestIncome": 215000,
    "interestExpense": 23070000,
    "depreciationAndAmortization": 62456000,
    "ebitda": 158034000,
    "ebitdaratio": 0.7135426543,
    "operatingIncome": 61439000,
    "operatingIncomeRatio": 0.2774045278,
    "totalOtherIncomeExpensesNet": 11069000,
    "incomeBeforeTax": 72508000,
    "incomeBeforeTaxRatio": 0.3273824037,
    "incomeTaxExpense": 489000,
    "netIncome": 446302000,
    "netIncomeRatio": 2.0151075953,
    "eps": 4.98,
    "epsdiluted": 4.92,
    "weightedAverageShsOut": 89559000,
    "weightedAverageShsOutDil": 89862000,
    "link": "https://www.sec.gov/Archives/edgar/data/906345/000090634516000060/0000906345-16-000060-index.htm",
    "finalLink": "https://www.sec.gov/Archives/edgar/data/906345/000090634516000060/cpt630201610qq216.htm"
  },
  {
    "date": "2016-03-31",
    "symbol": "CPT",
    "reportedCurrency": "USD",
    "cik": "0000906345",
    "fillingDate": "2016-04-29",
    "acceptedDate": "2016-04-29 13:18:03",
    "calendarYear": "2016",
    "period": "Q1",
    "revenue": 221081000,
    "costOfRevenue": 85241000,
    "grossProfit": 132354000,
    "grossProfitRatio": 0.5986674567,
    "researchAndDevelopmentExpenses": 0,
    "generalAndAdministrativeExpenses": 12223000,
    "sellingAndMarketingExpenses": 0,
    "sellingGeneralAndAdministrativeExpenses": 12223000,
    "otherExpenses": 60326000,
    "operatingExpenses": 72549000,
    "costAndExpenses": 157790000,
    "interestIncome": 224000,
    "interestExpense": 23790000,
    "depreciationAndAmortization": 62091000,
    "ebitda": 124060000,
    "ebitdaratio": 0.561151795,
    "operatingIncome": 59805000,
    "operatingIncomeRatio": 0.2705117129,
    "totalOtherIncomeExpensesNet": -21626000,
    "incomeBeforeTax": 38179000,
    "incomeBeforeTaxRatio": 0.1726923616,
    "incomeTaxExpense": 315000,
    "netIncome": 41730000,
    "netIncomeRatio": 0.188754348,
    "eps": 0.46,
    "epsdiluted": 0.46,
    "weightedAverageShsOut": 89344000,
    "weightedAverageShsOutDil": 90509000,
    "link": "https://www.sec.gov/Archives/edgar/data/906345/000090634516000050/0000906345-16-000050-index.htm",
    "finalLink": "https://www.sec.gov/Archives/edgar/data/906345/000090634516000050/cpt331201610qq116.htm"
  },
  {
    "date": "2015-12-31",
    "symbol": "CPT",
    "reportedCurrency": "USD",
    "cik": "0000906345",
    "fillingDate": "2016-02-19",
    "acceptedDate": "2016-02-19 12:36:17",
    "calendarYear": "2015",
    "period": "Q4",
    "revenue": 229658000,
    "costOfRevenue": 87561000,
    "grossProfit": 136863000,
    "grossProfitRatio": 0.5959426626,
    "researchAndDevelopmentExpenses": 0,
    "generalAndAdministrativeExpenses": 13113000,
    "sellingAndMarketingExpenses": 0,
    "sellingGeneralAndAdministrativeExpenses": 13113000,
    "otherExpenses": 0,
    "operatingExpenses": 77083000,
    "costAndExpenses": 165503000,
    "interestIncome": 289000,
    "interestExpense": 23740000,
    "depreciationAndAmortization": 65886000,
    "ebitda": 123650000,
    "ebitdaratio": 0.5384092869,
    "operatingIncome": 64155000,
    "operatingIncomeRatio": 0.2793501642,
    "totalOtherIncomeExpensesNet": -1815000,
    "incomeBeforeTax": 62340000,
    "incomeBeforeTaxRatio": 0.2714471083,
    "incomeTaxExpense": 538000,
    "netIncome": 60593000,
    "netIncomeRatio": 0.2638401449,
    "eps": 0.67,
    "epsdiluted": 0.67,
    "weightedAverageShsOut": 89175000,
    "weightedAverageShsOutDil": 90418000,
    "link": "https://www.sec.gov/Archives/edgar/data/906345/000090634516000044/0000906345-16-000044-index.htm",
    "finalLink": "https://www.sec.gov/Archives/edgar/data/906345/000090634516000044/cpt12312015-10k.htm"
  },
  {
    "date": "2015-09-30",
    "symbol": "CPT",
    "reportedCurrency": "USD",
    "cik": "0000906345",
    "fillingDate": "2015-10-30",
    "acceptedDate": "2015-10-30 13:18:33",
    "calendarYear": "2015",
    "period": "Q3",
    "revenue": 212593000,
    "costOfRevenue": 85591000,
    "grossProfit": 135968000,
    "grossProfitRatio": 0.6395695061,
    "researchAndDevelopmentExpenses": 0,
    "generalAndAdministrativeExpenses": 11790000,
    "sellingAndMarketingExpenses": 0,
    "sellingGeneralAndAdministrativeExpenses": 11790000,
    "otherExpenses": 59434000,
    "operatingExpenses": 71224000,
    "costAndExpenses": 156815000,
    "interestIncome": 107000,
    "interestExpense": 23674000,
    "depreciationAndAmortization": 65079000,
    "ebitda": 118795000,
    "ebitdaratio": 0.558790741,
    "operatingIncome": 55778000,
    "operatingIncomeRatio": 0.2623698805,
    "totalOtherIncomeExpensesNet": -21993000,
    "incomeBeforeTax": 33785000,
    "incomeBeforeTaxRatio": 0.158918685,
    "incomeTaxExpense": 498000,
    "netIncome": 37044000,
    "netIncomeRatio": 0.1742484466,
    "eps": 0.41,
    "epsdiluted": 0.41,
    "weightedAverageShsOut": 89164000,
    "weightedAverageShsOutDil": 89530000,
    "link": "https://www.sec.gov/Archives/edgar/data/906345/000090634515000037/0000906345-15-000037-index.htm",
    "finalLink": "https://www.sec.gov/Archives/edgar/data/906345/000090634515000037/cpt930201510q.htm"
  },
  {
    "date": "2015-06-30",
    "symbol": "CPT",
    "reportedCurrency": "USD",
    "cik": "0000906345",
    "fillingDate": "2015-07-31",
    "acceptedDate": "2015-07-31 13:22:31",
    "calendarYear": "2015",
    "period": "Q2",
    "revenue": 220651000,
    "costOfRevenue": 85992000,
    "grossProfit": 134659000,
    "grossProfitRatio": 0.6102804882,
    "researchAndDevelopmentExpenses": 0,
    "generalAndAdministrativeExpenses": 11582000,
    "sellingAndMarketingExpenses": 0,
    "sellingGeneralAndAdministrativeExpenses": 11582000,
    "otherExpenses": 0,
    "operatingExpenses": 69904000,
    "costAndExpenses": 92384000,
    "interestIncome": 141000,
    "interestExpense": 24846000,
    "depreciationAndAmortization": 63728000,
    "ebitda": 117338000,
    "ebitdaratio": 0.5317809573,
    "operatingIncome": 55726000,
    "operatingIncomeRatio": 0.2525526737,
    "totalOtherIncomeExpensesNet": -23174000,
    "incomeBeforeTax": 37608000,
    "incomeBeforeTaxRatio": 0.1704411038,
    "incomeTaxExpense": 407000,
    "netIncome": 36079000,
    "netIncomeRatio": 0.1635116088,
    "eps": 0.4,
    "epsdiluted": 0.4,
    "weightedAverageShsOut": 89153000,
    "weightedAverageShsOutDil": 90252000,
    "link": "https://www.sec.gov/Archives/edgar/data/906345/000090634515000028/0000906345-15-000028-index.htm",
    "finalLink": "https://www.sec.gov/Archives/edgar/data/906345/000090634515000028/cpt630201510q.htm"
  },
  {
    "date": "2015-03-31",
    "symbol": "CPT",
    "reportedCurrency": "USD",
    "cik": "0000906345",
    "fillingDate": "2015-05-01",
    "acceptedDate": "2015-05-01 13:32:10",
    "calendarYear": "2015",
    "period": "Q1",
    "revenue": 215434000,
    "costOfRevenue": 85449000,
    "grossProfit": 129985000,
    "grossProfitRatio": 0.6033634431,
    "researchAndDevelopmentExpenses": 0,
    "generalAndAdministrativeExpenses": 9748000,
    "sellingAndMarketingExpenses": 0,
    "sellingGeneralAndAdministrativeExpenses": 9748000,
    "otherExpenses": 0,
    "operatingExpenses": 66169000,
    "costAndExpenses": 90144000,
    "interestIncome": 60000,
    "interestExpense": 25052000,
    "depreciationAndAmortization": 61530000,
    "ebitda": 114469000,
    "ebitdaratio": 0.5313413853,
    "operatingIncome": 55043000,
    "operatingIncomeRatio": 0.2554982036,
    "totalOtherIncomeExpensesNet": 61582000,
    "incomeBeforeTax": 116625000,
    "incomeBeforeTaxRatio": 0.5413490907,
    "incomeTaxExpense": 429000,
    "netIncome": 115599000,
    "netIncomeRatio": 0.5365866112,
    "eps": 1.3,
    "epsdiluted": 1.28,
    "weightedAverageShsOut": 88987000,
    "weightedAverageShsOutDil": 90464000,
    "link": "https://www.sec.gov/Archives/edgar/data/906345/000090634515000017/0000906345-15-000017-index.htm",
    "finalLink": "https://www.sec.gov/Archives/edgar/data/906345/000090634515000017/cpt331201510q.htm"
  },
  {
    "date": "2014-12-31",
    "symbol": "CPT",
    "reportedCurrency": "USD",
    "cik": "0000906345",
    "fillingDate": "2015-02-20",
    "acceptedDate": "2015-02-20 14:01:38",
    "calendarYear": "2014",
    "period": "Q4",
    "revenue": 216459000,
    "costOfRevenue": 83605000,
    "grossProfit": 132854000,
    "grossProfitRatio": 0.6137605736,
    "researchAndDevelopmentExpenses": 0,
    "generalAndAdministrativeExpenses": 20595000,
    "sellingAndMarketingExpenses": 0,
    "sellingGeneralAndAdministrativeExpenses": 10595000,
    "otherExpenses": 58575000,
    "operatingExpenses": 79170000,
    "costAndExpenses": 162775000,
    "interestIncome": -762000,
    "interestExpense": 24417000,
    "depreciationAndAmortization": 61106000,
    "ebitda": 240689000,
    "ebitdaratio": 1.1119380576,
    "operatingIncome": 53684000,
    "operatingIncomeRatio": 0.2480100158,
    "totalOtherIncomeExpensesNet": 131615000,
    "incomeBeforeTax": 185299000,
    "incomeBeforeTaxRatio": 0.8560466416,
    "incomeTaxExpense": 675000,
    "netIncome": 178498000,
    "netIncomeRatio": 0.8246272966,
    "eps": 1.99,
    "epsdiluted": 1.98,
    "weightedAverageShsOut": 88683000,
    "weightedAverageShsOutDil": 90233000,
    "link": "https://www.sec.gov/Archives/edgar/data/906345/000090634515000007/0000906345-15-000007-index.htm",
    "finalLink": "https://www.sec.gov/Archives/edgar/data/906345/000090634515000007/cpt12312014-10k.htm"
  },
  {
    "date": "2014-09-30",
    "symbol": "CPT",
    "reportedCurrency": "USD",
    "cik": "0000906345",
    "fillingDate": "2014-10-31",
    "acceptedDate": "2014-10-31 12:49:23",
    "calendarYear": "2014",
    "period": "Q3",
    "revenue": 213098000,
    "costOfRevenue": 85331000,
    "grossProfit": 127767000,
    "grossProfitRatio": 0.5995692123,
    "researchAndDevelopmentExpenses": 0,
    "generalAndAdministrativeExpenses": 10331000,
    "sellingAndMarketingExpenses": 0,
    "sellingGeneralAndAdministrativeExpenses": 10331000,
    "otherExpenses": 57048000,
    "operatingExpenses": 67379000,
    "costAndExpenses": 152710000,
    "interestIncome": 430000,
    "interestExpense": 22967000,
    "depreciationAndAmortization": 59179000,
    "ebitda": 121832000,
    "ebitdaratio": 0.5717181766,
    "operatingIncome": 60388000,
    "operatingIncomeRatio": 0.2833813551,
    "totalOtherIncomeExpensesNet": -20702000,
    "incomeBeforeTax": 39686000,
    "incomeBeforeTaxRatio": 0.1862335639,
    "incomeTaxExpense": 353000,
    "netIncome": 38283000,
    "netIncomeRatio": 0.1796497386,
    "eps": 0.43,
    "epsdiluted": 0.43,
    "weightedAverageShsOut": 88146000,
    "weightedAverageShsOutDil": 89353000,
    "link": "https://www.sec.gov/Archives/edgar/data/906345/000090634514000024/0000906345-14-000024-index.htm",
    "finalLink": "https://www.sec.gov/Archives/edgar/data/906345/000090634514000024/cpt930201410q.htm"
  },
  {
    "date": "2014-06-30",
    "symbol": "CPT",
    "reportedCurrency": "USD",
    "cik": "0000906345",
    "fillingDate": "2014-08-01",
    "acceptedDate": "2014-08-01 13:04:15",
    "calendarYear": "2014",
    "period": "Q2",
    "revenue": 208492000,
    "costOfRevenue": 82980000,
    "grossProfit": 125512000,
    "grossProfitRatio": 0.6019991175,
    "researchAndDevelopmentExpenses": 0,
    "generalAndAdministrativeExpenses": 10534000,
    "sellingAndMarketingExpenses": 0,
    "sellingGeneralAndAdministrativeExpenses": 10534000,
    "otherExpenses": 55806000,
    "operatingExpenses": 66340000,
    "costAndExpenses": 149320000,
    "interestIncome": 0,
    "interestExpense": 22746000,
    "depreciationAndAmortization": 57953000,
    "ebitda": 117384000,
    "ebitdaratio": 0.5630144082,
    "operatingIncome": 59172000,
    "operatingIncomeRatio": 0.2838094507,
    "totalOtherIncomeExpensesNet": -22487000,
    "incomeBeforeTax": 36685000,
    "incomeBeforeTaxRatio": 0.1759539934,
    "incomeTaxExpense": 401000,
    "netIncome": 35272000,
    "netIncomeRatio": 0.169176755,
    "eps": 0.4,
    "epsdiluted": 0.4,
    "weightedAverageShsOut": 87845000,
    "weightedAverageShsOutDil": 88972000,
    "link": "https://www.sec.gov/Archives/edgar/data/906345/000090634514000015/0000906345-14-000015-index.htm",
    "finalLink": "https://www.sec.gov/Archives/edgar/data/906345/000090634514000015/cpt630201410q.htm"
  },
  {
    "date": "2014-03-31",
    "symbol": "CPT",
    "reportedCurrency": "USD",
    "cik": "0000906345",
    "fillingDate": "2014-05-07",
    "acceptedDate": "2014-05-07 12:46:15",
    "calendarYear": "2014",
    "period": "Q1",
    "revenue": 205929000,
    "costOfRevenue": 81422000,
    "grossProfit": 124507000,
    "grossProfitRatio": 0.6046112981,
    "researchAndDevelopmentExpenses": 0,
    "generalAndAdministrativeExpenses": 9545000,
    "sellingAndMarketingExpenses": 0,
    "sellingGeneralAndAdministrativeExpenses": 9545000,
    "otherExpenses": 54373000,
    "operatingExpenses": 63918000,
    "costAndExpenses": 145340000,
    "interestIncome": 288000,
    "interestExpense": 23133000,
    "depreciationAndAmortization": 57396000,
    "ebitda": 122076000,
    "ebitdaratio": 0.5928062585,
    "operatingIncome": 60589000,
    "operatingIncomeRatio": 0.2942227661,
    "totalOtherIncomeExpensesNet": -19042000,
    "incomeBeforeTax": 41547000,
    "incomeBeforeTaxRatio": 0.2017540026,
    "incomeTaxExpense": 474000,
    "netIncome": 40036000,
    "netIncomeRatio": 0.1944165222,
    "eps": 0.46,
    "epsdiluted": 0.45,
    "weightedAverageShsOut": 87651000,
    "weightedAverageShsOutDil": 88824000,
    "link": "https://www.sec.gov/Archives/edgar/data/906345/000090634514000008/0000906345-14-000008-index.htm",
    "finalLink": "https://www.sec.gov/Archives/edgar/data/906345/000090634514000008/cpt331201410q.htm"
  },
  {
    "date": "2013-12-31",
    "symbol": "CPT",
    "reportedCurrency": "USD",
    "cik": "0000906345",
    "fillingDate": "2014-02-21",
    "acceptedDate": "2014-02-21 13:47:34",
    "calendarYear": "2013",
    "period": "Q4",
    "revenue": 197815000,
    "costOfRevenue": 78363000,
    "grossProfit": 122270000,
    "grossProfitRatio": 0.6181027728,
    "researchAndDevelopmentExpenses": 0,
    "generalAndAdministrativeExpenses": 9209000,
    "sellingAndMarketingExpenses": 0,
    "sellingGeneralAndAdministrativeExpenses": 9209000,
    "otherExpenses": 0,
    "operatingExpenses": 60459000,
    "costAndExpenses": 339984000,
    "interestIncome": -1176000,
    "interestExpense": 24162000,
    "depreciationAndAmortization": 55878000,
    "ebitda": 121277000,
    "ebitdaratio": 0.613082931,
    "operatingIncome": 61811000,
    "operatingIncomeRatio": 0.3124687208,
    "totalOtherIncomeExpensesNet": -20773000,
    "incomeBeforeTax": 41038000,
    "incomeBeforeTaxRatio": 0.2074564618,
    "incomeTaxExpense": 239000,
    "netIncome": 129996000,
    "netIncomeRatio": 0.6571594672,
    "eps": 1.47,
    "epsdiluted": 1.47,
    "weightedAverageShsOut": 87459000,
    "weightedAverageShsOutDil": 88686000,
    "link": "https://www.sec.gov/Archives/edgar/data/906345/000090634514000005/0000906345-14-000005-index.htm",
    "finalLink": "https://www.sec.gov/Archives/edgar/data/906345/000090634514000005/cpt-12312013x10k.htm"
  },
  {
    "date": "2013-09-30",
    "symbol": "CPT",
    "reportedCurrency": "USD",
    "cik": "0000906345",
    "fillingDate": "2013-11-01",
    "acceptedDate": "2013-11-01 13:20:36",
    "calendarYear": "2013",
    "period": "Q3",
    "revenue": 201956000,
    "costOfRevenue": 79627000,
    "grossProfit": 121371000,
    "grossProfitRatio": 0.6009774406,
    "researchAndDevelopmentExpenses": 0,
    "generalAndAdministrativeExpenses": 9993000,
    "sellingAndMarketingExpenses": 0,
    "sellingGeneralAndAdministrativeExpenses": 9993000,
    "otherExpenses": 0,
    "operatingExpenses": 61777000,
    "costAndExpenses": 89620000,
    "interestIncome": 86000,
    "interestExpense": 24275000,
    "depreciationAndAmortization": 55788000,
    "ebitda": 115856000,
    "ebitdaratio": 0.5736695122,
    "operatingIncome": 58931000,
    "operatingIncomeRatio": 0.2918011844,
    "totalOtherIncomeExpensesNet": -23138000,
    "incomeBeforeTax": 36456000,
    "incomeBeforeTaxRatio": 0.1805145675,
    "incomeTaxExpense": 720000,
    "netIncome": 70720000,
    "netIncomeRatio": 0.3501752857,
    "eps": 0.8,
    "epsdiluted": 0.8,
    "weightedAverageShsOut": 87449000,
    "weightedAverageShsOutDil": 88716000,
    "link": "https://www.sec.gov/Archives/edgar/data/906345/000090634513000024/0000906345-13-000024-index.htm",
    "finalLink": "https://www.sec.gov/Archives/edgar/data/906345/000090634513000024/cpt930201310q.htm"
  },
  {
    "date": "2013-06-30",
    "symbol": "CPT",
    "reportedCurrency": "USD",
    "cik": "0000906345",
    "fillingDate": "2013-07-26",
    "acceptedDate": "2013-07-26 13:08:55",
    "calendarYear": "2013",
    "period": "Q2",
    "revenue": 201527000,
    "costOfRevenue": 81113000,
    "grossProfit": 120414000,
    "grossProfitRatio": 0.5975080262,
    "researchAndDevelopmentExpenses": 0,
    "generalAndAdministrativeExpenses": 11590000,
    "sellingAndMarketingExpenses": 0,
    "sellingGeneralAndAdministrativeExpenses": 11590000,
    "otherExpenses": 49802000,
    "operatingExpenses": 61392000,
    "costAndExpenses": 142543999,
    "interestIncome": 0,
    "interestExpense": 24797000,
    "depreciationAndAmortization": 54315000,
    "ebitda": 127519000,
    "ebitdaratio": 0.632763848,
    "operatingIncome": 55266000,
    "operatingIncomeRatio": 0.2742362066,
    "totalOtherIncomeExpensesNet": -6859000,
    "incomeBeforeTax": 50477000,
    "incomeBeforeTaxRatio": 0.2504726414,
    "incomeTaxExpense": 468000,
    "netIncome": 72172000,
    "netIncomeRatio": 0.3581257102,
    "eps": 0.82,
    "epsdiluted": 0.82,
    "weightedAverageShsOut": 87191000,
    "weightedAverageShsOutDil": 88472000,
    "link": "https://www.sec.gov/Archives/edgar/data/906345/000090634513000015/0000906345-13-000015-index.htm",
    "finalLink": "https://www.sec.gov/Archives/edgar/data/906345/000090634513000015/cpt630201310q.htm"
  },
  {
    "date": "2013-03-31",
    "symbol": "CPT",
    "reportedCurrency": "USD",
    "cik": "0000906345",
    "fillingDate": "2013-05-03",
    "acceptedDate": "2013-05-03 13:00:08",
    "calendarYear": "2013",
    "period": "Q1",
    "revenue": 196190000,
    "costOfRevenue": 76906000,
    "grossProfit": 116583000,
    "grossProfitRatio": 0.5942351802,
    "researchAndDevelopmentExpenses": 0,
    "generalAndAdministrativeExpenses": 9794000,
    "sellingAndMarketingExpenses": 0,
    "sellingGeneralAndAdministrativeExpenses": 9794000,
    "otherExpenses": 50905000,
    "operatingExpenses": 58503000,
    "costAndExpenses": 135409000,
    "interestIncome": 52000,
    "interestExpense": 24895000,
    "depreciationAndAmortization": 53470000,
    "ebitda": 108640000,
    "ebitdaratio": 0.5537489169,
    "operatingIncome": 54402000,
    "operatingIncomeRatio": 0.2772924206,
    "totalOtherIncomeExpensesNet": -24127000,
    "incomeBeforeTax": 32301000,
    "incomeBeforeTaxRatio": 0.164641419,
    "incomeTaxExpense": 399000,
    "netIncome": 63476000,
    "netIncomeRatio": 0.3235435037,
    "eps": 0.73,
    "epsdiluted": 0.73,
    "weightedAverageShsOut": 86703000,
    "weightedAverageShsOutDil": 87276000,
    "link": "https://www.sec.gov/Archives/edgar/data/906345/000090634513000009/0000906345-13-000009-index.htm",
    "finalLink": "https://www.sec.gov/Archives/edgar/data/906345/000090634513000009/cpt331201310q.htm"
  },
  {
    "date": "2012-12-31",
    "symbol": "CPT",
    "reportedCurrency": "USD",
    "cik": "0000906345",
    "fillingDate": "2013-02-15",
    "acceptedDate": "2013-02-15 13:19:09",
    "calendarYear": "2012",
    "period": "Q4",
    "revenue": 191432000,
    "costOfRevenue": 76579000,
    "grossProfit": 114853000,
    "grossProfitRatio": 0.5999676125,
    "researchAndDevelopmentExpenses": 0,
    "generalAndAdministrativeExpenses": 9816000,
    "sellingAndMarketingExpenses": 0,
    "sellingGeneralAndAdministrativeExpenses": 9816000,
    "otherExpenses": 30987000,
    "operatingExpenses": 59544000,
    "costAndExpenses": 241058000,
    "interestIncome": 40000,
    "interestExpense": 25487000,
    "depreciationAndAmortization": 53449000,
    "ebitda": 134498000,
    "ebitdaratio": 0.7025889089,
    "operatingIncome": 0,
    "operatingIncomeRatio": 0,
    "totalOtherIncomeExpensesNet": 55602000,
    "incomeBeforeTax": 55602000,
    "incomeBeforeTaxRatio": 0.2904530068,
    "incomeTaxExpense": 216000,
    "netIncome": 142166000,
    "netIncomeRatio": 0.7426449079,
    "eps": 1.63,
    "epsdiluted": 1.6,
    "weightedAverageShsOut": 86298000,
    "weightedAverageShsOutDil": 88020000,
    "link": "https://www.sec.gov/Archives/edgar/data/906345/000090634513000003/0000906345-13-000003-index.htm",
    "finalLink": "https://www.sec.gov/Archives/edgar/data/906345/000090634513000003/cpt-12312012x10k.htm"
  },
  {
    "date": "2012-09-30",
    "symbol": "CPT",
    "reportedCurrency": "USD",
    "cik": "0000906345",
    "fillingDate": "2012-11-02",
    "acceptedDate": "2012-11-02 12:53:46",
    "calendarYear": "2012",
    "period": "Q3",
    "revenue": 181763000,
    "costOfRevenue": 74836000,
    "grossProfit": 106927000,
    "grossProfitRatio": 0.5882770421,
    "researchAndDevelopmentExpenses": 0,
    "generalAndAdministrativeExpenses": 70684000,
    "sellingAndMarketingExpenses": 0,
    "sellingGeneralAndAdministrativeExpenses": 70684000,
    "otherExpenses": -11972000,
    "operatingExpenses": 133000000,
    "costAndExpenses": 130507000,
    "interestIncome": 3000,
    "interestExpense": 26771000,
    "depreciationAndAmortization": 52809000,
    "ebitda": 106847000,
    "ebitdaratio": 0.5878369085,
    "operatingIncome": 51256000,
    "operatingIncomeRatio": 0.2819935851,
    "totalOtherIncomeExpensesNet": -23083000,
    "incomeBeforeTax": 28173000,
    "incomeBeforeTaxRatio": 0.1549985421,
    "incomeTaxExpense": 334000,
    "netIncome": 30703000,
    "netIncomeRatio": 0.1689177665,
    "eps": 0.36,
    "epsdiluted": 0.36,
    "weightedAverageShsOut": 85631000,
    "weightedAverageShsOutDil": 86293000,
    "link": "https://www.sec.gov/Archives/edgar/data/906345/000090634512000024/0000906345-12-000024-index.htm",
    "finalLink": "https://www.sec.gov/Archives/edgar/data/906345/000090634512000024/cpt930201210q.htm"
  },
  {
    "date": "2012-06-30",
    "symbol": "CPT",
    "reportedCurrency": "USD",
    "cik": "0000906345",
    "fillingDate": "2012-08-03",
    "acceptedDate": "2012-08-03 13:03:59",
    "calendarYear": "2012",
    "period": "Q2",
    "revenue": 176918000,
    "costOfRevenue": 72593000,
    "grossProfit": 88563000,
    "grossProfitRatio": 0.500587843,
    "researchAndDevelopmentExpenses": 0,
    "generalAndAdministrativeExpenses": 64959000,
    "sellingAndMarketingExpenses": 0,
    "sellingGeneralAndAdministrativeExpenses": 64959000,
    "otherExpenses": -7750000,
    "operatingExpenses": 132000000,
    "costAndExpenses": 129802000,
    "interestIncome": 0,
    "interestExpense": 26247000,
    "depreciationAndAmortization": 53310000,
    "ebitda": 100158000,
    "ebitdaratio": 0.5661266802,
    "operatingIncome": 47116000,
    "operatingIncomeRatio": 0.2663154682,
    "totalOtherIncomeExpensesNet": -26580000,
    "incomeBeforeTax": 20536000,
    "incomeBeforeTaxRatio": 0.1160763744,
    "incomeTaxExpense": 434000,
    "netIncome": 21763000,
    "netIncomeRatio": 0.1230117908,
    "eps": 0.26,
    "epsdiluted": 0.26,
    "weightedAverageShsOut": 83223000,
    "weightedAverageShsOutDil": 83846000,
    "link": "https://www.sec.gov/Archives/edgar/data/906345/000090634512000020/0000906345-12-000020-index.htm",
    "finalLink": "https://www.sec.gov/Archives/edgar/data/906345/000090634512000020/cpt630201210q.htm"
  },
  {
    "date": "2012-03-31",
    "symbol": "CPT",
    "reportedCurrency": "USD",
    "cik": "0000906345",
    "fillingDate": "2012-04-27",
    "acceptedDate": "2012-04-27 13:22:09",
    "calendarYear": "2012",
    "period": "Q1",
    "revenue": 169699000,
    "costOfRevenue": 70514000,
    "grossProfit": 91475000,
    "grossProfitRatio": 0.5390426579,
    "researchAndDevelopmentExpenses": 0,
    "generalAndAdministrativeExpenses": 72711000,
    "sellingAndMarketingExpenses": 0,
    "sellingGeneralAndAdministrativeExpenses": 72711000,
    "otherExpenses": -19049000,
    "operatingExpenses": 53662000,
    "costAndExpenses": 124176000,
    "interestIncome": 0,
    "interestExpense": 27371000,
    "depreciationAndAmortization": 50304000,
    "ebitda": 135472000,
    "ebitdaratio": 0.7983075917,
    "operatingIncome": 45523000,
    "operatingIncomeRatio": 0.2682573262,
    "totalOtherIncomeExpensesNet": 12274000,
    "incomeBeforeTax": 57797000,
    "incomeBeforeTaxRatio": 0.3405853894,
    "incomeTaxExpense": 224000,
    "netIncome": 91609000,
    "netIncomeRatio": 0.5398322913,
    "eps": 1.1,
    "epsdiluted": 1.07,
    "weightedAverageShsOut": 79885000,
    "weightedAverageShsOutDil": 82855000,
    "link": "https://www.sec.gov/Archives/edgar/data/906345/000090634512000006/0000906345-12-000006-index.htm",
    "finalLink": "https://www.sec.gov/Archives/edgar/data/906345/000090634512000006/cpt331201210q.htm"
  },
  {
    "date": "2011-12-31",
    "symbol": "CPT",
    "reportedCurrency": "USD",
    "cik": "0000906345",
    "fillingDate": "2012-02-17",
    "acceptedDate": "2012-02-17 15:42:02",
    "calendarYear": "2011",
    "period": "Q4",
    "revenue": 101595000,
    "costOfRevenue": -140812000,
    "grossProfit": 242407000,
    "grossProfitRatio": 2.3860130912,
    "researchAndDevelopmentExpenses": 0,
    "generalAndAdministrativeExpenses": 58513000,
    "sellingAndMarketingExpenses": 0,
    "sellingGeneralAndAdministrativeExpenses": 58513000,
    "otherExpenses": 43082000,
    "operatingExpenses": 101595000,
    "costAndExpenses": 101595000,
    "interestIncome": 0,
    "interestExpense": 26942000,
    "depreciationAndAmortization": 45058000,
    "ebitda": 95562000,
    "ebitdaratio": 0.9406171564,
    "operatingIncome": 0,
    "operatingIncomeRatio": 0,
    "totalOtherIncomeExpensesNet": 23562000,
    "incomeBeforeTax": -11786000,
    "incomeBeforeTaxRatio": -0.1160096461,
    "incomeTaxExpense": 331000,
    "netIncome": 48600000,
    "netIncomeRatio": 0.4783699985,
    "eps": 0.61,
    "epsdiluted": 0.61,
    "weightedAverageShsOut": 79885000,
    "weightedAverageShsOutDil": 79885000,
    "link": "https://www.sec.gov/Archives/edgar/data/906345/000119312512067347/0001193125-12-067347-index.htm",
    "finalLink": "https://www.sec.gov/Archives/edgar/data/906345/000119312512067347/d259732d10k.htm"
  },
  {
    "date": "2011-09-30",
    "symbol": "CPT",
    "reportedCurrency": "USD",
    "cik": "0000906345",
    "fillingDate": "2011-11-04",
    "acceptedDate": "2011-11-04 16:06:48",
    "calendarYear": "2011",
    "period": "Q3",
    "revenue": 139408000,
    "costOfRevenue": 0,
    "grossProfit": 137914000,
    "grossProfitRatio": 0.9892832549,
    "researchAndDevelopmentExpenses": 0,
    "generalAndAdministrativeExpenses": 59571000,
    "sellingAndMarketingExpenses": 0,
    "sellingGeneralAndAdministrativeExpenses": 59571000,
    "otherExpenses": 79837000,
    "operatingExpenses": 119000000,
    "costAndExpenses": 139408000,
    "interestIncome": 0,
    "interestExpense": 27570000,
    "depreciationAndAmortization": 44563000,
    "ebitda": 85591000,
    "ebitdaratio": 0.6139604614,
    "operatingIncome": 0,
    "operatingIncomeRatio": 0,
    "totalOtherIncomeExpensesNet": 13566000,
    "incomeBeforeTax": 13566000,
    "incomeBeforeTaxRatio": 0.0973114886,
    "incomeTaxExpense": 313000,
    "netIncome": 13590000,
    "netIncomeRatio": 0.0974836451,
    "eps": 0.16,
    "epsdiluted": 0.16,
    "weightedAverageShsOut": 73242000,
    "weightedAverageShsOutDil": 74274000,
    "link": "https://www.sec.gov/Archives/edgar/data/906345/000119312511297364/0001193125-11-297364-index.htm",
    "finalLink": "https://www.sec.gov/Archives/edgar/data/906345/000119312511297364/d226589d10q.htm"
  },
  {
    "date": "2011-06-30",
    "symbol": "CPT",
    "reportedCurrency": "USD",
    "cik": "0000906345",
    "fillingDate": "2011-07-29",
    "acceptedDate": "2011-07-29 16:55:02",
    "calendarYear": "2011",
    "period": "Q2",
    "revenue": 111910000,
    "costOfRevenue": 0,
    "grossProfit": 111910000,
    "grossProfitRatio": 1,
    "researchAndDevelopmentExpenses": 0,
    "generalAndAdministrativeExpenses": 62418000,
    "sellingAndMarketingExpenses": 0,
    "sellingGeneralAndAdministrativeExpenses": 62418000,
    "otherExpenses": 49492000,
    "operatingExpenses": 111910000,
    "costAndExpenses": 111910000,
    "interestIncome": 86000,
    "interestExpense": 28381000,
    "depreciationAndAmortization": 45577000,
    "ebitda": 59264000,
    "ebitdaratio": 0.5295684032,
    "operatingIncome": 0,
    "operatingIncomeRatio": 0,
    "totalOtherIncomeExpensesNet": -14694000,
    "incomeBeforeTax": -14694000,
    "incomeBeforeTaxRatio": -0.1313019391,
    "incomeTaxExpense": 256000,
    "netIncome": -14847000,
    "netIncomeRatio": -0.1326691091,
    "eps": -0.23,
    "epsdiluted": -0.23,
    "weightedAverageShsOut": 72343000,
    "weightedAverageShsOutDil": 72343000,
    "link": "https://www.sec.gov/Archives/edgar/data/906345/000119312511202967/0001193125-11-202967-index.htm",
    "finalLink": "https://www.sec.gov/Archives/edgar/data/906345/000119312511202967/d10q.htm"
  },
  {
    "date": "2011-03-31",
    "symbol": "CPT",
    "reportedCurrency": "USD",
    "cik": "0000906345",
    "fillingDate": "2011-04-29",
    "acceptedDate": "2011-04-29 13:31:12",
    "calendarYear": "2011",
    "period": "Q1",
    "revenue": 140428000,
    "costOfRevenue": 0,
    "grossProfit": 140428000,
    "grossProfitRatio": 1,
    "researchAndDevelopmentExpenses": 0,
    "generalAndAdministrativeExpenses": 68506000,
    "sellingAndMarketingExpenses": 0,
    "sellingGeneralAndAdministrativeExpenses": 68506000,
    "otherExpenses": 71922000,
    "operatingExpenses": 132000000,
    "costAndExpenses": 140428000,
    "interestIncome": 4771000,
    "interestExpense": 29737000,
    "depreciationAndAmortization": 46593000,
    "ebitda": 86459000,
    "ebitdaratio": 0.6156820577,
    "operatingIncome": 0,
    "operatingIncomeRatio": 0,
    "totalOtherIncomeExpensesNet": 10129000,
    "incomeBeforeTax": 10129000,
    "incomeBeforeTaxRatio": 0.0721294898,
    "incomeTaxExpense": 1320000,
    "netIncome": 9036000,
    "netIncomeRatio": 0.0643461418,
    "eps": 0.1,
    "epsdiluted": 0.1,
    "weightedAverageShsOut": 71906000,
    "weightedAverageShsOutDil": 72783000,
    "link": "https://www.sec.gov/Archives/edgar/data/906345/000095012311041745/0000950123-11-041745-index.htm",
    "finalLink": "https://www.sec.gov/Archives/edgar/data/906345/000095012311041745/c14942e10vq.htm"
  },
  {
    "date": "2010-12-31",
    "symbol": "CPT",
    "reportedCurrency": "USD",
    "cik": "0000906345",
    "fillingDate": "2011-02-24",
    "acceptedDate": "2011-02-24 14:30:21",
    "calendarYear": "2010",
    "period": "Q4",
    "revenue": 131918000,
    "costOfRevenue": 111556000,
    "grossProfit": 20362000,
    "grossProfitRatio": 0.154353462,
    "researchAndDevelopmentExpenses": 0,
    "generalAndAdministrativeExpenses": 51623000,
    "sellingAndMarketingExpenses": 0,
    "sellingGeneralAndAdministrativeExpenses": 51623000,
    "otherExpenses": 80295000,
    "operatingExpenses": 131918000,
    "costAndExpenses": 131918000,
    "interestIncome": 4596000,
    "interestExpense": 30815000,
    "depreciationAndAmortization": 45046000,
    "ebitda": 83057000,
    "ebitdaratio": 0.6296108188,
    "operatingIncome": 0,
    "operatingIncomeRatio": 0,
    "totalOtherIncomeExpensesNet": 7196000,
    "incomeBeforeTax": 7196000,
    "incomeBeforeTaxRatio": 0.054549038,
    "incomeTaxExpense": 295000,
    "netIncome": 18897000,
    "netIncomeRatio": 0.1432480784,
    "eps": 0.26,
    "epsdiluted": 0.26,
    "weightedAverageShsOut": 70738000,
    "weightedAverageShsOutDil": 71906000,
    "link": "https://www.sec.gov/Archives/edgar/data/906345/000095012311017763/0000950123-11-017763-index.htm",
    "finalLink": "https://www.sec.gov/Archives/edgar/data/906345/000095012311017763/c12701e10vk.htm"
  },
  {
    "date": "2010-09-30",
    "symbol": "CPT",
    "reportedCurrency": "USD",
    "cik": "0000906345",
    "fillingDate": "2010-11-05",
    "acceptedDate": "2010-11-05 13:31:14",
    "calendarYear": "2010",
    "period": "Q3",
    "revenue": 132007000,
    "costOfRevenue": 0,
    "grossProfit": 132007000,
    "grossProfitRatio": 1,
    "researchAndDevelopmentExpenses": 0,
    "generalAndAdministrativeExpenses": 67860000,
    "sellingAndMarketingExpenses": 0,
    "sellingGeneralAndAdministrativeExpenses": 67860000,
    "otherExpenses": 64147000,
    "operatingExpenses": 128000000,
    "costAndExpenses": 132007000,
    "interestIncome": 451000,
    "interestExpense": 31781000,
    "depreciationAndAmortization": 43432000,
    "ebitda": 78676000,
    "ebitdaratio": 0.595998697,
    "operatingIncome": 0,
    "operatingIncomeRatio": 0,
    "totalOtherIncomeExpensesNet": 3463000,
    "incomeBeforeTax": 3463000,
    "incomeBeforeTaxRatio": 0.0262334573,
    "incomeTaxExpense": 712000,
    "netIncome": 3400000,
    "netIncomeRatio": 0.0257562099,
    "eps": 0.02,
    "epsdiluted": 0.02,
    "weightedAverageShsOut": 69100000,
    "weightedAverageShsOutDil": 69441000,
    "link": "https://www.sec.gov/Archives/edgar/data/906345/000095012310101538/0000950123-10-101538-index.htm",
    "finalLink": "https://www.sec.gov/Archives/edgar/data/906345/000095012310101538/c06949e10vq.htm"
  },
  {
    "date": "2010-06-30",
    "symbol": "CPT",
    "reportedCurrency": "USD",
    "cik": "0000906345",
    "fillingDate": "2010-07-30",
    "acceptedDate": "2010-07-30 14:09:25",
    "calendarYear": "2010",
    "period": "Q2",
    "revenue": 118740000,
    "costOfRevenue": 0,
    "grossProfit": 118740000,
    "grossProfitRatio": 1,
    "researchAndDevelopmentExpenses": 0,
    "generalAndAdministrativeExpenses": 57909000,
    "sellingAndMarketingExpenses": 0,
    "sellingGeneralAndAdministrativeExpenses": 57909000,
    "otherExpenses": 60831000,
    "operatingExpenses": 115000000,
    "costAndExpenses": 118740000,
    "interestIncome": 492000,
    "interestExpense": 31742000,
    "depreciationAndAmortization": 42480000,
    "ebitda": 77810000,
    "ebitdaratio": 0.6552972882,
    "operatingIncome": 0,
    "operatingIncomeRatio": 0,
    "totalOtherIncomeExpensesNet": 3588000,
    "incomeBeforeTax": 3588000,
    "incomeBeforeTaxRatio": 0.0302172815,
    "incomeTaxExpense": 304000,
    "netIncome": 3884000,
    "netIncomeRatio": 0.032710123,
    "eps": 0.03,
    "epsdiluted": 0.03,
    "weightedAverageShsOut": 68090000,
    "weightedAverageShsOutDil": 68386000,
    "link": "https://www.sec.gov/Archives/edgar/data/906345/000095012310070420/0000950123-10-070420-index.htm",
    "finalLink": "https://www.sec.gov/Archives/edgar/data/906345/000095012310070420/c03726e10vq.htm"
  },
  {
    "date": "2010-03-31",
    "symbol": "CPT",
    "reportedCurrency": "USD",
    "cik": "0000906345",
    "fillingDate": "2010-05-07",
    "acceptedDate": "2010-05-07 13:19:29",
    "calendarYear": "2010",
    "period": "Q1",
    "revenue": 126262000,
    "costOfRevenue": 0,
    "grossProfit": 126262000,
    "grossProfitRatio": 1,
    "researchAndDevelopmentExpenses": 0,
    "generalAndAdministrativeExpenses": 58394000,
    "sellingAndMarketingExpenses": 0,
    "sellingGeneralAndAdministrativeExpenses": 58394000,
    "otherExpenses": 67868000,
    "operatingExpenses": 123000000,
    "costAndExpenses": 126262000,
    "interestIncome": 3045000,
    "interestExpense": 31555000,
    "depreciationAndAmortization": 43507000,
    "ebitda": 78415000,
    "ebitdaratio": 0.6210498804,
    "operatingIncome": 0,
    "operatingIncomeRatio": 0,
    "totalOtherIncomeExpensesNet": 3353000,
    "incomeBeforeTax": 4051000,
    "incomeBeforeTaxRatio": 0.0320840791,
    "incomeTaxExpense": 270000,
    "netIncome": 4035000,
    "netIncomeRatio": 0.0319573585,
    "eps": 0.03,
    "epsdiluted": 0.03,
    "weightedAverageShsOut": 66475000,
    "weightedAverageShsOutDil": 66648000,
    "link": "https://www.sec.gov/Archives/edgar/data/906345/000095012310046189/0000950123-10-046189-index.htm",
    "finalLink": "https://www.sec.gov/Archives/edgar/data/906345/000095012310046189/c00260e10vq.htm"
  },
  {
    "date": "2009-12-31",
    "symbol": "CPT",
    "reportedCurrency": "USD",
    "cik": "0000906345",
    "fillingDate": "2010-02-25",
    "acceptedDate": "2010-02-25 15:46:55",
    "calendarYear": "2009",
    "period": "Q4",
    "revenue": 127365000,
    "costOfRevenue": 98276000,
    "grossProfit": 29089000,
    "grossProfitRatio": 0.2283908452,
    "researchAndDevelopmentExpenses": 0,
    "generalAndAdministrativeExpenses": 190403000,
    "sellingAndMarketingExpenses": 0,
    "sellingGeneralAndAdministrativeExpenses": 190403000,
    "otherExpenses": -63038000,
    "operatingExpenses": 127365000,
    "costAndExpenses": 127365000,
    "interestIncome": 412000,
    "interestExpense": 30932000,
    "depreciationAndAmortization": 43618000,
    "ebitda": -4598000,
    "ebitdaratio": -0.0361009697,
    "operatingIncome": 0,
    "operatingIncomeRatio": 0,
    "totalOtherIncomeExpensesNet": -79449000,
    "incomeBeforeTax": -79449000,
    "incomeBeforeTaxRatio": -0.6237898952,
    "incomeTaxExpense": 195000,
    "netIncome": -77536000,
    "netIncomeRatio": -0.6087700703,
    "eps": -1.17,
    "epsdiluted": -1.17,
    "weightedAverageShsOut": 66175000,
    "weightedAverageShsOutDil": 66475000,
    "link": "https://www.sec.gov/Archives/edgar/data/906345/000095012310017017/0000950123-10-017017-index.htm",
    "finalLink": "https://www.sec.gov/Archives/edgar/data/906345/000095012310017017/c96600e10vk.htm"
  },
  {
    "date": "2009-09-30",
    "symbol": "CPT",
    "reportedCurrency": "USD",
    "cik": "0000906345",
    "fillingDate": "2009-10-30",
    "acceptedDate": "2009-10-30 13:34:49",
    "calendarYear": "2009",
    "period": "Q3",
    "revenue": 135851000,
    "costOfRevenue": 0,
    "grossProfit": 135851000,
    "grossProfitRatio": 1,
    "researchAndDevelopmentExpenses": 0,
    "generalAndAdministrativeExpenses": 12983000,
    "sellingAndMarketingExpenses": 0,
    "sellingGeneralAndAdministrativeExpenses": 12983000,
    "otherExpenses": 121719000,
    "operatingExpenses": 129000000,
    "costAndExpenses": 134702000,
    "interestIncome": 582000,
    "interestExpense": 31117000,
    "depreciationAndAmortization": 42596000,
    "ebitda": 79853000,
    "ebitdaratio": 0.5877983968,
    "operatingIncome": 0,
    "operatingIncomeRatio": 0,
    "totalOtherIncomeExpensesNet": 6039000,
    "incomeBeforeTax": 6394000,
    "incomeBeforeTaxRatio": 0.0470662711,
    "incomeTaxExpense": 126000,
    "netIncome": 5687000,
    "netIncomeRatio": 0.04186204,
    "eps": 0.06,
    "epsdiluted": 0.06,
    "weightedAverageShsOut": 66094000,
    "weightedAverageShsOutDil": 66602000,
    "link": "https://www.sec.gov/Archives/edgar/data/906345/000095012309055420/0000950123-09-055420-index.htm",
    "finalLink": "https://www.sec.gov/Archives/edgar/data/906345/000095012309055420/c91532e10vq.htm"
  },
  {
    "date": "2009-06-30",
    "symbol": "CPT",
    "reportedCurrency": "USD",
    "cik": "0000906345",
    "fillingDate": "2009-07-31",
    "acceptedDate": "2009-07-31 13:26:50",
    "calendarYear": "2009",
    "period": "Q2",
    "revenue": 134456000,
    "costOfRevenue": 0,
    "grossProfit": 134456000,
    "grossProfitRatio": 1,
    "researchAndDevelopmentExpenses": 0,
    "generalAndAdministrativeExpenses": 13091000,
    "sellingAndMarketingExpenses": 44141000,
    "sellingGeneralAndAdministrativeExpenses": 57232000,
    "otherExpenses": 76075000,
    "operatingExpenses": 133307000,
    "costAndExpenses": 133307000,
    "interestIncome": 1097000,
    "interestExpense": 34002000,
    "depreciationAndAmortization": 43141000,
    "ebitda": 80622000,
    "ebitdaratio": 0.5996162313,
    "operatingIncome": 0,
    "operatingIncomeRatio": 0,
    "totalOtherIncomeExpensesNet": 2918000,
    "incomeBeforeTax": 3372000,
    "incomeBeforeTaxRatio": 0.0250788362,
    "incomeTaxExpense": 347000,
    "netIncome": 20065000,
    "netIncomeRatio": 0.1492309752,
    "eps": 0.3,
    "epsdiluted": 0.3,
    "weightedAverageShsOut": 61499000,
    "weightedAverageShsOutDil": 61499000,
    "link": "https://www.sec.gov/Archives/edgar/data/906345/000095012309028238/0000950123-09-028238-index.htm",
    "finalLink": "https://www.sec.gov/Archives/edgar/data/906345/000095012309028238/c88454e10vq.htm"
  },
  {
    "date": "2009-03-31",
    "symbol": "CPT",
    "reportedCurrency": "USD",
    "cik": "0000906345",
    "fillingDate": "2009-05-01",
    "acceptedDate": "2009-05-01 16:12:32",
    "calendarYear": "2009",
    "period": "Q1",
    "revenue": 125151000,
    "costOfRevenue": 0,
    "grossProfit": 123401000,
    "grossProfitRatio": 0.9860168916,
    "researchAndDevelopmentExpenses": 0,
    "generalAndAdministrativeExpenses": 14296000,
    "sellingAndMarketingExpenses": 42304000,
    "sellingGeneralAndAdministrativeExpenses": 56600000,
    "otherExpenses": 66801000,
    "operatingExpenses": 123401000,
    "costAndExpenses": 123401000,
    "interestIncome": 735000,
    "interestExpense": 32245000,
    "depreciationAndAmortization": 43060000,
    "ebitda": 84354000,
    "ebitdaratio": 0.6740177865,
    "operatingIncome": 0,
    "operatingIncomeRatio": 0,
    "totalOtherIncomeExpensesNet": 8129000,
    "incomeBeforeTax": 8129000,
    "incomeBeforeTaxRatio": 0.0649535361,
    "incomeTaxExpense": 299000,
    "netIncome": 7984000,
    "netIncomeRatio": 0.0637949357,
    "eps": 0.11,
    "epsdiluted": 0.11,
    "weightedAverageShsOut": 55552000,
    "weightedAverageShsOutDil": 56047000,
    "link": "https://www.sec.gov/Archives/edgar/data/906345/000136231009006305/0001362310-09-006305-index.htm",
    "finalLink": "https://www.sec.gov/Archives/edgar/data/906345/000136231009006305/c84556e10vq.htm"
  },
  {
    "date": "2008-12-31",
    "symbol": "CPT",
    "reportedCurrency": "USD",
    "cik": "0000906345",
    "fillingDate": "2009-02-20",
    "acceptedDate": "2009-02-19 19:45:56",
    "calendarYear": "2008",
    "period": "Q4",
    "revenue": 119564000,
    "costOfRevenue": 102575000,
    "grossProfit": 16989000,
    "grossProfitRatio": 0.1420912649,
    "researchAndDevelopmentExpenses": 0,
    "generalAndAdministrativeExpenses": 169103000,
    "sellingAndMarketingExpenses": 0,
    "sellingGeneralAndAdministrativeExpenses": 169103000,
    "otherExpenses": -49539000,
    "operatingExpenses": 119564000,
    "costAndExpenses": 119564000,
    "interestIncome": 1077000,
    "interestExpense": 33702000,
    "depreciationAndAmortization": 42690000,
    "ebitda": 40120000,
    "ebitdaratio": 0.3355525074,
    "operatingIncome": 0,
    "operatingIncomeRatio": 0,
    "totalOtherIncomeExpensesNet": -36272000,
    "incomeBeforeTax": -36272000,
    "incomeBeforeTaxRatio": -0.303368907,
    "incomeTaxExpense": 327000,
    "netIncome": -45961000,
    "netIncomeRatio": -0.3844050049,
    "eps": -0.83,
    "epsdiluted": -0.83,
    "weightedAverageShsOut": 55404000,
    "weightedAverageShsOutDil": 55552000,
    "link": "https://www.sec.gov/Archives/edgar/data/906345/000136231009002467/0001362310-09-002467-index.htm",
    "finalLink": "https://www.sec.gov/Archives/edgar/data/906345/000136231009002467/c81164e10vk.htm"
  },
  {
    "date": "2008-09-30",
    "symbol": "CPT",
    "reportedCurrency": "USD",
    "cik": "0000906345",
    "fillingDate": "2008-10-31",
    "acceptedDate": "2008-10-31 16:35:18",
    "calendarYear": "2008",
    "period": "Q3",
    "revenue": 124784000,
    "costOfRevenue": 0,
    "grossProfit": 121402000,
    "grossProfitRatio": 0.9728971663,
    "researchAndDevelopmentExpenses": 0,
    "generalAndAdministrativeExpenses": 7513000,
    "sellingAndMarketingExpenses": 6205000,
    "sellingGeneralAndAdministrativeExpenses": 13718000,
    "otherExpenses": 107684000,
    "operatingExpenses": 121402000,
    "costAndExpenses": 121402000,
    "interestIncome": 1234000,
    "interestExpense": 32838000,
    "depreciationAndAmortization": 42533000,
    "ebitda": 87013000,
    "ebitdaratio": 0.6973089499,
    "operatingIncome": 0,
    "operatingIncomeRatio": 0,
    "totalOtherIncomeExpensesNet": 10367000,
    "incomeBeforeTax": 10367000,
    "incomeBeforeTaxRatio": 0.0830795615,
    "incomeTaxExpense": 83000,
    "netIncome": 75423000,
    "netIncomeRatio": 0.6044284524,
    "eps": 1.33,
    "epsdiluted": 1.3,
    "weightedAverageShsOut": 55367000,
    "weightedAverageShsOutDil": 56008000,
    "link": "https://www.sec.gov/Archives/edgar/data/906345/000136231008006479/0001362310-08-006479-index.htm",
    "finalLink": "https://www.sec.gov/Archives/edgar/data/906345/000136231008006479/c76417e10vq.htm"
  },
  {
    "date": "2008-06-30",
    "symbol": "CPT",
    "reportedCurrency": "USD",
    "cik": "0000906345",
    "fillingDate": "2008-08-01",
    "acceptedDate": "2008-08-01 14:45:34",
    "calendarYear": "2008",
    "period": "Q2",
    "revenue": 124825000,
    "costOfRevenue": 0,
    "grossProfit": 124825000,
    "grossProfitRatio": 1,
    "researchAndDevelopmentExpenses": 0,
    "generalAndAdministrativeExpenses": 8414000,
    "sellingAndMarketingExpenses": 0,
    "sellingGeneralAndAdministrativeExpenses": 8414000,
    "otherExpenses": 116411000,
    "operatingExpenses": 117000000,
    "costAndExpenses": 124825000,
    "interestIncome": 1092000,
    "interestExpense": 33378000,
    "depreciationAndAmortization": 43288000,
    "ebitda": 86545000,
    "ebitdaratio": 0.6933306629,
    "operatingIncome": 0,
    "operatingIncomeRatio": 0,
    "totalOtherIncomeExpensesNet": 10069000,
    "incomeBeforeTax": 17294000,
    "incomeBeforeTaxRatio": 0.1385459644,
    "incomeTaxExpense": 160000,
    "netIncome": 19044000,
    "netIncomeRatio": 0.1525655918,
    "eps": 0.31,
    "epsdiluted": 0.31,
    "weightedAverageShsOut": 55351000,
    "weightedAverageShsOutDil": 56033000,
    "link": "https://www.sec.gov/Archives/edgar/data/906345/000136231008004047/0001362310-08-004047-index.htm",
    "finalLink": "https://www.sec.gov/Archives/edgar/data/906345/000136231008004047/c74127e10vq.htm"
  },
  {
    "date": "2008-03-31",
    "symbol": "CPT",
    "reportedCurrency": "USD",
    "cik": "0000906345",
    "fillingDate": "2008-05-02",
    "acceptedDate": "2008-05-02 15:39:48",
    "calendarYear": "2008",
    "period": "Q1",
    "revenue": 120325000,
    "costOfRevenue": 117804000,
    "grossProfit": 2521000,
    "grossProfitRatio": 0.0209515894,
    "researchAndDevelopmentExpenses": 0,
    "generalAndAdministrativeExpenses": 7960000,
    "sellingAndMarketingExpenses": 0,
    "sellingGeneralAndAdministrativeExpenses": 7960000,
    "otherExpenses": 0,
    "operatingExpenses": 105000000,
    "costAndExpenses": 114739000,
    "interestIncome": 1333000,
    "interestExpense": 32661000,
    "depreciationAndAmortization": 41227000,
    "ebitda": 82739000,
    "ebitdaratio": 0.6876293372,
    "operatingIncome": 0,
    "operatingIncomeRatio": 0,
    "totalOtherIncomeExpensesNet": 8650000,
    "incomeBeforeTax": 8650000,
    "incomeBeforeTaxRatio": 0.0718886349,
    "incomeTaxExpense": 273000,
    "netIncome": 14915000,
    "netIncomeRatio": 0.1239559526,
    "eps": 0.27,
    "epsdiluted": 0.27,
    "weightedAverageShsOut": 54965000,
    "weightedAverageShsOutDil": 55625000,
    "link": "https://www.sec.gov/Archives/edgar/data/906345/000136231008002364/0001362310-08-002364-index.htm",
    "finalLink": "https://www.sec.gov/Archives/edgar/data/906345/000136231008002364/c73174e10vq.htm"
  },
  {
    "date": "2007-12-31",
    "symbol": "CPT",
    "reportedCurrency": "USD",
    "cik": "0000906345",
    "fillingDate": "2008-02-22",
    "acceptedDate": "2008-02-22 15:58:56",
    "calendarYear": "2007",
    "period": "Q4",
    "revenue": 126791000,
    "costOfRevenue": 58731000,
    "grossProfit": 68060000,
    "grossProfitRatio": 0.5367888888,
    "researchAndDevelopmentExpenses": 0,
    "generalAndAdministrativeExpenses": 201400000,
    "sellingAndMarketingExpenses": 0,
    "sellingGeneralAndAdministrativeExpenses": 201400000,
    "otherExpenses": -74609000,
    "operatingExpenses": 106000000,
    "costAndExpenses": 126791000,
    "interestIncome": 3424000,
    "interestExpense": 31475000,
    "depreciationAndAmortization": 31382000,
    "ebitda": 70572000,
    "ebitdaratio": 0.5566010206,
    "operatingIncome": 0,
    "operatingIncomeRatio": 0,
    "totalOtherIncomeExpensesNet": 12767000,
    "incomeBeforeTax": 12767000,
    "incomeBeforeTaxRatio": 0.1006932669,
    "incomeTaxExpense": 478000,
    "netIncome": 69247000,
    "netIncomeRatio": 0.546150752,
    "eps": 1.26,
    "epsdiluted": 1.26,
    "weightedAverageShsOut": 54965000,
    "weightedAverageShsOutDil": 54965000,
    "link": "https://www.sec.gov/Archives/edgar/data/906345/000136231008001094/0001362310-08-001094-index.htm",
    "finalLink": "https://www.sec.gov/Archives/edgar/data/906345/000136231008001094/c72500e10vk.htm"
  },
  {
    "date": "2007-09-30",
    "symbol": "CPT",
    "reportedCurrency": "USD",
    "cik": "0000906345",
    "fillingDate": "2007-11-02",
    "acceptedDate": "2007-11-02 16:02:54",
    "calendarYear": "2007",
    "period": "Q3",
    "revenue": 132321000,
    "costOfRevenue": 121756000,
    "grossProfit": 10565000,
    "grossProfitRatio": 0.0798437134,
    "researchAndDevelopmentExpenses": 0,
    "generalAndAdministrativeExpenses": 8110000,
    "sellingAndMarketingExpenses": 0,
    "sellingGeneralAndAdministrativeExpenses": 8110000,
    "otherExpenses": 0,
    "operatingExpenses": 111000000,
    "costAndExpenses": 128209000,
    "interestIncome": 2008000,
    "interestExpense": 27737000,
    "depreciationAndAmortization": 37190000,
    "ebitda": 74068000,
    "ebitdaratio": 0.5597599776,
    "operatingIncome": 0,
    "operatingIncomeRatio": 0,
    "totalOtherIncomeExpensesNet": 9279000,
    "incomeBeforeTax": 10172000,
    "incomeBeforeTaxRatio": 0.0768736633,
    "incomeTaxExpense": 353000,
    "netIncome": 11852000,
    "netIncomeRatio": 0.0895700607,
    "eps": 0.2,
    "epsdiluted": 0.2,
    "weightedAverageShsOut": 58073000,
    "weightedAverageShsOutDil": 58993000,
    "link": "https://www.sec.gov/Archives/edgar/data/906345/000136231007002669/0001362310-07-002669-index.htm",
    "finalLink": "https://www.sec.gov/Archives/edgar/data/906345/000136231007002669/c71424e10vq.htm"
  },
  {
    "date": "2007-06-30",
    "symbol": "CPT",
    "reportedCurrency": "USD",
    "cik": "0000906345",
    "fillingDate": "2007-08-03",
    "acceptedDate": "2007-08-03 12:33:04",
    "calendarYear": "2007",
    "period": "Q2",
    "revenue": 131831000,
    "costOfRevenue": 112106000,
    "grossProfit": 19725000,
    "grossProfitRatio": 0.1496233815,
    "researchAndDevelopmentExpenses": 0,
    "generalAndAdministrativeExpenses": 7912000,
    "sellingAndMarketingExpenses": 0,
    "sellingGeneralAndAdministrativeExpenses": 7912000,
    "otherExpenses": 0,
    "operatingExpenses": 113000000,
    "costAndExpenses": 131831000,
    "interestIncome": 1810000,
    "interestExpense": 29279000,
    "depreciationAndAmortization": 42717000,
    "ebitda": 86106000,
    "ebitdaratio": 0.6531544174,
    "operatingIncome": 0,
    "operatingIncomeRatio": 0,
    "totalOtherIncomeExpensesNet": 14110000,
    "incomeBeforeTax": 14110000,
    "incomeBeforeTaxRatio": 0.1070309715,
    "incomeTaxExpense": 316000,
    "netIncome": 42592000,
    "netIncomeRatio": 0.3230803074,
    "eps": 0.72,
    "epsdiluted": 0.71,
    "weightedAverageShsOut": 58894000,
    "weightedAverageShsOutDil": 59929000,
    "link": "https://www.sec.gov/Archives/edgar/data/906345/000095012907003737/0000950129-07-003737-index.htm",
    "finalLink": "https://www.sec.gov/Archives/edgar/data/906345/000095012907003737/h48693e10vq.htm"
  },
  {
    "date": "2007-03-31",
    "symbol": "CPT",
    "reportedCurrency": "USD",
    "cik": "0000906345",
    "fillingDate": "2007-04-27",
    "acceptedDate": "2007-04-27 13:19:06",
    "calendarYear": "2007",
    "period": "Q1",
    "revenue": 131729000,
    "costOfRevenue": 113962000,
    "grossProfit": 17767000,
    "grossProfitRatio": 0.1348753881,
    "researchAndDevelopmentExpenses": 0,
    "generalAndAdministrativeExpenses": 8054000,
    "sellingAndMarketingExpenses": 0,
    "sellingGeneralAndAdministrativeExpenses": 8054000,
    "otherExpenses": 0,
    "operatingExpenses": 111000000,
    "costAndExpenses": 131729000,
    "interestIncome": 1562000,
    "interestExpense": 27908000,
    "depreciationAndAmortization": 42960000,
    "ebitda": 85017000,
    "ebitdaratio": 0.6453931936,
    "operatingIncome": 0,
    "operatingIncomeRatio": 0,
    "totalOtherIncomeExpensesNet": 14149000,
    "incomeBeforeTax": 14149000,
    "incomeBeforeTaxRatio": 0.1074099097,
    "incomeTaxExpense": 1905000,
    "netIncome": 13037000,
    "netIncomeRatio": 0.0989683365,
    "eps": 0.22,
    "epsdiluted": 0.22,
    "weightedAverageShsOut": 58813000,
    "weightedAverageShsOutDil": 59994000,
    "link": "https://www.sec.gov/Archives/edgar/data/906345/000095012907002184/0000950129-07-002184-index.htm",
    "finalLink": "https://www.sec.gov/Archives/edgar/data/906345/000095012907002184/h45902e10vq.htm"
  },
  {
    "date": "2006-12-31",
    "symbol": "CPT",
    "reportedCurrency": "USD",
    "cik": "0000906345",
    "fillingDate": "2007-02-28",
    "acceptedDate": "2007-02-28 12:45:57",
    "calendarYear": "2006",
    "period": "Q4",
    "revenue": 155314000,
    "costOfRevenue": -8893000,
    "grossProfit": 164207000,
    "grossProfitRatio": 1.0572581995,
    "researchAndDevelopmentExpenses": 0,
    "generalAndAdministrativeExpenses": 65572000,
    "sellingAndMarketingExpenses": 0,
    "sellingGeneralAndAdministrativeExpenses": 65572000,
    "otherExpenses": 89742000,
    "operatingExpenses": 155314000,
    "costAndExpenses": 155314000,
    "interestIncome": 3674000,
    "interestExpense": 26752000,
    "depreciationAndAmortization": 40565000,
    "ebitda": 101677000,
    "ebitdaratio": 0.654654442,
    "operatingIncome": 0,
    "operatingIncomeRatio": 0,
    "totalOtherIncomeExpensesNet": 34360000,
    "incomeBeforeTax": 136644000,
    "incomeBeforeTaxRatio": 0.8797919054,
    "incomeTaxExpense": 105280000,
    "netIncome": 31364000,
    "netIncomeRatio": 0.2019392972,
    "eps": 0.53,
    "epsdiluted": 0.53,
    "weightedAverageShsOut": 58451000,
    "weightedAverageShsOutDil": 58813000,
    "link": "https://www.sec.gov/Archives/edgar/data/906345/000095012907001000/0000950129-07-001000-index.htm",
    "finalLink": "https://www.sec.gov/Archives/edgar/data/906345/000095012907001000/h43928e10vk.htm"
  },
  {
    "date": "2006-09-30",
    "symbol": "CPT",
    "reportedCurrency": "USD",
    "cik": "0000906345",
    "fillingDate": "2006-11-03",
    "acceptedDate": "2006-11-03 15:38:49",
    "calendarYear": "2006",
    "period": "Q3",
    "revenue": 229321000,
    "costOfRevenue": 124302000,
    "grossProfit": 93857000,
    "grossProfitRatio": 0.4092821852,
    "researchAndDevelopmentExpenses": 0,
    "generalAndAdministrativeExpenses": 9849000,
    "sellingAndMarketingExpenses": 0,
    "sellingGeneralAndAdministrativeExpenses": 9849000,
    "otherExpenses": 0,
    "operatingExpenses": 120000000,
    "costAndExpenses": 229321000,
    "interestIncome": 1733000,
    "interestExpense": 29176000,
    "depreciationAndAmortization": 40399000,
    "ebitda": 165777000,
    "ebitdaratio": 0.7229037027,
    "operatingIncome": 0,
    "operatingIncomeRatio": 0,
    "totalOtherIncomeExpensesNet": 96202000,
    "incomeBeforeTax": 125457000,
    "incomeBeforeTaxRatio": 0.5470802936,
    "incomeTaxExpense": 51212000,
    "netIncome": 125457000,
    "netIncomeRatio": 0.5470802936,
    "eps": 2.15,
    "epsdiluted": 2.05,
    "weightedAverageShsOut": 58348000,
    "weightedAverageShsOutDil": 61250000,
    "link": "https://www.sec.gov/Archives/edgar/data/906345/000136231006000280/0001362310-06-000280-index.htm",
    "finalLink": "https://www.sec.gov/Archives/edgar/data/906345/000136231006000280/c70046e10vq.htm"
  },
  {
    "date": "2006-06-30",
    "symbol": "CPT",
    "reportedCurrency": "USD",
    "cik": "0000906345",
    "fillingDate": "2006-08-07",
    "acceptedDate": "2006-08-07 10:57:21",
    "calendarYear": "2006",
    "period": "Q2",
    "revenue": 130235000,
    "costOfRevenue": 125760000,
    "grossProfit": 4475000,
    "grossProfitRatio": 0.0343609629,
    "researchAndDevelopmentExpenses": 0,
    "generalAndAdministrativeExpenses": 8036000,
    "sellingAndMarketingExpenses": 0,
    "sellingGeneralAndAdministrativeExpenses": 8036000,
    "otherExpenses": 0,
    "operatingExpenses": 113000000,
    "costAndExpenses": 133796000,
    "interestIncome": 3611000,
    "interestExpense": 31379000,
    "depreciationAndAmortization": 44205000,
    "ebitda": 0,
    "ebitdaratio": 0,
    "operatingIncome": 0,
    "operatingIncomeRatio": 0,
    "totalOtherIncomeExpensesNet": 0,
    "incomeBeforeTax": 34582000,
    "incomeBeforeTaxRatio": 0.2655353784,
    "incomeTaxExpense": 56196000,
    "netIncome": 34582000,
    "netIncomeRatio": 0.2655353784,
    "eps": 0.62,
    "epsdiluted": 0.61,
    "weightedAverageShsOut": 55506000,
    "weightedAverageShsOutDil": 56683000,
    "link": "https://www.sec.gov/Archives/edgar/data/906345/000110465906051839/0001104659-06-051839-index.htm",
    "finalLink": "https://www.sec.gov/Archives/edgar/data/906345/000110465906051839/a06-15496_110q.htm"
  },
  {
    "date": "2006-03-31",
    "symbol": "CPT",
    "reportedCurrency": "USD",
    "cik": "0000906345",
    "fillingDate": "2006-05-09",
    "acceptedDate": "2006-05-09 17:08:27",
    "calendarYear": "2006",
    "period": "Q1",
    "revenue": 143836000,
    "costOfRevenue": 119249000,
    "grossProfit": -354000,
    "grossProfitRatio": -0.0024611363,
    "researchAndDevelopmentExpenses": 0,
    "generalAndAdministrativeExpenses": 7414000,
    "sellingAndMarketingExpenses": 0,
    "sellingGeneralAndAdministrativeExpenses": 7414000,
    "otherExpenses": 0,
    "operatingExpenses": 7414000,
    "costAndExpenses": 126663000,
    "interestIncome": 753000,
    "interestExpense": 31037000,
    "depreciationAndAmortization": 40382000,
    "ebitda": 0,
    "ebitdaratio": 0,
    "operatingIncome": 0,
    "operatingIncomeRatio": 0,
    "totalOtherIncomeExpensesNet": 0,
    "incomeBeforeTax": 41443000,
    "incomeBeforeTaxRatio": 0.2881267555,
    "incomeTaxExpense": 61597000,
    "netIncome": 41443000,
    "netIncomeRatio": 0.2881267555,
    "eps": 0.76,
    "epsdiluted": 0.75,
    "weightedAverageShsOut": 54290000,
    "weightedAverageShsOutDil": 55474000,
    "link": "https://www.sec.gov/Archives/edgar/data/906345/000110465906032717/0001104659-06-032717-index.htm",
    "finalLink": "https://www.sec.gov/Archives/edgar/data/906345/000110465906032717/a06-9616_110q.htm"
  },
  {
    "date": "2005-12-31",
    "symbol": "CPT",
    "reportedCurrency": "USD",
    "cik": "0000906345",
    "fillingDate": "2006-03-10",
    "acceptedDate": "2006-03-10 12:29:22",
    "calendarYear": "2005",
    "period": "Q4",
    "revenue": 105648000,
    "costOfRevenue": 316260000,
    "grossProfit": -172365000,
    "grossProfitRatio": -1.631502726,
    "researchAndDevelopmentExpenses": 0,
    "generalAndAdministrativeExpenses": 176879000,
    "sellingAndMarketingExpenses": 0,
    "sellingGeneralAndAdministrativeExpenses": 176879000,
    "otherExpenses": -158862000,
    "operatingExpenses": 77000000,
    "costAndExpenses": 334277000,
    "interestIncome": 972000,
    "interestExpense": 30132000,
    "depreciationAndAmortization": 35360000,
    "ebitda": 0,
    "ebitdaratio": 0,
    "operatingIncome": 0,
    "operatingIncomeRatio": 0,
    "totalOtherIncomeExpensesNet": 0,
    "incomeBeforeTax": -186199000,
    "incomeBeforeTaxRatio": -1.7624469938,
    "incomeTaxExpense": 30132000,
    "netIncome": 12887000,
    "netIncomeRatio": 0.1219805391,
    "eps": 0.24,
    "epsdiluted": 0.24,
    "weightedAverageShsOut": 54118000,
    "weightedAverageShsOutDil": 54290000,
    "link": "https://www.sec.gov/Archives/edgar/data/906345/000110465906015666/0001104659-06-015666-index.htm",
    "finalLink": "https://www.sec.gov/Archives/edgar/data/906345/000110465906015666/a06-2520_110k.htm"
  },
  {
    "date": "2005-09-30",
    "symbol": "CPT",
    "reportedCurrency": "USD",
    "cik": "0000906345",
    "fillingDate": "2005-11-04",
    "acceptedDate": "2005-11-04 16:54:20",
    "calendarYear": "2005",
    "period": "Q3",
    "revenue": 113752000,
    "costOfRevenue": 111642000,
    "grossProfit": 2110000,
    "grossProfitRatio": 0.0185491244,
    "researchAndDevelopmentExpenses": 0,
    "generalAndAdministrativeExpenses": 6183000,
    "sellingAndMarketingExpenses": 0,
    "sellingGeneralAndAdministrativeExpenses": 6183000,
    "otherExpenses": 0,
    "operatingExpenses": 6183000,
    "costAndExpenses": 112201000,
    "interestIncome": 1913000,
    "interestExpense": 29331000,
    "depreciationAndAmortization": 36307000,
    "ebitda": 69675000,
    "ebitdaratio": 0.612516703,
    "operatingIncome": 0,
    "operatingIncomeRatio": 0,
    "totalOtherIncomeExpensesNet": -3686000,
    "incomeBeforeTax": -2317000,
    "incomeBeforeTaxRatio": -0.0203688726,
    "incomeTaxExpense": 30034000,
    "netIncome": -2317000,
    "netIncomeRatio": -0.0203688726,
    "eps": -0.0429,
    "epsdiluted": -0.0416,
    "weightedAverageShsOut": 54018000,
    "weightedAverageShsOutDil": 55671000,
    "link": "https://www.sec.gov/Archives/edgar/data/906345/000110465905052749/0001104659-05-052749-index.htm",
    "finalLink": "https://www.sec.gov/Archives/edgar/data/906345/000110465905052749/a05-18368_110q.htm"
  },
  {
    "date": "2005-06-30",
    "symbol": "CPT",
    "reportedCurrency": "USD",
    "cik": "0000906345",
    "fillingDate": "2005-08-09",
    "acceptedDate": "2005-08-08 19:07:22",
    "calendarYear": "2005",
    "period": "Q2",
    "revenue": 111353000,
    "costOfRevenue": 109844000,
    "grossProfit": 4423000,
    "grossProfitRatio": 0.0397205284,
    "researchAndDevelopmentExpenses": 0,
    "generalAndAdministrativeExpenses": 6558000,
    "sellingAndMarketingExpenses": 0,
    "sellingGeneralAndAdministrativeExpenses": 6558000,
    "otherExpenses": 0,
    "operatingExpenses": 6558000,
    "costAndExpenses": 116402000,
    "interestIncome": 1265000,
    "interestExpense": 28584000,
    "depreciationAndAmortization": 47836000,
    "ebitda": 0,
    "ebitdaratio": 0,
    "operatingIncome": 0,
    "operatingIncomeRatio": 0,
    "totalOtherIncomeExpensesNet": 0,
    "incomeBeforeTax": 21852000,
    "incomeBeforeTaxRatio": 0.1962407838,
    "incomeTaxExpense": 50708000,
    "netIncome": 21863000,
    "netIncomeRatio": 0.1963395688,
    "eps": 0.41,
    "epsdiluted": 0.39,
    "weightedAverageShsOut": 53873000,
    "weightedAverageShsOutDil": 55538000,
    "link": "https://www.sec.gov/Archives/edgar/data/906345/000110465905037372/0001104659-05-037372-index.htm",
    "finalLink": "https://www.sec.gov/Archives/edgar/data/906345/000110465905037372/a05-13113_110q.htm"
  },
  {
    "date": "2005-03-31",
    "symbol": "CPT",
    "reportedCurrency": "USD",
    "cik": "0000906345",
    "fillingDate": "2005-05-10",
    "acceptedDate": "2005-05-10 15:37:43",
    "calendarYear": "2005",
    "period": "Q1",
    "revenue": 260606000,
    "costOfRevenue": 94774000,
    "grossProfit": 165832000,
    "grossProfitRatio": 0.636332241,
    "researchAndDevelopmentExpenses": 0,
    "generalAndAdministrativeExpenses": 5276000,
    "sellingAndMarketingExpenses": 0,
    "sellingGeneralAndAdministrativeExpenses": 5276000,
    "otherExpenses": 0,
    "operatingExpenses": 86000000,
    "costAndExpenses": 100050000,
    "interestIncome": 3223000,
    "interestExpense": 23501000,
    "depreciationAndAmortization": 40361000,
    "ebitda": 0,
    "ebitdaratio": 0,
    "operatingIncome": 0,
    "operatingIncomeRatio": 0,
    "totalOtherIncomeExpensesNet": 0,
    "incomeBeforeTax": 166664000,
    "incomeBeforeTaxRatio": 0.6395247999,
    "incomeTaxExpense": 38807000,
    "netIncome": 166664000,
    "netIncomeRatio": 0.6395247999,
    "eps": 3.63,
    "epsdiluted": 3.38,
    "weightedAverageShsOut": 45900000,
    "weightedAverageShsOutDil": 49374000,
    "link": "https://www.sec.gov/Archives/edgar/data/906345/000110465905022147/0001104659-05-022147-index.htm",
    "finalLink": "https://www.sec.gov/Archives/edgar/data/906345/000110465905022147/a05-8972_110q.htm"
  },
  {
    "date": "2004-12-31",
    "symbol": "CPT",
    "reportedCurrency": "USD",
    "cik": "0000906345",
    "fillingDate": "2005-03-15",
    "acceptedDate": "2005-03-14 21:18:02",
    "calendarYear": "2004",
    "period": "Q4",
    "revenue": 82710000,
    "costOfRevenue": 0,
    "grossProfit": 82710000,
    "grossProfitRatio": 1,
    "researchAndDevelopmentExpenses": 0,
    "generalAndAdministrativeExpenses": 145956000,
    "sellingAndMarketingExpenses": 0,
    "sellingGeneralAndAdministrativeExpenses": 145956000,
    "otherExpenses": -63246000,
    "operatingExpenses": -44705000,
    "costAndExpenses": 69742000,
    "interestIncome": 0,
    "interestExpense": 19513000,
    "depreciationAndAmortization": 20979000,
    "ebitda": 0,
    "ebitdaratio": 0,
    "operatingIncome": 0,
    "operatingIncomeRatio": 0,
    "totalOtherIncomeExpensesNet": 0,
    "incomeBeforeTax": 0,
    "incomeBeforeTaxRatio": 0,
    "incomeTaxExpense": 19513000,
    "netIncome": 18492000,
    "netIncomeRatio": 0.2235763511,
    "eps": 0.4,
    "epsdiluted": 0.4,
    "weightedAverageShsOut": 45018000,
    "weightedAverageShsOutDil": 45900000,
    "link": "https://www.sec.gov/Archives/edgar/data/906345/000095013405004960/0000950134-05-004960-index.htm",
    "finalLink": "https://www.sec.gov/Archives/edgar/data/906345/000095013405004960/d23390e10vk.htm"
  },
  {
    "date": "2004-09-30",
    "symbol": "CPT",
    "reportedCurrency": "USD",
    "cik": "0000906345",
    "fillingDate": "2004-11-09",
    "acceptedDate": "2004-11-09 11:14:55",
    "calendarYear": "2004",
    "period": "Q3",
    "revenue": 90651000,
    "costOfRevenue": 90282000,
    "grossProfit": 369000,
    "grossProfitRatio": 0.0040705563,
    "researchAndDevelopmentExpenses": 0,
    "generalAndAdministrativeExpenses": 4074000,
    "sellingAndMarketingExpenses": 0,
    "sellingGeneralAndAdministrativeExpenses": 4074000,
    "otherExpenses": 0,
    "operatingExpenses": 4074000,
    "costAndExpenses": 94356000,
    "interestIncome": 1917000,
    "interestExpense": 19305000,
    "depreciationAndAmortization": 27916000,
    "ebitda": 0,
    "ebitdaratio": 0,
    "operatingIncome": 0,
    "operatingIncomeRatio": 0,
    "totalOtherIncomeExpensesNet": 0,
    "incomeBeforeTax": 5807000,
    "incomeBeforeTaxRatio": 0.0640588631,
    "incomeTaxExpense": 9605000,
    "netIncome": 5807000,
    "netIncomeRatio": 0.0640588631,
    "eps": 0.14,
    "epsdiluted": 0.14,
    "weightedAverageShsOut": 40377000,
    "weightedAverageShsOutDil": 42574000,
    "link": "https://www.sec.gov/Archives/edgar/data/906345/000090634504000084/0000906345-04-000084-index.htm",
    "finalLink": "https://www.sec.gov/Archives/edgar/data/906345/000090634504000084/q04-3qtr.htm"
  },
  {
    "date": "2004-06-30",
    "symbol": "CPT",
    "reportedCurrency": "USD",
    "cik": "0000906345",
    "fillingDate": "2004-08-09",
    "acceptedDate": "2004-08-09 13:48:16",
    "calendarYear": "2004",
    "period": "Q2",
    "revenue": 89829000,
    "costOfRevenue": 86830000,
    "grossProfit": 2999000,
    "grossProfitRatio": 0.033385655,
    "researchAndDevelopmentExpenses": 0,
    "generalAndAdministrativeExpenses": 4140000,
    "sellingAndMarketingExpenses": 0,
    "sellingGeneralAndAdministrativeExpenses": 4140000,
    "otherExpenses": 0,
    "operatingExpenses": 4140000,
    "costAndExpenses": 90970000,
    "interestIncome": 1801000,
    "interestExpense": 19261000,
    "depreciationAndAmortization": 27260000,
    "ebitda": 0,
    "ebitdaratio": 0,
    "operatingIncome": 0,
    "operatingIncomeRatio": 0,
    "totalOtherIncomeExpensesNet": 0,
    "incomeBeforeTax": 7654000,
    "incomeBeforeTaxRatio": 0.0852063365,
    "incomeTaxExpense": 8862000,
    "netIncome": 7654000,
    "netIncomeRatio": 0.0852063365,
    "eps": 0.19,
    "epsdiluted": 0.18,
    "weightedAverageShsOut": 40291000,
    "weightedAverageShsOutDil": 42419000,
    "link": "https://www.sec.gov/Archives/edgar/data/906345/000090634504000076/0000906345-04-000076-index.htm",
    "finalLink": "https://www.sec.gov/Archives/edgar/data/906345/000090634504000076/q04-2qtr.htm"
  },
  {
    "date": "2004-03-31",
    "symbol": "CPT",
    "reportedCurrency": "USD",
    "cik": "0000906345",
    "fillingDate": "2004-05-07",
    "acceptedDate": "2004-05-07 16:58:40",
    "calendarYear": "2004",
    "period": "Q1",
    "revenue": 91451000,
    "costOfRevenue": 83808000,
    "grossProfit": 7643000,
    "grossProfitRatio": 0.0835748106,
    "researchAndDevelopmentExpenses": 0,
    "generalAndAdministrativeExpenses": 4186000,
    "sellingAndMarketingExpenses": 0,
    "sellingGeneralAndAdministrativeExpenses": 4186000,
    "otherExpenses": 0,
    "operatingExpenses": 4186000,
    "costAndExpenses": 87994000,
    "interestIncome": 3418000,
    "interestExpense": 21135000,
    "depreciationAndAmortization": 27373000,
    "ebitda": 0,
    "ebitdaratio": 0,
    "operatingIncome": 0,
    "operatingIncomeRatio": 0,
    "totalOtherIncomeExpensesNet": 0,
    "incomeBeforeTax": 9388000,
    "incomeBeforeTaxRatio": 0.1026560672,
    "incomeTaxExpense": 7285000,
    "netIncome": 9388000,
    "netIncomeRatio": 0.1026560672,
    "eps": 0.23,
    "epsdiluted": 0.22,
    "weightedAverageShsOut": 40031000,
    "weightedAverageShsOutDil": 42146000,
    "link": "https://www.sec.gov/Archives/edgar/data/906345/000090634504000062/0000906345-04-000062-index.htm",
    "finalLink": "https://www.sec.gov/Archives/edgar/data/906345/000090634504000062/q04-1qtr.htm"
  },
  {
    "date": "2003-12-31",
    "symbol": "CPT",
    "reportedCurrency": "USD",
    "cik": "0000906345",
    "fillingDate": "2004-03-12",
    "acceptedDate": "2004-03-12 12:11:20",
    "calendarYear": "2003",
    "period": "Q4",
    "revenue": 85387000,
    "costOfRevenue": 0,
    "grossProfit": 85387000,
    "grossProfitRatio": 1,
    "researchAndDevelopmentExpenses": 0,
    "generalAndAdministrativeExpenses": 136983000,
    "sellingAndMarketingExpenses": 0,
    "sellingGeneralAndAdministrativeExpenses": 136983000,
    "otherExpenses": -51596000,
    "operatingExpenses": 85387000,
    "costAndExpenses": 85387000,
    "interestIncome": 0,
    "interestExpense": 19955000,
    "depreciationAndAmortization": 27454000,
    "ebitda": 0,
    "ebitdaratio": 0,
    "operatingIncome": 0,
    "operatingIncomeRatio": 0,
    "totalOtherIncomeExpensesNet": 0,
    "incomeBeforeTax": -20180000,
    "incomeBeforeTaxRatio": -0.236335742,
    "incomeTaxExpense": -29430000,
    "netIncome": 9250000,
    "netIncomeRatio": 0.1083303079,
    "eps": 0.23,
    "epsdiluted": 0.23,
    "weightedAverageShsOut": 39748000,
    "weightedAverageShsOutDil": 40031000,
    "link": "https://www.sec.gov/Archives/edgar/data/906345/000090634504000036/0000906345-04-000036-index.htm",
    "finalLink": "https://www.sec.gov/Archives/edgar/data/906345/000090634504000036/cpt_10k-03.htm"
  },
  {
    "date": "2003-09-30",
    "symbol": "CPT",
    "reportedCurrency": "USD",
    "cik": "0000906345",
    "fillingDate": "2003-11-13",
    "acceptedDate": "2003-11-13 15:13:50",
    "calendarYear": "2003",
    "period": "Q3",
    "revenue": 86333000,
    "costOfRevenue": 94873000,
    "grossProfit": -8540000,
    "grossProfitRatio": -0.0989193008,
    "researchAndDevelopmentExpenses": 0,
    "generalAndAdministrativeExpenses": 3878000,
    "sellingAndMarketingExpenses": 0,
    "sellingGeneralAndAdministrativeExpenses": 3878000,
    "otherExpenses": 0,
    "operatingExpenses": 3878000,
    "costAndExpenses": 98751000,
    "interestIncome": 0,
    "interestExpense": 18584000,
    "depreciationAndAmortization": 26677000,
    "ebitda": 0,
    "ebitdaratio": 0,
    "operatingIncome": 0,
    "operatingIncomeRatio": 0,
    "totalOtherIncomeExpensesNet": 0,
    "incomeBeforeTax": 5938000,
    "incomeBeforeTaxRatio": 0.0687801883,
    "incomeTaxExpense": 0,
    "netIncome": 5938000,
    "netIncomeRatio": 0.0687801883,
    "eps": 0.15,
    "epsdiluted": 0.14,
    "weightedAverageShsOut": 39290000,
    "weightedAverageShsOutDil": 41465000,
    "link": "https://www.sec.gov/Archives/edgar/data/906345/000090634503000116/0000906345-03-000116-index.htm",
    "finalLink": "https://www.sec.gov/Archives/edgar/data/906345/000090634503000116/q03-3qtr.htm"
  },
  {
    "date": "2003-06-30",
    "symbol": "CPT",
    "reportedCurrency": "USD",
    "cik": "0000906345",
    "fillingDate": "2003-08-12",
    "acceptedDate": "2003-08-12 11:12:30",
    "calendarYear": "2003",
    "period": "Q2",
    "revenue": 85486000,
    "costOfRevenue": 90227000,
    "grossProfit": -4741000,
    "grossProfitRatio": -0.0554593735,
    "researchAndDevelopmentExpenses": 0,
    "generalAndAdministrativeExpenses": 4437000,
    "sellingAndMarketingExpenses": 0,
    "sellingGeneralAndAdministrativeExpenses": 4437000,
    "otherExpenses": 0,
    "operatingExpenses": 4437000,
    "costAndExpenses": 94664000,
    "interestIncome": 0,
    "interestExpense": 18519000,
    "depreciationAndAmortization": 27390000,
    "ebitda": 0,
    "ebitdaratio": 0,
    "operatingIncome": 0,
    "operatingIncomeRatio": 0,
    "totalOtherIncomeExpensesNet": 0,
    "incomeBeforeTax": 5908000,
    "incomeBeforeTaxRatio": 0.0691107316,
    "incomeTaxExpense": 0,
    "netIncome": 5908000,
    "netIncomeRatio": 0.0691107316,
    "eps": 0.15,
    "epsdiluted": 0.14,
    "weightedAverageShsOut": 39218000,
    "weightedAverageShsOutDil": 41169000,
    "link": "https://www.sec.gov/Archives/edgar/data/906345/000090634503000082/0000906345-03-000082-index.htm",
    "finalLink": "https://www.sec.gov/Archives/edgar/data/906345/000090634503000082/q03-2qtr.htm"
  },
  {
    "date": "2003-03-31",
    "symbol": "CPT",
    "reportedCurrency": "USD",
    "cik": "0000906345",
    "fillingDate": "2003-05-12",
    "acceptedDate": "2003-05-12 16:57:13",
    "calendarYear": "2003",
    "period": "Q1",
    "revenue": 86510000,
    "costOfRevenue": 87770000,
    "grossProfit": 86510000,
    "grossProfitRatio": 1,
    "researchAndDevelopmentExpenses": 0,
    "generalAndAdministrativeExpenses": 3611000,
    "sellingAndMarketingExpenses": 0,
    "sellingGeneralAndAdministrativeExpenses": 3611000,
    "otherExpenses": 0,
    "operatingExpenses": 3611000,
    "costAndExpenses": 91381000,
    "interestIncome": 0,
    "interestExpense": 18356000,
    "depreciationAndAmortization": 26555000,
    "ebitda": 0,
    "ebitdaratio": 0,
    "operatingIncome": 0,
    "operatingIncomeRatio": 0,
    "totalOtherIncomeExpensesNet": 0,
    "incomeBeforeTax": 8334000,
    "incomeBeforeTaxRatio": 0.0963356837,
    "incomeTaxExpense": 0,
    "netIncome": 8334000,
    "netIncomeRatio": 0.0963356837,
    "eps": 0.21,
    "epsdiluted": 0.2,
    "weightedAverageShsOut": 39164000,
    "weightedAverageShsOutDil": 42752000,
    "link": "https://www.sec.gov/Archives/edgar/data/906345/000090634503000053/0000906345-03-000053-index.htm",
    "finalLink": "https://www.sec.gov/Archives/edgar/data/906345/000090634503000053/q03-1qtr.htm"
  },
  {
    "date": "2002-12-31",
    "symbol": "CPT",
    "reportedCurrency": "USD",
    "cik": "0000906345",
    "fillingDate": "2003-03-27",
    "acceptedDate": "2003-03-27 09:51:05",
    "calendarYear": "2002",
    "period": "Q4",
    "revenue": 78202000,
    "costOfRevenue": 0,
    "grossProfit": 78202000,
    "grossProfitRatio": 1,
    "researchAndDevelopmentExpenses": 0,
    "generalAndAdministrativeExpenses": 117789000,
    "sellingAndMarketingExpenses": 0,
    "sellingGeneralAndAdministrativeExpenses": 117789000,
    "otherExpenses": -39587000,
    "operatingExpenses": 78202000,
    "costAndExpenses": 78202000,
    "interestIncome": 0,
    "interestExpense": 18837000,
    "depreciationAndAmortization": 24966000,
    "ebitda": 0,
    "ebitdaratio": 0,
    "operatingIncome": 0,
    "operatingIncomeRatio": 0,
    "totalOtherIncomeExpensesNet": 0,
    "incomeBeforeTax": -36334000,
    "incomeBeforeTaxRatio": -0.4646172732,
    "incomeTaxExpense": -74612000,
    "netIncome": 38278000,
    "netIncomeRatio": 0.4894759725,
    "eps": 0.98,
    "epsdiluted": 0.98,
    "weightedAverageShsOut": 39164000,
    "weightedAverageShsOutDil": 39164000,
    "link": "https://www.sec.gov/Archives/edgar/data/906345/000090634503000041/0000906345-03-000041-index.htm",
    "finalLink": "https://www.sec.gov/Archives/edgar/data/906345/000090634503000041/cpt_10k-02.htm"
  },
  {
    "date": "2002-09-30",
    "symbol": "CPT",
    "reportedCurrency": "USD",
    "cik": "0000906345",
    "fillingDate": "2002-11-13",
    "acceptedDate": "2002-11-13 11:44:00",
    "calendarYear": "2002",
    "period": "Q3",
    "revenue": 86192000,
    "costOfRevenue": 0,
    "grossProfit": 86192000,
    "grossProfitRatio": 1,
    "researchAndDevelopmentExpenses": 0,
    "generalAndAdministrativeExpenses": 6424000,
    "sellingAndMarketingExpenses": 0,
    "sellingGeneralAndAdministrativeExpenses": 6424000,
    "otherExpenses": 79768000,
    "operatingExpenses": -59629000,
    "costAndExpenses": 86192000,
    "interestIncome": 0,
    "interestExpense": 18075000,
    "depreciationAndAmortization": 26675000,
    "ebitda": 0,
    "ebitdaratio": 0,
    "operatingIncome": 0,
    "operatingIncomeRatio": 0,
    "totalOtherIncomeExpensesNet": 0,
    "incomeBeforeTax": 0,
    "incomeBeforeTaxRatio": 0,
    "incomeTaxExpense": 18075000,
    "netIncome": 10235000,
    "netIncomeRatio": 0.1187465194,
    "eps": 0.25,
    "epsdiluted": 0.23,
    "weightedAverageShsOut": 40645000,
    "weightedAverageShsOutDil": 44346000,
    "link": "https://www.sec.gov/Archives/edgar/data/906345/000090634502000028/0000906345-02-000028-index.htm",
    "finalLink": "https://www.sec.gov/Archives/edgar/data/906345/000090634502000028/q02-3qtr.htm"
  },
  {
    "date": "2002-06-30",
    "symbol": "CPT",
    "reportedCurrency": "USD",
    "cik": "0000906345",
    "fillingDate": "2002-08-13",
    "acceptedDate": "2002-08-13 15:42:16",
    "calendarYear": "2002",
    "period": "Q2",
    "revenue": 86776000,
    "costOfRevenue": 0,
    "grossProfit": 86776000,
    "grossProfitRatio": 1,
    "researchAndDevelopmentExpenses": 0,
    "generalAndAdministrativeExpenses": 3357000,
    "sellingAndMarketingExpenses": 0,
    "sellingGeneralAndAdministrativeExpenses": 3357000,
    "otherExpenses": 83419000,
    "operatingExpenses": -57176000,
    "costAndExpenses": 86776000,
    "interestIncome": 0,
    "interestExpense": 17483000,
    "depreciationAndAmortization": 25644000,
    "ebitda": 0,
    "ebitdaratio": 0,
    "operatingIncome": 0,
    "operatingIncomeRatio": 0,
    "totalOtherIncomeExpensesNet": 0,
    "incomeBeforeTax": 0,
    "incomeBeforeTaxRatio": 0,
    "incomeTaxExpense": 17483000,
    "netIncome": 12117000,
    "netIncomeRatio": 0.1396353831,
    "eps": 0.3,
    "epsdiluted": 0.27,
    "weightedAverageShsOut": 41061000,
    "weightedAverageShsOutDil": 45051000,
    "link": "https://www.sec.gov/Archives/edgar/data/906345/000090634502000010/0000906345-02-000010-index.htm",
    "finalLink": "https://www.sec.gov/Archives/edgar/data/906345/000090634502000010/q02-2qt.htm"
  },
  {
    "date": "2002-03-31",
    "symbol": "CPT",
    "reportedCurrency": "USD",
    "cik": "0000906345",
    "fillingDate": "2002-05-03",
    "acceptedDate": "2002-05-03 14:38:43",
    "calendarYear": "2002",
    "period": "Q1",
    "revenue": 86926000,
    "costOfRevenue": 0,
    "grossProfit": 86926000,
    "grossProfitRatio": 1,
    "researchAndDevelopmentExpenses": 0,
    "generalAndAdministrativeExpenses": 3589000,
    "sellingAndMarketingExpenses": 0,
    "sellingGeneralAndAdministrativeExpenses": 3589000,
    "otherExpenses": 83337000,
    "operatingExpenses": -55840000,
    "costAndExpenses": 86926000,
    "interestIncome": 0,
    "interestExpense": 17104000,
    "depreciationAndAmortization": 26057000,
    "ebitda": 0,
    "ebitdaratio": 0,
    "operatingIncome": 0,
    "operatingIncomeRatio": 0,
    "totalOtherIncomeExpensesNet": 0,
    "incomeBeforeTax": 0,
    "incomeBeforeTaxRatio": 0,
    "incomeTaxExpense": 17104000,
    "netIncome": 13982000,
    "netIncomeRatio": 0.1608494582,
    "eps": 0.34,
    "epsdiluted": 0.31,
    "weightedAverageShsOut": 40826000,
    "weightedAverageShsOutDil": 44648000,
    "link": "https://www.sec.gov/Archives/edgar/data/906345/000090634502000005/0000906345-02-000005-index.htm",
    "finalLink": "https://www.sec.gov/Archives/edgar/data/906345/000090634502000005/q02-1qtr.htm"
  },
  {
    "date": "2001-12-31",
    "symbol": "CPT",
    "reportedCurrency": "USD",
    "cik": "0000906345",
    "fillingDate": "2002-03-28",
    "acceptedDate": "2002-03-28 00:00:00",
    "calendarYear": "2001",
    "period": "Q4",
    "revenue": 80264000,
    "costOfRevenue": 0,
    "grossProfit": 80264000,
    "grossProfitRatio": 1,
    "researchAndDevelopmentExpenses": 0,
    "generalAndAdministrativeExpenses": 119497000,
    "sellingAndMarketingExpenses": 0,
    "sellingGeneralAndAdministrativeExpenses": 119497000,
    "otherExpenses": -39233000,
    "operatingExpenses": -55579000,
    "costAndExpenses": 80264000,
    "interestIncome": 0,
    "interestExpense": 17169000,
    "depreciationAndAmortization": 25742000,
    "ebitda": 0,
    "ebitdaratio": 0,
    "operatingIncome": 0,
    "operatingIncomeRatio": 0,
    "totalOtherIncomeExpensesNet": 0,
    "incomeBeforeTax": 0,
    "incomeBeforeTaxRatio": 0,
    "incomeTaxExpense": 17169000,
    "netIncome": 7516000,
    "netIncomeRatio": 0.0936409848,
    "eps": 0.18,
    "epsdiluted": 0.18,
    "weightedAverageShsOut": 40714000,
    "weightedAverageShsOutDil": 40826000,
    "link": "https://www.sec.gov/Archives/edgar/data/906345/000090634502000002/0000906345-02-000002-index.htm",
    "finalLink": "https://www.sec.gov/Archives/edgar/data/906345/000090634502000002/cpt10k-01.txt"
  },
  {
    "date": "2001-09-30",
    "symbol": "CPT",
    "reportedCurrency": "USD",
    "cik": "0000906345",
    "fillingDate": "2001-11-14",
    "acceptedDate": "2001-11-14 00:00:00",
    "calendarYear": "2001",
    "period": "Q3",
    "revenue": 94586000,
    "costOfRevenue": 0,
    "grossProfit": 94586000,
    "grossProfitRatio": 1,
    "researchAndDevelopmentExpenses": 0,
    "generalAndAdministrativeExpenses": 3426000,
    "sellingAndMarketingExpenses": 2369000,
    "sellingGeneralAndAdministrativeExpenses": 5795000,
    "otherExpenses": 91160000,
    "operatingExpenses": -58735000,
    "costAndExpenses": 94586000,
    "interestIncome": 0,
    "interestExpense": 17755000,
    "depreciationAndAmortization": 26574000,
    "ebitda": 0,
    "ebitdaratio": 0,
    "operatingIncome": 0,
    "operatingIncomeRatio": 0,
    "totalOtherIncomeExpensesNet": 0,
    "incomeBeforeTax": 0,
    "incomeBeforeTaxRatio": 0,
    "incomeTaxExpense": 17755000,
    "netIncome": 18096000,
    "netIncomeRatio": 0.191317954,
    "eps": 0.44,
    "epsdiluted": 0.42,
    "weightedAverageShsOut": 40669000,
    "weightedAverageShsOutDil": 42649000,
    "link": "https://www.sec.gov/Archives/edgar/data/906345/000090634501500018/0000906345-01-500018-index.htm",
    "finalLink": "https://www.sec.gov/Archives/edgar/data/906345/000090634501500018/q01-3.txt"
  },
  {
    "date": "2001-06-30",
    "symbol": "CPT",
    "reportedCurrency": "USD",
    "cik": "0000906345",
    "fillingDate": "2001-08-08",
    "acceptedDate": "2001-08-08 00:00:00",
    "calendarYear": "2001",
    "period": "Q2",
    "revenue": 87442000,
    "costOfRevenue": 0,
    "grossProfit": 87442000,
    "grossProfitRatio": 1,
    "researchAndDevelopmentExpenses": 0,
    "generalAndAdministrativeExpenses": 3109000,
    "sellingAndMarketingExpenses": 0,
    "sellingGeneralAndAdministrativeExpenses": 3109000,
    "otherExpenses": 84333000,
    "operatingExpenses": -52532000,
    "costAndExpenses": 87442000,
    "interestIncome": 0,
    "interestExpense": 17774000,
    "depreciationAndAmortization": 24848000,
    "ebitda": 0,
    "ebitdaratio": 0,
    "operatingIncome": 0,
    "operatingIncomeRatio": 0,
    "totalOtherIncomeExpensesNet": 0,
    "incomeBeforeTax": 0,
    "incomeBeforeTaxRatio": 0,
    "incomeTaxExpense": 17774000,
    "netIncome": 17136000,
    "netIncomeRatio": 0.1959699,
    "eps": 0.43,
    "epsdiluted": 0.38,
    "weightedAverageShsOut": 39797000,
    "weightedAverageShsOutDil": 44525000,
    "link": "https://www.sec.gov/Archives/edgar/data/906345/000090634501500013/0000906345-01-500013-index.htm",
    "finalLink": "https://www.sec.gov/Archives/edgar/data/906345/000090634501500013/q01-2a.txt"
  },
  {
    "date": "2001-03-31",
    "symbol": "CPT",
    "reportedCurrency": "USD",
    "cik": "0000906345",
    "fillingDate": "2001-05-15",
    "acceptedDate": "2001-05-15 00:00:00",
    "calendarYear": "2001",
    "period": "Q1",
    "revenue": 89927000,
    "costOfRevenue": 0,
    "grossProfit": 89927000,
    "grossProfitRatio": 1,
    "researchAndDevelopmentExpenses": 0,
    "generalAndAdministrativeExpenses": 3283000,
    "sellingAndMarketingExpenses": 0,
    "sellingGeneralAndAdministrativeExpenses": 3283000,
    "otherExpenses": 86644000,
    "operatingExpenses": -54240000,
    "costAndExpenses": 89927000,
    "interestIncome": 0,
    "interestExpense": 17143000,
    "depreciationAndAmortization": 24496000,
    "ebitda": 0,
    "ebitdaratio": 0,
    "operatingIncome": 0,
    "operatingIncomeRatio": 0,
    "totalOtherIncomeExpensesNet": 0,
    "incomeBeforeTax": 0,
    "incomeBeforeTaxRatio": 0,
    "incomeTaxExpense": 17143000,
    "netIncome": 18544000,
    "netIncomeRatio": 0.206211705,
    "eps": 0.43,
    "epsdiluted": 0.41,
    "weightedAverageShsOut": 37975000,
    "weightedAverageShsOutDil": 39570000,
    "link": "https://www.sec.gov/Archives/edgar/data/906345/000090634501500007/0000906345-01-500007-index.htm",
    "finalLink": "https://www.sec.gov/Archives/edgar/data/906345/000090634501500007/q01-1qt.txt"
  },
  {
    "date": "2000-12-31",
    "symbol": "CPT",
    "reportedCurrency": "USD",
    "cik": "0000906345",
    "fillingDate": "2001-03-29",
    "acceptedDate": "2001-03-29 00:00:00",
    "calendarYear": "2000",
    "period": "Q4",
    "revenue": 83081000,
    "costOfRevenue": 0,
    "grossProfit": 83081000,
    "grossProfitRatio": 1,
    "researchAndDevelopmentExpenses": 0,
    "generalAndAdministrativeExpenses": 117385000,
    "sellingAndMarketingExpenses": 0,
    "sellingGeneralAndAdministrativeExpenses": 117385000,
    "otherExpenses": -34304000,
    "operatingExpenses": -49952000,
    "costAndExpenses": 83081000,
    "interestIncome": 0,
    "interestExpense": 17207000,
    "depreciationAndAmortization": 23423000,
    "ebitda": 0,
    "ebitdaratio": 0,
    "operatingIncome": 0,
    "operatingIncomeRatio": 0,
    "totalOtherIncomeExpensesNet": 0,
    "incomeBeforeTax": 0,
    "incomeBeforeTaxRatio": 0,
    "incomeTaxExpense": 17207000,
    "netIncome": 15922000,
    "netIncomeRatio": 0.1916442989,
    "eps": 0.42,
    "epsdiluted": 0.42,
    "weightedAverageShsOut": 37975000,
    "weightedAverageShsOutDil": 37975000,
    "link": "https://www.sec.gov/Archives/edgar/data/906345/000090634501000003/0000906345-01-000003-index.htm",
    "finalLink": "https://www.sec.gov/Archives/edgar/data/906345/000090634501000003/0000906345-01-000003-0001.txt"
  },
  {
    "date": "2000-09-30",
    "symbol": "CPT",
    "reportedCurrency": "USD",
    "cik": "0000906345",
    "fillingDate": "2000-11-13",
    "acceptedDate": "2000-11-13 00:00:00",
    "calendarYear": "2000",
    "period": "Q3",
    "revenue": 101195000,
    "costOfRevenue": 0,
    "grossProfit": 101195000,
    "grossProfitRatio": 1,
    "researchAndDevelopmentExpenses": 0,
    "generalAndAdministrativeExpenses": 2926000,
    "sellingAndMarketingExpenses": 0,
    "sellingGeneralAndAdministrativeExpenses": 2926000,
    "otherExpenses": 98269000,
    "operatingExpenses": -53009000,
    "costAndExpenses": 101195000,
    "interestIncome": 0,
    "interestExpense": 17640000,
    "depreciationAndAmortization": 23700000,
    "ebitda": 0,
    "ebitdaratio": 0,
    "operatingIncome": 0,
    "operatingIncomeRatio": 0,
    "totalOtherIncomeExpensesNet": 0,
    "incomeBeforeTax": 0,
    "incomeBeforeTaxRatio": 0,
    "incomeTaxExpense": 17640000,
    "netIncome": 30546000,
    "netIncomeRatio": 0.3018528583,
    "eps": 0.74,
    "epsdiluted": 0.68,
    "weightedAverageShsOut": 38050000,
    "weightedAverageShsOutDil": 44746000,
    "link": "https://www.sec.gov/Archives/edgar/data/906345/000090634500000010/0000906345-00-000010-index.htm",
    "finalLink": "https://www.sec.gov/Archives/edgar/data/906345/000090634500000010/0000906345-00-000010-0001.txt"
  },
  {
    "date": "2000-06-30",
    "symbol": "CPT",
    "reportedCurrency": "USD",
    "cik": "0000906345",
    "fillingDate": "2000-08-04",
    "acceptedDate": "2000-08-04 00:00:00",
    "calendarYear": "2000",
    "period": "Q2",
    "revenue": 83722000,
    "costOfRevenue": 0,
    "grossProfit": 83722000,
    "grossProfitRatio": 1,
    "researchAndDevelopmentExpenses": 0,
    "generalAndAdministrativeExpenses": 3626000,
    "sellingAndMarketingExpenses": 0,
    "sellingGeneralAndAdministrativeExpenses": 3626000,
    "otherExpenses": 80096000,
    "operatingExpenses": -53180000,
    "costAndExpenses": 83722000,
    "interestIncome": 0,
    "interestExpense": 17605000,
    "depreciationAndAmortization": 25244000,
    "ebitda": 0,
    "ebitdaratio": 0,
    "operatingIncome": 0,
    "operatingIncomeRatio": 0,
    "totalOtherIncomeExpensesNet": 0,
    "incomeBeforeTax": 0,
    "incomeBeforeTaxRatio": 0,
    "incomeTaxExpense": 17605000,
    "netIncome": 12937000,
    "netIncomeRatio": 0.1545233033,
    "eps": 0.28,
    "epsdiluted": 0.27,
    "weightedAverageShsOut": 37927000,
    "weightedAverageShsOutDil": 41146000,
    "link": "https://www.sec.gov/Archives/edgar/data/906345/000090634500000008/0000906345-00-000008-index.htm",
    "finalLink": "https://www.sec.gov/Archives/edgar/data/906345/000090634500000008/0000906345-00-000008-0001.txt"
  },
  {
    "date": "2000-03-31",
    "symbol": "CPT",
    "reportedCurrency": "USD",
    "cik": "0000906345",
    "fillingDate": "2000-05-15",
    "acceptedDate": "2000-05-15 00:00:00",
    "calendarYear": "2000",
    "period": "Q1",
    "revenue": 84063000,
    "costOfRevenue": 0,
    "grossProfit": 84063000,
    "grossProfitRatio": 1,
    "researchAndDevelopmentExpenses": 0,
    "generalAndAdministrativeExpenses": 3139000,
    "sellingAndMarketingExpenses": 0,
    "sellingGeneralAndAdministrativeExpenses": 3139000,
    "otherExpenses": 80924000,
    "operatingExpenses": -52460000,
    "costAndExpenses": 84063000,
    "interestIncome": 0,
    "interestExpense": 16584000,
    "depreciationAndAmortization": 24599000,
    "ebitda": 0,
    "ebitdaratio": 0,
    "operatingIncome": 0,
    "operatingIncomeRatio": 0,
    "totalOtherIncomeExpensesNet": 0,
    "incomeBeforeTax": 0,
    "incomeBeforeTaxRatio": 0,
    "incomeTaxExpense": 16584000,
    "netIncome": 15019000,
    "netIncomeRatio": 0.1786636213,
    "eps": 0.39,
    "epsdiluted": 0.31,
    "weightedAverageShsOut": 38492000,
    "weightedAverageShsOutDil": 41575000,
    "link": "https://www.sec.gov/Archives/edgar/data/906345/000090634500000006/0000906345-00-000006-index.html",
    "finalLink": "https://www.sec.gov/Archives/edgar/data/906345/000090634500000006/"
  },
  {
    "date": "1999-12-31",
    "symbol": "CPT",
    "reportedCurrency": "USD",
    "cik": "0000906345",
    "fillingDate": "2000-03-29",
    "acceptedDate": "2000-03-29 00:00:00",
    "calendarYear": "1999",
    "period": "Q4",
    "revenue": 80536000,
    "costOfRevenue": 0,
    "grossProfit": 80536000,
    "grossProfitRatio": 1,
    "researchAndDevelopmentExpenses": 0,
    "generalAndAdministrativeExpenses": 111278000,
    "sellingAndMarketingExpenses": 0,
    "sellingGeneralAndAdministrativeExpenses": 111278000,
    "otherExpenses": -30742000,
    "operatingExpenses": -50357000,
    "costAndExpenses": 80536000,
    "interestIncome": 0,
    "interestExpense": 15656000,
    "depreciationAndAmortization": 24016000,
    "ebitda": 0,
    "ebitdaratio": 0,
    "operatingIncome": 0,
    "operatingIncomeRatio": 0,
    "totalOtherIncomeExpensesNet": 0,
    "incomeBeforeTax": 0,
    "incomeBeforeTaxRatio": 0,
    "incomeTaxExpense": 15656000,
    "netIncome": 14523000,
    "netIncomeRatio": 0.1803292937,
    "eps": 0.38,
    "epsdiluted": 0.38,
    "weightedAverageShsOut": 38492000,
    "weightedAverageShsOutDil": 38492000,
    "link": "https://www.sec.gov/Archives/edgar/data/906345/000090634500000004/0000906345-00-000004-index.html",
    "finalLink": "https://www.sec.gov/Archives/edgar/data/906345/000090634500000004/"
  },
  {
    "date": "1999-09-30",
    "symbol": "CPT",
    "reportedCurrency": "USD",
    "cik": "0000906345",
    "fillingDate": "1999-11-15",
    "acceptedDate": "1999-11-15 00:00:00",
    "calendarYear": "1999",
    "period": "Q3",
    "revenue": 81800000,
    "costOfRevenue": 0,
    "grossProfit": 81800000,
    "grossProfitRatio": 1,
    "researchAndDevelopmentExpenses": 0,
    "generalAndAdministrativeExpenses": 2500000,
    "sellingAndMarketingExpenses": 0,
    "sellingGeneralAndAdministrativeExpenses": 2500000,
    "otherExpenses": 79300000,
    "operatingExpenses": -51200000,
    "costAndExpenses": 81800000,
    "interestIncome": 0,
    "interestExpense": 14700000,
    "depreciationAndAmortization": 22700000,
    "ebitda": 0,
    "ebitdaratio": 0,
    "operatingIncome": 0,
    "operatingIncomeRatio": 0,
    "totalOtherIncomeExpensesNet": 0,
    "incomeBeforeTax": 0,
    "incomeBeforeTaxRatio": 0,
    "incomeTaxExpense": 14700000,
    "netIncome": 15900000,
    "netIncomeRatio": 0.1943765281,
    "eps": 0.33,
    "epsdiluted": 0.32,
    "weightedAverageShsOut": 41212000,
    "weightedAverageShsOutDil": 42500000,
    "link": "https://www.sec.gov/Archives/edgar/data/906345/000090634599000016/0000906345-99-000016-index.html",
    "finalLink": "https://www.sec.gov/Archives/edgar/data/906345/000090634599000016/"
  },
  {
    "date": "1999-06-30",
    "symbol": "CPT",
    "reportedCurrency": "USD",
    "cik": "0000906345",
    "fillingDate": "1999-08-13",
    "acceptedDate": "1999-08-13 00:00:00",
    "calendarYear": "1999",
    "period": "Q2",
    "revenue": 77400000,
    "costOfRevenue": 0,
    "grossProfit": 77400000,
    "grossProfitRatio": 1,
    "researchAndDevelopmentExpenses": 0,
    "generalAndAdministrativeExpenses": 2400000,
    "sellingAndMarketingExpenses": 0,
    "sellingGeneralAndAdministrativeExpenses": 2400000,
    "otherExpenses": 75000000,
    "operatingExpenses": -48200000,
    "costAndExpenses": 77400000,
    "interestIncome": 0,
    "interestExpense": 14000000,
    "depreciationAndAmortization": 21400000,
    "ebitda": 0,
    "ebitdaratio": 0,
    "operatingIncome": 0,
    "operatingIncomeRatio": 0,
    "totalOtherIncomeExpensesNet": 0,
    "incomeBeforeTax": 0,
    "incomeBeforeTaxRatio": 0,
    "incomeTaxExpense": 14000000,
    "netIncome": 15200000,
    "netIncomeRatio": 0.1963824289,
    "eps": 0.31,
    "epsdiluted": 0.3,
    "weightedAverageShsOut": 41613000,
    "weightedAverageShsOutDil": 43000000,
    "link": "https://www.sec.gov/Archives/edgar/data/906345/000090634599000014/0000906345-99-000014-index.html",
    "finalLink": "https://www.sec.gov/Archives/edgar/data/906345/000090634599000014/"
  },
  {
    "date": "1999-03-31",
    "symbol": "CPT",
    "reportedCurrency": "USD",
    "cik": "0000906345",
    "fillingDate": "1999-05-13",
    "acceptedDate": "1999-05-13 00:00:00",
    "calendarYear": "1999",
    "period": "Q1",
    "revenue": 76000000,
    "costOfRevenue": 0,
    "grossProfit": 76000000,
    "grossProfitRatio": 1,
    "researchAndDevelopmentExpenses": 0,
    "generalAndAdministrativeExpenses": 2400000,
    "sellingAndMarketingExpenses": 0,
    "sellingGeneralAndAdministrativeExpenses": 2400000,
    "otherExpenses": 73681000,
    "operatingExpenses": -46500000,
    "costAndExpenses": 76081000,
    "interestIncome": 0,
    "interestExpense": 13500000,
    "depreciationAndAmortization": 21400000,
    "ebitda": 0,
    "ebitdaratio": 0,
    "operatingIncome": 0,
    "operatingIncomeRatio": 0,
    "totalOtherIncomeExpensesNet": 0,
    "incomeBeforeTax": 0,
    "incomeBeforeTaxRatio": 0,
    "incomeTaxExpense": 13500000,
    "netIncome": 16000000,
    "netIncomeRatio": 0.2105263158,
    "eps": 0.32,
    "epsdiluted": 0.31,
    "weightedAverageShsOut": 42813000,
    "weightedAverageShsOutDil": 44194000,
    "link": "https://www.sec.gov/Archives/edgar/data/906345/000090634599000013/0000906345-99-000013-index.html",
    "finalLink": "https://www.sec.gov/Archives/edgar/data/906345/"
  },
  {
    "date": "1998-12-31",
    "symbol": "CPT",
    "reportedCurrency": "USD",
    "cik": "0000906345",
    "fillingDate": "1999-03-30",
    "acceptedDate": "1999-03-30 00:00:00",
    "calendarYear": "1998",
    "period": "Q4",
    "revenue": 72060000,
    "costOfRevenue": 0,
    "grossProfit": 72060000,
    "grossProfitRatio": 1,
    "researchAndDevelopmentExpenses": 0,
    "generalAndAdministrativeExpenses": 99135000,
    "sellingAndMarketingExpenses": 0,
    "sellingGeneralAndAdministrativeExpenses": 99135000,
    "otherExpenses": -27075000,
    "operatingExpenses": -41160000,
    "costAndExpenses": 72060000,
    "interestIncome": 0,
    "interestExpense": 13767000,
    "depreciationAndAmortization": 20713000,
    "ebitda": 0,
    "ebitdaratio": 0,
    "operatingIncome": 0,
    "operatingIncomeRatio": 0,
    "totalOtherIncomeExpensesNet": 0,
    "incomeBeforeTax": 0,
    "incomeBeforeTaxRatio": 0,
    "incomeTaxExpense": 13767000,
    "netIncome": 17133000,
    "netIncomeRatio": 0.2377601998,
    "eps": 0.4,
    "epsdiluted": 0.4,
    "weightedAverageShsOut": 42813000,
    "weightedAverageShsOutDil": 42813000,
    "link": "https://www.sec.gov/Archives/edgar/data/906345/000090634599000011/0000906345-99-000011-index.html",
    "finalLink": "https://www.sec.gov/Archives/edgar/data/906345/"
  },
  {
    "date": "1998-09-30",
    "symbol": "CPT",
    "reportedCurrency": "USD",
    "cik": "0000906345",
    "fillingDate": "1998-11-12",
    "acceptedDate": "1998-11-12 00:00:00",
    "calendarYear": "1998",
    "period": "Q3",
    "revenue": 73100000,
    "costOfRevenue": 0,
    "grossProfit": 73100000,
    "grossProfitRatio": 1,
    "researchAndDevelopmentExpenses": 0,
    "generalAndAdministrativeExpenses": 2200000,
    "sellingAndMarketingExpenses": 0,
    "sellingGeneralAndAdministrativeExpenses": 2200000,
    "otherExpenses": 70900000,
    "operatingExpenses": -42700000,
    "costAndExpenses": 73100000,
    "interestIncome": 0,
    "interestExpense": 13400000,
    "depreciationAndAmortization": 20400000,
    "ebitda": 0,
    "ebitdaratio": 0,
    "operatingIncome": 0,
    "operatingIncomeRatio": 0,
    "totalOtherIncomeExpensesNet": 0,
    "incomeBeforeTax": 0,
    "incomeBeforeTaxRatio": 0,
    "incomeTaxExpense": 13400000,
    "netIncome": 17000000,
    "netIncomeRatio": 0.2325581395,
    "eps": 0.33,
    "epsdiluted": 0.31,
    "weightedAverageShsOut": 44545000,
    "weightedAverageShsOutDil": 47419000,
    "link": "https://www.sec.gov/Archives/edgar/data/906345/000090634598000013/0000906345-98-000013-index.html",
    "finalLink": "https://www.sec.gov/Archives/edgar/data/906345/"
  },
  {
    "date": "1998-06-30",
    "symbol": "CPT",
    "reportedCurrency": "USD",
    "cik": "0000906345",
    "fillingDate": "1998-08-13",
    "acceptedDate": "1998-08-13 00:00:00",
    "calendarYear": "1998",
    "period": "Q2",
    "revenue": 76100000,
    "costOfRevenue": 0,
    "grossProfit": 76100000,
    "grossProfitRatio": 1,
    "researchAndDevelopmentExpenses": 0,
    "generalAndAdministrativeExpenses": 2300000,
    "sellingAndMarketingExpenses": 0,
    "sellingGeneralAndAdministrativeExpenses": 2300000,
    "otherExpenses": 73800000,
    "operatingExpenses": -46300000,
    "costAndExpenses": 76100000,
    "interestIncome": 0,
    "interestExpense": 15500000,
    "depreciationAndAmortization": 22500000,
    "ebitda": 0,
    "ebitdaratio": 0,
    "operatingIncome": 0,
    "operatingIncomeRatio": 0,
    "totalOtherIncomeExpensesNet": 0,
    "incomeBeforeTax": 0,
    "incomeBeforeTaxRatio": 0,
    "incomeTaxExpense": 15500000,
    "netIncome": 14300000,
    "netIncomeRatio": 0.1879106439,
    "eps": 0.22,
    "epsdiluted": 0.21,
    "weightedAverageShsOut": 43636000,
    "weightedAverageShsOutDil": 45714000,
    "link": "https://www.sec.gov/Archives/edgar/data/906345/000095012998003408/0000950129-98-003408-index.html",
    "finalLink": "https://www.sec.gov/Archives/edgar/data/906345/"
  },
  {
    "date": "1998-03-31",
    "symbol": "CPT",
    "reportedCurrency": "USD",
    "cik": "0000906345",
    "fillingDate": "1998-05-14",
    "acceptedDate": "1998-05-14 00:00:00",
    "calendarYear": "1998",
    "period": "Q1",
    "revenue": 50800000,
    "costOfRevenue": 0,
    "grossProfit": 50800000,
    "grossProfitRatio": 1,
    "researchAndDevelopmentExpenses": 0,
    "generalAndAdministrativeExpenses": 1500000,
    "sellingAndMarketingExpenses": 0,
    "sellingGeneralAndAdministrativeExpenses": 1500000,
    "otherExpenses": 49300000,
    "operatingExpenses": 50800000,
    "costAndExpenses": 50800000,
    "interestIncome": 0,
    "interestExpense": 7800000,
    "depreciationAndAmortization": 14500000,
    "ebitda": 0,
    "ebitdaratio": 0,
    "operatingIncome": 0,
    "operatingIncomeRatio": 0,
    "totalOtherIncomeExpensesNet": 0,
    "incomeBeforeTax": 0,
    "incomeBeforeTaxRatio": 0,
    "incomeTaxExpense": 7800000,
    "netIncome": 9000000,
    "netIncomeRatio": 0.1771653543,
    "eps": 0.28,
    "epsdiluted": 0.27,
    "weightedAverageShsOut": 32143000,
    "weightedAverageShsOutDil": 33333000,
    "link": "https://www.sec.gov/Archives/edgar/data/906345/000095012998002094/0000950129-98-002094-index.html",
    "finalLink": "https://www.sec.gov/Archives/edgar/data/906345/"
  },
  {
    "date": "1997-12-31",
    "symbol": "CPT",
    "reportedCurrency": "USD",
    "cik": "0000906345",
    "fillingDate": "1998-02-06",
    "acceptedDate": "1998-02-06 00:00:00",
    "calendarYear": "1997",
    "period": "Q4",
    "revenue": 60481000,
    "costOfRevenue": 0,
    "grossProfit": 60481000,
    "grossProfitRatio": 1,
    "researchAndDevelopmentExpenses": 0,
    "generalAndAdministrativeExpenses": 71968000,
    "sellingAndMarketingExpenses": 0,
    "sellingGeneralAndAdministrativeExpenses": 71968000,
    "otherExpenses": -11487000,
    "operatingExpenses": -33006000,
    "costAndExpenses": 60481000,
    "interestIncome": 0,
    "interestExpense": 7837000,
    "depreciationAndAmortization": 13436000,
    "ebitda": 0,
    "ebitdaratio": 0,
    "operatingIncome": 0,
    "operatingIncomeRatio": 0,
    "totalOtherIncomeExpensesNet": 0,
    "incomeBeforeTax": 0,
    "incomeBeforeTaxRatio": 0,
    "incomeTaxExpense": 7837000,
    "netIncome": 19638000,
    "netIncomeRatio": 0.3246970123,
    "eps": 0.61,
    "epsdiluted": 0.61,
    "weightedAverageShsOut": 30817000,
    "weightedAverageShsOutDil": 32143000,
    "link": "https://www.sec.gov/Archives/edgar/data/906345/000095012998000482/0000950129-98-000482-index.html",
    "finalLink": "https://www.sec.gov/Archives/edgar/data/906345/"
  },
  {
    "date": "1997-09-30",
    "symbol": "CPT",
    "reportedCurrency": "USD",
    "cik": "0000906345",
    "fillingDate": "1997-11-12",
    "acceptedDate": "1997-11-12 00:00:00",
    "calendarYear": "1997",
    "period": "Q3",
    "revenue": 49400000,
    "costOfRevenue": 0,
    "grossProfit": 49400000,
    "grossProfitRatio": 1,
    "researchAndDevelopmentExpenses": 0,
    "generalAndAdministrativeExpenses": 1000000,
    "sellingAndMarketingExpenses": 0,
    "sellingGeneralAndAdministrativeExpenses": 1000000,
    "otherExpenses": 48400000,
    "operatingExpenses": -33600000,
    "costAndExpenses": 49400000,
    "interestIncome": 0,
    "interestExpense": 7500000,
    "depreciationAndAmortization": 12800000,
    "ebitda": 0,
    "ebitdaratio": 0,
    "operatingIncome": 0,
    "operatingIncomeRatio": 0,
    "totalOtherIncomeExpensesNet": 0,
    "incomeBeforeTax": 0,
    "incomeBeforeTaxRatio": 0,
    "incomeTaxExpense": 7500000,
    "netIncome": 8300000,
    "netIncomeRatio": 0.1680161943,
    "eps": 0.27,
    "epsdiluted": 0.27,
    "weightedAverageShsOut": 30741000,
    "weightedAverageShsOutDil": 30741000,
    "link": "https://www.sec.gov/Archives/edgar/data/906345/000095012997004636/0000950129-97-004636-index.html",
    "finalLink": "https://www.sec.gov/Archives/edgar/data/906345/"
  },
  {
    "date": "1997-06-30",
    "symbol": "CPT",
    "reportedCurrency": "USD",
    "cik": "0000906345",
    "fillingDate": "1997-08-14",
    "acceptedDate": "1997-08-14 00:00:00",
    "calendarYear": "1997",
    "period": "Q2",
    "revenue": 45000000,
    "costOfRevenue": 0,
    "grossProfit": 45000000,
    "grossProfitRatio": 1,
    "researchAndDevelopmentExpenses": 0,
    "generalAndAdministrativeExpenses": 1200000,
    "sellingAndMarketingExpenses": 0,
    "sellingGeneralAndAdministrativeExpenses": 1200000,
    "otherExpenses": 43800000,
    "operatingExpenses": -29500000,
    "costAndExpenses": 45000000,
    "interestIncome": 0,
    "interestExpense": 9100000,
    "depreciationAndAmortization": 12100000,
    "ebitda": 0,
    "ebitdaratio": 0,
    "operatingIncome": 0,
    "operatingIncomeRatio": 0,
    "totalOtherIncomeExpensesNet": 0,
    "incomeBeforeTax": 0,
    "incomeBeforeTaxRatio": 0,
    "incomeTaxExpense": 9100000,
    "netIncome": 6400000,
    "netIncomeRatio": 0.1422222222,
    "eps": 0.24,
    "epsdiluted": 0.24,
    "weightedAverageShsOut": 26667000,
    "weightedAverageShsOutDil": 26667000,
    "link": "https://www.sec.gov/Archives/edgar/data/906345/000095012997003350/0000950129-97-003350-index.html",
    "finalLink": "https://www.sec.gov/Archives/edgar/data/906345/"
  },
  {
    "date": "1997-03-31",
    "symbol": "CPT",
    "reportedCurrency": "USD",
    "cik": "0000906345",
    "fillingDate": "1997-05-15",
    "acceptedDate": "1997-05-15 00:00:00",
    "calendarYear": "1997",
    "period": "Q1",
    "revenue": 25300000,
    "costOfRevenue": 0,
    "grossProfit": 25300000,
    "grossProfitRatio": 1,
    "researchAndDevelopmentExpenses": 0,
    "generalAndAdministrativeExpenses": 0,
    "sellingAndMarketingExpenses": 0,
    "sellingGeneralAndAdministrativeExpenses": 0,
    "otherExpenses": 24400000,
    "operatingExpenses": -17000000,
    "costAndExpenses": 25300000,
    "interestIncome": 0,
    "interestExpense": 4200000,
    "depreciationAndAmortization": 6500000,
    "ebitda": 0,
    "ebitdaratio": 0,
    "operatingIncome": 0,
    "operatingIncomeRatio": 0,
    "totalOtherIncomeExpensesNet": 0,
    "incomeBeforeTax": 0,
    "incomeBeforeTaxRatio": 0,
    "incomeTaxExpense": 4200000,
    "netIncome": 4100000,
    "netIncomeRatio": 0.162055336,
    "eps": 0.25,
    "epsdiluted": 0.24,
    "weightedAverageShsOut": 16400000,
    "weightedAverageShsOutDil": 17083000,
    "link": "https://www.sec.gov/Archives/edgar/data/906345/000090634597000068/0000906345-97-000068-index.html",
    "finalLink": "https://www.sec.gov/Archives/edgar/data/906345/"
  },
  {
    "date": "1996-12-31",
    "symbol": "CPT",
    "reportedCurrency": "USD",
    "cik": "0000906345",
    "fillingDate": "1997-03-28",
    "acceptedDate": "1997-03-28 00:00:00",
    "calendarYear": "1996",
    "period": "Q4",
    "revenue": 30285000,
    "costOfRevenue": 0,
    "grossProfit": 30285000,
    "grossProfitRatio": 1,
    "researchAndDevelopmentExpenses": 0,
    "generalAndAdministrativeExpenses": 39835000,
    "sellingAndMarketingExpenses": 0,
    "sellingGeneralAndAdministrativeExpenses": 39835000,
    "otherExpenses": -9550000,
    "operatingExpenses": 30285000,
    "costAndExpenses": 30285000,
    "interestIncome": 0,
    "interestExpense": 4336000,
    "depreciationAndAmortization": 6494000,
    "ebitda": 0,
    "ebitdaratio": 0,
    "operatingIncome": 0,
    "operatingIncomeRatio": 0,
    "totalOtherIncomeExpensesNet": 0,
    "incomeBeforeTax": 0,
    "incomeBeforeTaxRatio": 0,
    "incomeTaxExpense": 4336000,
    "netIncome": 4113000,
    "netIncomeRatio": 0.1358098068,
    "eps": 0.25,
    "epsdiluted": 0.25,
    "weightedAverageShsOut": 16400000,
    "weightedAverageShsOutDil": 16400000,
    "link": "https://www.sec.gov/Archives/edgar/data/906345/000090634597000050/0000906345-97-000050-index.html",
    "finalLink": "https://www.sec.gov/Archives/edgar/data/906345/"
  },
  {
    "date": "1996-09-30",
    "symbol": "CPT",
    "reportedCurrency": "USD",
    "cik": "0000906345",
    "fillingDate": "1996-11-13",
    "acceptedDate": "1996-11-13 00:00:00",
    "calendarYear": "1996",
    "period": "Q3",
    "revenue": 23800000,
    "costOfRevenue": 0,
    "grossProfit": 23800000,
    "grossProfitRatio": 1,
    "researchAndDevelopmentExpenses": 0,
    "generalAndAdministrativeExpenses": 1200000,
    "sellingAndMarketingExpenses": 0,
    "sellingGeneralAndAdministrativeExpenses": 1200000,
    "otherExpenses": 22600000,
    "operatingExpenses": -16300000,
    "costAndExpenses": 23800000,
    "interestIncome": 0,
    "interestExpense": 4700000,
    "depreciationAndAmortization": 6200000,
    "ebitda": 0,
    "ebitdaratio": 0,
    "operatingIncome": 0,
    "operatingIncomeRatio": 0,
    "totalOtherIncomeExpensesNet": 0,
    "incomeBeforeTax": 0,
    "incomeBeforeTaxRatio": 0,
    "incomeTaxExpense": 4700000,
    "netIncome": 2800000,
    "netIncomeRatio": 0.1176470588,
    "eps": 0.19,
    "epsdiluted": 0.19,
    "weightedAverageShsOut": 14737000,
    "weightedAverageShsOutDil": 14737000,
    "link": "https://www.sec.gov/Archives/edgar/data/906345/000090634596000036/0000906345-96-000036-index.html",
    "finalLink": "https://www.sec.gov/Archives/edgar/data/906345/"
  },
  {
    "date": "1996-06-30",
    "symbol": "CPT",
    "reportedCurrency": "USD",
    "cik": "0000906345",
    "fillingDate": "1996-08-13",
    "acceptedDate": "1996-08-13 00:00:00",
    "calendarYear": "1996",
    "period": "Q2",
    "revenue": 23000000,
    "costOfRevenue": 0,
    "grossProfit": 23000000,
    "grossProfitRatio": 1,
    "researchAndDevelopmentExpenses": 0,
    "generalAndAdministrativeExpenses": 1100000,
    "sellingAndMarketingExpenses": 0,
    "sellingGeneralAndAdministrativeExpenses": 1100000,
    "otherExpenses": 21900000,
    "operatingExpenses": -15300000,
    "costAndExpenses": 23000000,
    "interestIncome": 0,
    "interestExpense": 4200000,
    "depreciationAndAmortization": 5700000,
    "ebitda": 0,
    "ebitdaratio": 0,
    "operatingIncome": 0,
    "operatingIncomeRatio": 0,
    "totalOtherIncomeExpensesNet": 0,
    "incomeBeforeTax": 0,
    "incomeBeforeTaxRatio": 0,
    "incomeTaxExpense": 4200000,
    "netIncome": 3500000,
    "netIncomeRatio": 0.152173913,
    "eps": 0.24,
    "epsdiluted": 0.24,
    "weightedAverageShsOut": 14583000,
    "weightedAverageShsOutDil": 14583000,
    "link": "https://www.sec.gov/Archives/edgar/data/906345/000089056696001085/0000890566-96-001085-index.html",
    "finalLink": "https://www.sec.gov/Archives/edgar/data/906345/"
  },
  {
    "date": "1996-03-31",
    "symbol": "CPT",
    "reportedCurrency": "USD",
    "cik": "0000906345",
    "fillingDate": "1996-05-15",
    "acceptedDate": "1996-05-15 00:00:00",
    "calendarYear": "1996",
    "period": "Q1",
    "revenue": 22700000,
    "costOfRevenue": 0,
    "grossProfit": 22700000,
    "grossProfitRatio": 1,
    "researchAndDevelopmentExpenses": 0,
    "generalAndAdministrativeExpenses": 1100000,
    "sellingAndMarketingExpenses": 0,
    "sellingGeneralAndAdministrativeExpenses": 1100000,
    "otherExpenses": 21600000,
    "operatingExpenses": -20300000,
    "costAndExpenses": 22700000,
    "interestIncome": 0,
    "interestExpense": 4100000,
    "depreciationAndAmortization": 5500000,
    "ebitda": 0,
    "ebitdaratio": 0,
    "operatingIncome": 0,
    "operatingIncomeRatio": 0,
    "totalOtherIncomeExpensesNet": 0,
    "incomeBeforeTax": 0,
    "incomeBeforeTaxRatio": 0,
    "incomeTaxExpense": 4100000,
    "netIncome": -1700000,
    "netIncomeRatio": -0.0748898678,
    "eps": -0.12,
    "epsdiluted": -0.12,
    "weightedAverageShsOut": 14167000,
    "weightedAverageShsOutDil": 14167000,
    "link": "https://www.sec.gov/Archives/edgar/data/906345/000090634596000009/0000906345-96-000009-index.html",
    "finalLink": "https://www.sec.gov/Archives/edgar/data/906345/"
  },
  {
    "date": "1995-12-31",
    "symbol": "CPT",
    "reportedCurrency": "USD",
    "cik": "0000906345",
    "fillingDate": "1995-12-31",
    "acceptedDate": "1995-12-30 19:00:00",
    "calendarYear": "1995",
    "period": "Q4",
    "revenue": 22200000,
    "costOfRevenue": 0,
    "grossProfit": 22200000,
    "grossProfitRatio": 1,
    "researchAndDevelopmentExpenses": 0,
    "generalAndAdministrativeExpenses": 1200000,
    "sellingAndMarketingExpenses": 0,
    "sellingGeneralAndAdministrativeExpenses": 1200000,
    "otherExpenses": 21000000,
    "operatingExpenses": -15000000,
    "costAndExpenses": 22200000,
    "interestIncome": 0,
    "interestExpense": 4000000,
    "depreciationAndAmortization": 5400000,
    "ebitda": 0,
    "ebitdaratio": 0,
    "operatingIncome": 0,
    "operatingIncomeRatio": 0,
    "totalOtherIncomeExpensesNet": 0,
    "incomeBeforeTax": 0,
    "incomeBeforeTaxRatio": 0,
    "incomeTaxExpense": 4000000,
    "netIncome": 3200000,
    "netIncomeRatio": 0.1441441441,
    "eps": 0.22,
    "epsdiluted": 0.22,
    "weightedAverageShsOut": 13967000,
    "weightedAverageShsOutDil": 14500000,
    "link": "",
    "finalLink": ""
  },
  {
    "date": "1995-09-30",
    "symbol": "CPT",
    "reportedCurrency": "USD",
    "cik": "0000906345",
    "fillingDate": "1995-09-30",
    "acceptedDate": "1995-09-29 20:00:00",
    "calendarYear": "1995",
    "period": "Q3",
    "revenue": 21500000,
    "costOfRevenue": 0,
    "grossProfit": 21500000,
    "grossProfitRatio": 1,
    "researchAndDevelopmentExpenses": 0,
    "generalAndAdministrativeExpenses": 1000000,
    "sellingAndMarketingExpenses": 0,
    "sellingGeneralAndAdministrativeExpenses": 1000000,
    "otherExpenses": 20500000,
    "operatingExpenses": -15000000,
    "costAndExpenses": 21500000,
    "interestIncome": 0,
    "interestExpense": 3600000,
    "depreciationAndAmortization": 5300000,
    "ebitda": 0,
    "ebitdaratio": 0,
    "operatingIncome": 0,
    "operatingIncomeRatio": 0,
    "totalOtherIncomeExpensesNet": 0,
    "incomeBeforeTax": 0,
    "incomeBeforeTaxRatio": 0,
    "incomeTaxExpense": 3600000,
    "netIncome": 2900000,
    "netIncomeRatio": 0.1348837209,
    "eps": 0.2,
    "epsdiluted": 0.2,
    "weightedAverageShsOut": 14500000,
    "weightedAverageShsOutDil": 14500000,
    "link": "",
    "finalLink": ""
  }
]