[
  {
    "date": "2024-12-31",
    "symbol": "CPT",
    "reportedCurrency": "USD",
    "cik": "0000906345",
    "fillingDate": "2025-02-20",
    "acceptedDate": "2025-02-20 15:21:20",
    "calendarYear": "2024",
    "period": "FY",
    "revenue": 1543842000,
    "costOfRevenue": 599336000,
    "grossProfit": 944506000,
    "grossProfitRatio": 0.6117892893,
    "researchAndDevelopmentExpenses": 0,
    "generalAndAdministrativeExpenses": 72365000,
    "sellingAndMarketingExpenses": 0,
    "sellingGeneralAndAdministrativeExpenses": 72365000,
    "otherExpenses": 574877000,
    "operatingExpenses": 647242000,
    "costAndExpenses": 1246578000,
    "interestIncome": 4420000,
    "interestExpense": 129815000,
    "depreciationAndAmortization": 582014000,
    "ebitda": 885595000,
    "ebitdaratio": 0.5736305917,
    "operatingIncome": 297264000,
    "operatingIncomeRatio": 0.1925482012,
    "totalOtherIncomeExpensesNet": -123498000,
    "incomeBeforeTax": 173766000,
    "incomeBeforeTaxRatio": 0.112554264,
    "incomeTaxExpense": 2926000,
    "netIncome": 163293000,
    "netIncomeRatio": 0.1057705387,
    "eps": 1.5,
    "epsdiluted": 1.5,
    "weightedAverageShsOut": 108491000,
    "weightedAverageShsOutDil": 108539000,
    "link": "https://www.sec.gov/Archives/edgar/data/906345/000090634525000008/0000906345-25-000008-index.htm",
    "finalLink": "https://www.sec.gov/Archives/edgar/data/906345/000090634525000008/cpt-20241231.htm"
  },
  {
    "date": "2023-12-31",
    "symbol": "CPT",
    "reportedCurrency": "USD",
    "cik": "0000906345",
    "fillingDate": "2024-02-22",
    "acceptedDate": "2024-02-22 12:40:20",
    "calendarYear": "2023",
    "period": "FY",
    "revenue": 1542027000,
    "costOfRevenue": 584343000,
    "grossProfit": 957684000,
    "grossProfitRatio": 0.6210552734,
    "researchAndDevelopmentExpenses": 0,
    "generalAndAdministrativeExpenses": 62506000,
    "sellingAndMarketingExpenses": 0,
    "sellingGeneralAndAdministrativeExpenses": 62506000,
    "otherExpenses": 571362000,
    "operatingExpenses": 633868000,
    "costAndExpenses": 1218211000,
    "interestIncome": 879000,
    "interestExpense": 133395000,
    "depreciationAndAmortization": 574813000,
    "ebitda": 1122411000,
    "ebitdaratio": 0.7278802511,
    "operatingIncome": 323816000,
    "operatingIncomeRatio": 0.209993729,
    "totalOtherIncomeExpensesNet": 90387000,
    "incomeBeforeTax": 414203000,
    "incomeBeforeTaxRatio": 0.2686094342,
    "incomeTaxExpense": 3650000,
    "netIncome": 403309000,
    "netIncomeRatio": 0.2615447071,
    "eps": 3.73,
    "epsdiluted": 3.7,
    "weightedAverageShsOut": 108653000,
    "weightedAverageShsOutDil": 109399000,
    "link": "https://www.sec.gov/Archives/edgar/data/906345/000090634524000007/0000906345-24-000007-index.htm",
    "finalLink": "https://www.sec.gov/Archives/edgar/data/906345/000090634524000007/cpt-20231231.htm"
  },
  {
    "date": "2022-12-31",
    "symbol": "CPT",
    "reportedCurrency": "USD",
    "cik": "0000906345",
    "fillingDate": "2023-02-23",
    "acceptedDate": "2023-02-23 13:39:20",
    "calendarYear": "2022",
    "period": "FY",
    "revenue": 1422756000,
    "costOfRevenue": 529198000,
    "grossProfit": 893558000,
    "grossProfitRatio": 0.6280472548,
    "researchAndDevelopmentExpenses": 0,
    "generalAndAdministrativeExpenses": 60413000,
    "sellingAndMarketingExpenses": 0,
    "sellingGeneralAndAdministrativeExpenses": 60413000,
    "otherExpenses": 571832000,
    "operatingExpenses": 632245000,
    "costAndExpenses": 1161443000,
    "interestIncome": 3019000,
    "interestExpense": 113424000,
    "depreciationAndAmortization": 577020000,
    "ebitda": 840052000,
    "ebitdaratio": 0.590439963,
    "operatingIncome": 261313000,
    "operatingIncomeRatio": 0.1836667707,
    "totalOtherIncomeExpensesNet": 403161000,
    "incomeBeforeTax": 664474000,
    "incomeBeforeTaxRatio": 0.4670329979,
    "incomeTaxExpense": 2966000,
    "netIncome": 653613000,
    "netIncomeRatio": 0.4593992224,
    "eps": 6.07,
    "epsdiluted": 6.03,
    "weightedAverageShsOut": 107605000,
    "weightedAverageShsOutDil": 108388000,
    "link": "https://www.sec.gov/Archives/edgar/data/906345/000090634523000008/0000906345-23-000008-index.htm",
    "finalLink": "https://www.sec.gov/Archives/edgar/data/906345/000090634523000008/cpt-20221231.htm"
  },
  {
    "date": "2021-12-31",
    "symbol": "CPT",
    "reportedCurrency": "USD",
    "cik": "0000906345",
    "fillingDate": "2022-02-17",
    "acceptedDate": "2022-02-17 13:55:07",
    "calendarYear": "2021",
    "period": "FY",
    "revenue": 1143585000,
    "costOfRevenue": 447875000,
    "grossProfit": 695710000,
    "grossProfitRatio": 0.6083588015,
    "researchAndDevelopmentExpenses": 0,
    "generalAndAdministrativeExpenses": 59368000,
    "sellingAndMarketingExpenses": 0,
    "sellingGeneralAndAdministrativeExpenses": 59368000,
    "otherExpenses": 410160000,
    "operatingExpenses": 469528000,
    "costAndExpenses": 917403000,
    "interestIncome": 1223000,
    "interestExpense": 97297000,
    "depreciationAndAmortization": 420692000,
    "ebitda": 832258000,
    "ebitdaratio": 0.7277622564,
    "operatingIncome": 226182000,
    "operatingIncomeRatio": 0.1977832868,
    "totalOtherIncomeExpensesNet": 88087000,
    "incomeBeforeTax": 314269000,
    "incomeBeforeTaxRatio": 0.2748103552,
    "incomeTaxExpense": 1893000,
    "netIncome": 303907000,
    "netIncomeRatio": 0.2657493759,
    "eps": 2.97,
    "epsdiluted": 2.96,
    "weightedAverageShsOut": 101999000,
    "weightedAverageShsOutDil": 102829000,
    "link": "https://www.sec.gov/Archives/edgar/data/906345/000090634522000009/0000906345-22-000009-index.htm",
    "finalLink": "https://www.sec.gov/Archives/edgar/data/906345/000090634522000009/cpt-20211231.htm"
  },
  {
    "date": "2020-12-31",
    "symbol": "CPT",
    "reportedCurrency": "USD",
    "cik": "0000906345",
    "fillingDate": "2021-02-18",
    "acceptedDate": "2021-02-18 13:08:12",
    "calendarYear": "2020",
    "period": "FY",
    "revenue": 1043837000,
    "costOfRevenue": 422981000,
    "grossProfit": 620856000,
    "grossProfitRatio": 0.5947825187,
    "researchAndDevelopmentExpenses": 0,
    "generalAndAdministrativeExpenses": 53624000,
    "sellingAndMarketingExpenses": 0,
    "sellingGeneralAndAdministrativeExpenses": 53624000,
    "otherExpenses": 356362000,
    "operatingExpenses": 409986000,
    "costAndExpenses": 832967000,
    "interestIncome": 2949000,
    "interestExpense": 91526000,
    "depreciationAndAmortization": 367162000,
    "ebitda": 589239000,
    "ebitdaratio": 0.5644933069,
    "operatingIncome": 210870000,
    "operatingIncomeRatio": 0.2020142992,
    "totalOtherIncomeExpensesNet": -80319000,
    "incomeBeforeTax": 130551000,
    "incomeBeforeTaxRatio": 0.1250683775,
    "incomeTaxExpense": 1972000,
    "netIncome": 123911000,
    "netIncomeRatio": 0.1187072311,
    "eps": 1.24,
    "epsdiluted": 1.24,
    "weightedAverageShsOut": 99385000,
    "weightedAverageShsOutDil": 99438000,
    "link": "https://www.sec.gov/Archives/edgar/data/906345/000090634521000010/0000906345-21-000010-index.htm",
    "finalLink": "https://www.sec.gov/Archives/edgar/data/906345/000090634521000010/cpt-20201231.htm"
  },
  {
    "date": "2019-12-31",
    "symbol": "CPT",
    "reportedCurrency": "USD",
    "cik": "0000906345",
    "fillingDate": "2020-02-20",
    "acceptedDate": "2020-02-20 13:04:30",
    "calendarYear": "2019",
    "period": "FY",
    "revenue": 1028461000,
    "costOfRevenue": 397396000,
    "grossProfit": 631065000,
    "grossProfitRatio": 0.6136012936,
    "researchAndDevelopmentExpenses": 0,
    "generalAndAdministrativeExpenses": 53201000,
    "sellingAndMarketingExpenses": 0,
    "sellingGeneralAndAdministrativeExpenses": 53201000,
    "otherExpenses": 327578000,
    "operatingExpenses": 380779000,
    "costAndExpenses": 778175000,
    "interestIncome": 3090000,
    "interestExpense": 80706000,
    "depreciationAndAmortization": 336274000,
    "ebitda": 642339000,
    "ebitdaratio": 0.6245633038,
    "operatingIncome": 250286000,
    "operatingIncomeRatio": 0.2433597385,
    "totalOtherIncomeExpensesNet": -24927000,
    "incomeBeforeTax": 225359000,
    "incomeBeforeTaxRatio": 0.219122553,
    "incomeTaxExpense": 1089000,
    "netIncome": 219623000,
    "netIncomeRatio": 0.2135452876,
    "eps": 2.23,
    "epsdiluted": 2.22,
    "weightedAverageShsOut": 98460000,
    "weightedAverageShsOutDil": 99384000,
    "link": "https://www.sec.gov/Archives/edgar/data/906345/000090634520000008/0000906345-20-000008-index.htm",
    "finalLink": "https://www.sec.gov/Archives/edgar/data/906345/000090634520000008/cpt1231201910k.htm"
  },
  {
    "date": "2018-12-31",
    "symbol": "CPT",
    "reportedCurrency": "USD",
    "cik": "0000906345",
    "fillingDate": "2019-02-15",
    "acceptedDate": "2019-02-15 13:14:43",
    "calendarYear": "2018",
    "period": "FY",
    "revenue": 954505000,
    "costOfRevenue": 373611000,
    "grossProfit": 580894000,
    "grossProfitRatio": 0.6085814113,
    "researchAndDevelopmentExpenses": 0,
    "generalAndAdministrativeExpenses": 50735000,
    "sellingAndMarketingExpenses": 0,
    "sellingGeneralAndAdministrativeExpenses": 50735000,
    "otherExpenses": 293715000,
    "operatingExpenses": 344450000,
    "costAndExpenses": 718061000,
    "interestIncome": 2101000,
    "interestExpense": 84263000,
    "depreciationAndAmortization": 300946000,
    "ebitda": 547327000,
    "ebitdaratio": 0.5734144923,
    "operatingIncome": 236444000,
    "operatingIncomeRatio": 0.2477137364,
    "totalOtherIncomeExpensesNet": -74326000,
    "incomeBeforeTax": 162118000,
    "incomeBeforeTaxRatio": 0.169845103,
    "incomeTaxExpense": 1424000,
    "netIncome": 156128000,
    "netIncomeRatio": 0.1635695989,
    "eps": 1.64,
    "epsdiluted": 1.64,
    "weightedAverageShsOut": 95208000,
    "weightedAverageShsOutDil": 95366000,
    "link": "https://www.sec.gov/Archives/edgar/data/906345/000090634519000006/0000906345-19-000006-index.htm",
    "finalLink": "https://www.sec.gov/Archives/edgar/data/906345/000090634519000006/cpt1231201810k.htm"
  },
  {
    "date": "2017-12-31",
    "symbol": "CPT",
    "reportedCurrency": "USD",
    "cik": "0000906345",
    "fillingDate": "2018-02-16",
    "acceptedDate": "2018-02-16 12:49:21",
    "calendarYear": "2017",
    "period": "FY",
    "revenue": 900896000,
    "costOfRevenue": 358418000,
    "grossProfit": 542478000,
    "grossProfitRatio": 0.6021538557,
    "researchAndDevelopmentExpenses": 0,
    "generalAndAdministrativeExpenses": 50587000,
    "sellingAndMarketingExpenses": 0,
    "sellingGeneralAndAdministrativeExpenses": 50587000,
    "otherExpenses": 255798000,
    "operatingExpenses": 306385000,
    "costAndExpenses": 664803000,
    "interestIncome": 3011000,
    "interestExpense": 86750000,
    "depreciationAndAmortization": 886196000,
    "ebitda": 289861000,
    "ebitdaratio": 0.3217474603,
    "operatingIncome": 236093000,
    "operatingIncomeRatio": 0.2620646556,
    "totalOtherIncomeExpensesNet": -34009000,
    "incomeBeforeTax": 202084000,
    "incomeBeforeTaxRatio": 0.2243144603,
    "incomeTaxExpense": 1224000,
    "netIncome": 196422000,
    "netIncomeRatio": 0.2180296061,
    "eps": 2.15,
    "epsdiluted": 2.12,
    "weightedAverageShsOut": 91499000,
    "weightedAverageShsOutDil": 92515000,
    "link": "https://www.sec.gov/Archives/edgar/data/906345/000090634518000007/0000906345-18-000007-index.htm",
    "finalLink": "https://www.sec.gov/Archives/edgar/data/906345/000090634518000007/cpt1231201710k.htm"
  },
  {
    "date": "2016-12-31",
    "symbol": "CPT",
    "reportedCurrency": "USD",
    "cik": "0000906345",
    "fillingDate": "2017-02-13",
    "acceptedDate": "2017-02-13 14:41:20",
    "calendarYear": "2016",
    "period": "FY",
    "revenue": 876447000,
    "costOfRevenue": 340328000,
    "grossProfit": 536119000,
    "grossProfitRatio": 0.6116958584,
    "researchAndDevelopmentExpenses": 0,
    "generalAndAdministrativeExpenses": 47415000,
    "sellingAndMarketingExpenses": 0,
    "sellingGeneralAndAdministrativeExpenses": 47415000,
    "otherExpenses": 243282000,
    "operatingExpenses": 290697000,
    "costAndExpenses": 631025000,
    "interestIncome": 2202000,
    "interestExpense": 93145000,
    "depreciationAndAmortization": 637889000,
    "ebitda": 497770000,
    "ebitdaratio": 0.5679407882,
    "operatingIncome": 245422000,
    "operatingIncomeRatio": 0.2800192139,
    "totalOtherIncomeExpensesNet": 211579000,
    "incomeBeforeTax": 457001000,
    "incomeBeforeTaxRatio": 0.5214245699,
    "incomeTaxExpense": 1617000,
    "netIncome": 819823000,
    "netIncomeRatio": 0.9353936975,
    "eps": 9.15,
    "epsdiluted": 9.12,
    "weightedAverageShsOut": 89580000,
    "weightedAverageShsOutDil": 89903000,
    "link": "https://www.sec.gov/Archives/edgar/data/906345/000090634517000009/0000906345-17-000009-index.htm",
    "finalLink": "https://www.sec.gov/Archives/edgar/data/906345/000090634517000009/cpt12312016-10k.htm"
  },
  {
    "date": "2015-12-31",
    "symbol": "CPT",
    "reportedCurrency": "USD",
    "cik": "0000906345",
    "fillingDate": "2016-02-19",
    "acceptedDate": "2016-02-19 12:36:17",
    "calendarYear": "2015",
    "period": "FY",
    "revenue": 892928000,
    "costOfRevenue": 350219000,
    "grossProfit": 506821000,
    "grossProfitRatio": 0.5675944757,
    "researchAndDevelopmentExpenses": 0,
    "generalAndAdministrativeExpenses": 46233000,
    "sellingAndMarketingExpenses": 0,
    "sellingGeneralAndAdministrativeExpenses": 46233000,
    "otherExpenses": 0,
    "operatingExpenses": 280178000,
    "costAndExpenses": 615446000,
    "interestIncome": 597000,
    "interestExpense": 97312000,
    "depreciationAndAmortization": 240944000,
    "ebitda": 578640000,
    "ebitdaratio": 0.6480253727,
    "operatingIncome": 226643000,
    "operatingIncomeRatio": 0.2538200168,
    "totalOtherIncomeExpensesNet": 13741000,
    "incomeBeforeTax": 240384000,
    "incomeBeforeTaxRatio": 0.2692087156,
    "incomeTaxExpense": 1872000,
    "netIncome": 249315000,
    "netIncomeRatio": 0.2792106418,
    "eps": 2.77,
    "epsdiluted": 2.76,
    "weightedAverageShsOut": 89120000,
    "weightedAverageShsOutDil": 89490000,
    "link": "https://www.sec.gov/Archives/edgar/data/906345/000090634516000044/0000906345-16-000044-index.htm",
    "finalLink": "https://www.sec.gov/Archives/edgar/data/906345/000090634516000044/cpt12312015-10k.htm"
  },
  {
    "date": "2014-12-31",
    "symbol": "CPT",
    "reportedCurrency": "USD",
    "cik": "0000906345",
    "fillingDate": "2015-02-20",
    "acceptedDate": "2015-02-20 14:01:38",
    "calendarYear": "2014",
    "period": "FY",
    "revenue": 790263000,
    "costOfRevenue": 333338000,
    "grossProfit": 477152000,
    "grossProfitRatio": 0.6037888652,
    "researchAndDevelopmentExpenses": 0,
    "generalAndAdministrativeExpenses": 51005000,
    "sellingAndMarketingExpenses": 0,
    "sellingGeneralAndAdministrativeExpenses": 51005000,
    "otherExpenses": -10000000,
    "operatingExpenses": 246568000,
    "costAndExpenses": 354116000,
    "interestIncome": 842000,
    "interestExpense": 94906000,
    "depreciationAndAmortization": 222055000,
    "ebitda": 601981000,
    "ebitdaratio": 0.7617476713,
    "operatingIncome": 213924000,
    "operatingIncomeRatio": 0.2706997544,
    "totalOtherIncomeExpensesNet": 71096000,
    "incomeBeforeTax": 303217000,
    "incomeBeforeTaxRatio": 0.3836912522,
    "incomeTaxExpense": 1903000,
    "netIncome": 292089000,
    "netIncomeRatio": 0.3696098641,
    "eps": 3.32,
    "epsdiluted": 3.3,
    "weightedAverageShsOut": 88084000,
    "weightedAverageShsOutDil": 88468000,
    "link": "https://www.sec.gov/Archives/edgar/data/906345/000090634515000007/0000906345-15-000007-index.htm",
    "finalLink": "https://www.sec.gov/Archives/edgar/data/906345/000090634515000007/cpt12312014-10k.htm"
  },
  {
    "date": "2013-12-31",
    "symbol": "CPT",
    "reportedCurrency": "USD",
    "cik": "0000906345",
    "fillingDate": "2014-02-21",
    "acceptedDate": "2014-02-21 13:47:34",
    "calendarYear": "2013",
    "period": "FY",
    "revenue": 788851000,
    "costOfRevenue": 313221000,
    "grossProfit": 475630000,
    "grossProfitRatio": 0.6029402257,
    "researchAndDevelopmentExpenses": 0,
    "generalAndAdministrativeExpenses": 40586000,
    "sellingAndMarketingExpenses": 0,
    "sellingGeneralAndAdministrativeExpenses": 40586000,
    "otherExpenses": 0,
    "operatingExpenses": 243291000,
    "costAndExpenses": 556512000,
    "interestIncome": 1217000,
    "interestExpense": 99784000,
    "depreciationAndAmortization": 221543000,
    "ebitda": 478769000,
    "ebitdaratio": 0.6069194309,
    "operatingIncome": 230446000,
    "operatingIncomeRatio": 0.2921286783,
    "totalOtherIncomeExpensesNet": -73004000,
    "incomeBeforeTax": 157442000,
    "incomeBeforeTaxRatio": 0.1995839518,
    "incomeTaxExpense": 1826000,
    "netIncome": 336364000,
    "netIncomeRatio": 0.4263973805,
    "eps": 3.82,
    "epsdiluted": 3.8,
    "weightedAverageShsOut": 87204000,
    "weightedAverageShsOutDil": 88494000,
    "link": "https://www.sec.gov/Archives/edgar/data/906345/000090634514000005/0000906345-14-000005-index.htm",
    "finalLink": "https://www.sec.gov/Archives/edgar/data/906345/000090634514000005/cpt-12312013x10k.htm"
  },
  {
    "date": "2012-12-31",
    "symbol": "CPT",
    "reportedCurrency": "USD",
    "cik": "0000906345",
    "fillingDate": "2013-02-15",
    "acceptedDate": "2013-02-15 13:19:09",
    "calendarYear": "2012",
    "period": "FY",
    "revenue": 727908000,
    "costOfRevenue": 298096000,
    "grossProfit": 413461000,
    "grossProfitRatio": 0.5680127159,
    "researchAndDevelopmentExpenses": 0,
    "generalAndAdministrativeExpenses": 37528000,
    "sellingAndMarketingExpenses": 0,
    "sellingGeneralAndAdministrativeExpenses": 37528000,
    "otherExpenses": 119855000,
    "operatingExpenses": 219856000,
    "costAndExpenses": 544273000,
    "interestIncome": 0,
    "interestExpense": 104956000,
    "depreciationAndAmortization": 203077000,
    "ebitda": 461337000,
    "ebitdaratio": 0.633784764,
    "operatingIncome": 193605000,
    "operatingIncomeRatio": 0.2659745462,
    "totalOtherIncomeExpensesNet": -30971000,
    "incomeBeforeTax": 159783000,
    "incomeBeforeTaxRatio": 0.2195098831,
    "incomeTaxExpense": 1208000,
    "netIncome": 282590000,
    "netIncomeRatio": 0.388222138,
    "eps": 3.35,
    "epsdiluted": 3.3,
    "weightedAverageShsOut": 83772000,
    "weightedAverageShsOutDil": 85556000,
    "link": "https://www.sec.gov/Archives/edgar/data/906345/000090634513000003/0000906345-13-000003-index.htm",
    "finalLink": "https://www.sec.gov/Archives/edgar/data/906345/000090634513000003/cpt-12312012x10k.htm"
  },
  {
    "date": "2011-12-31",
    "symbol": "CPT",
    "reportedCurrency": "USD",
    "cik": "0000906345",
    "fillingDate": "2012-02-17",
    "acceptedDate": "2012-02-17 15:42:02",
    "calendarYear": "2011",
    "period": "FY",
    "revenue": 599401000,
    "costOfRevenue": 256689000,
    "grossProfit": 342568000,
    "grossProfitRatio": 0.5715172314,
    "researchAndDevelopmentExpenses": 0,
    "generalAndAdministrativeExpenses": 35456000,
    "sellingAndMarketingExpenses": 215046000,
    "sellingGeneralAndAdministrativeExpenses": 250502000,
    "otherExpenses": -59533000,
    "operatingExpenses": 470000000,
    "costAndExpenses": 447802000,
    "interestIncome": 0,
    "interestExpense": 112414000,
    "depreciationAndAmortization": 179867000,
    "ebitda": 347734000,
    "ebitdaratio": 0.5801358356,
    "operatingIncome": 151599000,
    "operatingIncomeRatio": 0.252917496,
    "totalOtherIncomeExpensesNet": -131870000,
    "incomeBeforeTax": 19729000,
    "incomeBeforeTaxRatio": 0.0329145263,
    "incomeTaxExpense": 2220000,
    "netIncome": 56379000,
    "netIncomeRatio": 0.0940589021,
    "eps": 0.67,
    "epsdiluted": 0.66,
    "weightedAverageShsOut": 72756000,
    "weightedAverageShsOutDil": 73462000,
    "link": "https://www.sec.gov/Archives/edgar/data/906345/000119312512067347/0001193125-12-067347-index.htm",
    "finalLink": "https://www.sec.gov/Archives/edgar/data/906345/000119312512067347/d259732d10k.htm"
  },
  {
    "date": "2010-12-31",
    "symbol": "CPT",
    "reportedCurrency": "USD",
    "cik": "0000906345",
    "fillingDate": "2011-02-24",
    "acceptedDate": "2011-02-24 14:30:21",
    "calendarYear": "2010",
    "period": "FY",
    "revenue": 568072000,
    "costOfRevenue": 251601000,
    "grossProfit": 267185000,
    "grossProfitRatio": 0.4703365066,
    "researchAndDevelopmentExpenses": 0,
    "generalAndAdministrativeExpenses": 30762000,
    "sellingAndMarketingExpenses": 204467000,
    "sellingGeneralAndAdministrativeExpenses": 235229000,
    "otherExpenses": 153588000,
    "operatingExpenses": 460000000,
    "costAndExpenses": 435951000,
    "interestIncome": 8584000,
    "interestExpense": 125893000,
    "depreciationAndAmortization": 174465000,
    "ebitda": 309465000,
    "ebitdaratio": 0.5447636919,
    "operatingIncome": 132121000,
    "operatingIncomeRatio": 0.2325779127,
    "totalOtherIncomeExpensesNet": -123014000,
    "incomeBeforeTax": 9107000,
    "incomeBeforeTaxRatio": 0.0160314186,
    "incomeTaxExpense": 1581000,
    "netIncome": 30216000,
    "netIncomeRatio": 0.0531904406,
    "eps": 0.33,
    "epsdiluted": 0.33,
    "weightedAverageShsOut": 68608000,
    "weightedAverageShsOutDil": 68608000,
    "link": "https://www.sec.gov/Archives/edgar/data/906345/000095012311017763/0000950123-11-017763-index.htm",
    "finalLink": "https://www.sec.gov/Archives/edgar/data/906345/000095012311017763/c12701e10vk.htm"
  },
  {
    "date": "2009-12-31",
    "symbol": "CPT",
    "reportedCurrency": "USD",
    "cik": "0000906345",
    "fillingDate": "2010-02-25",
    "acceptedDate": "2010-02-25 15:46:55",
    "calendarYear": "2009",
    "period": "FY",
    "revenue": 646543000,
    "costOfRevenue": 246869000,
    "grossProfit": 399674000,
    "grossProfitRatio": 0.6181707945,
    "researchAndDevelopmentExpenses": 0,
    "generalAndAdministrativeExpenses": 227382000,
    "sellingAndMarketingExpenses": 3391000,
    "sellingGeneralAndAdministrativeExpenses": 230773000,
    "otherExpenses": 369244000,
    "operatingExpenses": 480000000,
    "costAndExpenses": 489543000,
    "interestIncome": 2826000,
    "interestExpense": 128296000,
    "depreciationAndAmortization": 172415000,
    "ebitda": 235487000,
    "ebitdaratio": 0.3642248079,
    "operatingIncome": 0,
    "operatingIncomeRatio": 0,
    "totalOtherIncomeExpensesNet": -65224000,
    "incomeBeforeTax": -61464000,
    "incomeBeforeTaxRatio": -0.0950656028,
    "incomeTaxExpense": 967000,
    "netIncome": -50163000,
    "netIncomeRatio": -0.0775864869,
    "eps": -0.8,
    "epsdiluted": -0.8,
    "weightedAverageShsOut": 62359000,
    "weightedAverageShsOutDil": 62359000,
    "link": "https://www.sec.gov/Archives/edgar/data/906345/000095012310017017/0000950123-10-017017-index.htm",
    "finalLink": "https://www.sec.gov/Archives/edgar/data/906345/000095012310017017/c96600e10vk.htm"
  },
  {
    "date": "2008-12-31",
    "symbol": "CPT",
    "reportedCurrency": "USD",
    "cik": "0000906345",
    "fillingDate": "2009-02-20",
    "acceptedDate": "2009-02-19 19:45:56",
    "calendarYear": "2008",
    "period": "FY",
    "revenue": 602669000,
    "costOfRevenue": 238920000,
    "grossProfit": 363749000,
    "grossProfitRatio": 0.6035634818,
    "researchAndDevelopmentExpenses": 0,
    "generalAndAdministrativeExpenses": 57550000,
    "sellingAndMarketingExpenses": 135440000,
    "sellingGeneralAndAdministrativeExpenses": 192990000,
    "otherExpenses": 295582000,
    "operatingExpenses": 430000000,
    "costAndExpenses": 468279000,
    "interestIncome": 4736000,
    "interestExpense": 132399000,
    "depreciationAndAmortization": 169151000,
    "ebitda": 308011000,
    "ebitdaratio": 0.5110782204,
    "operatingIncome": 0,
    "operatingIncomeRatio": 0,
    "totalOtherIncomeExpensesNet": -12862000,
    "incomeBeforeTax": -1810000,
    "incomeBeforeTaxRatio": -0.003003307,
    "incomeTaxExpense": 843000,
    "netIncome": 70973000,
    "netIncomeRatio": 0.1177644777,
    "eps": 1.28,
    "epsdiluted": 1.28,
    "weightedAverageShsOut": 55272000,
    "weightedAverageShsOutDil": 55272000,
    "link": "https://www.sec.gov/Archives/edgar/data/906345/000136231009002467/0001362310-09-002467-index.htm",
    "finalLink": "https://www.sec.gov/Archives/edgar/data/906345/000136231009002467/c81164e10vk.htm"
  },
  {
    "date": "2007-12-31",
    "symbol": "CPT",
    "reportedCurrency": "USD",
    "cik": "0000906345",
    "fillingDate": "2008-02-22",
    "acceptedDate": "2008-02-22 15:58:56",
    "calendarYear": "2007",
    "period": "FY",
    "revenue": 517801000,
    "costOfRevenue": 454612000,
    "grossProfit": 154468000,
    "grossProfitRatio": 0.298315376,
    "researchAndDevelopmentExpenses": 0,
    "generalAndAdministrativeExpenses": 218018000,
    "sellingAndMarketingExpenses": 0,
    "sellingGeneralAndAdministrativeExpenses": 218018000,
    "otherExpenses": -185428000,
    "operatingExpenses": 32590000,
    "costAndExpenses": 452332000,
    "interestIncome": 8804000,
    "interestExpense": 116281000,
    "depreciationAndAmortization": 157137000,
    "ebitda": 317823000,
    "ebitdaratio": 0.6137937161,
    "operatingIncome": 0,
    "operatingIncomeRatio": 0,
    "totalOtherIncomeExpensesNet": 44773000,
    "incomeBeforeTax": 44773000,
    "incomeBeforeTaxRatio": 0.0864675812,
    "incomeTaxExpense": 3052000,
    "netIncome": 148457000,
    "netIncomeRatio": 0.2867066692,
    "eps": 2.35,
    "epsdiluted": 2.31,
    "weightedAverageShsOut": 58135000,
    "weightedAverageShsOutDil": 59125000,
    "link": "https://www.sec.gov/Archives/edgar/data/906345/000136231008001094/0001362310-08-001094-index.htm",
    "finalLink": "https://www.sec.gov/Archives/edgar/data/906345/000136231008001094/c72500e10vk.htm"
  },
  {
    "date": "2006-12-31",
    "symbol": "CPT",
    "reportedCurrency": "USD",
    "cik": "0000906345",
    "fillingDate": "2007-02-28",
    "acceptedDate": "2007-02-28 12:45:57",
    "calendarYear": "2006",
    "period": "FY",
    "revenue": 614068000,
    "costOfRevenue": 458396000,
    "grossProfit": 155672000,
    "grossProfitRatio": 0.2535093833,
    "researchAndDevelopmentExpenses": 0,
    "generalAndAdministrativeExpenses": 227167000,
    "sellingAndMarketingExpenses": 0,
    "sellingGeneralAndAdministrativeExpenses": 227167000,
    "otherExpenses": -189583000,
    "operatingExpenses": 37584000,
    "costAndExpenses": 463280000,
    "interestIncome": 9771000,
    "interestExpense": 118344000,
    "depreciationAndAmortization": 159860000,
    "ebitda": 397161000,
    "ebitdaratio": 0.6467703902,
    "operatingIncome": 0,
    "operatingIncomeRatio": 0,
    "totalOtherIncomeExpensesNet": 119953000,
    "incomeBeforeTax": 232846000,
    "incomeBeforeTaxRatio": 0.3791860185,
    "incomeTaxExpense": 204895000,
    "netIncome": 232846000,
    "netIncomeRatio": 0.3791860185,
    "eps": 4.11,
    "epsdiluted": 3.91,
    "weightedAverageShsOut": 56660000,
    "weightedAverageShsOutDil": 59524000,
    "link": "https://www.sec.gov/Archives/edgar/data/906345/000095012907001000/0000950129-07-001000-index.htm",
    "finalLink": "https://www.sec.gov/Archives/edgar/data/906345/000095012907001000/h43928e10vk.htm"
  },
  {
    "date": "2005-12-31",
    "symbol": "CPT",
    "reportedCurrency": "USD",
    "cik": "0000906345",
    "fillingDate": "2006-03-10",
    "acceptedDate": "2006-03-10 12:29:22",
    "calendarYear": "2005",
    "period": "FY",
    "revenue": 576835000,
    "costOfRevenue": 0,
    "grossProfit": 576835000,
    "grossProfitRatio": 1,
    "researchAndDevelopmentExpenses": 0,
    "generalAndAdministrativeExpenses": 194896000,
    "sellingAndMarketingExpenses": 0,
    "sellingGeneralAndAdministrativeExpenses": 194896000,
    "otherExpenses": 381939000,
    "operatingExpenses": 387000000,
    "costAndExpenses": 576835000,
    "interestIncome": 7373000,
    "interestExpense": 111548000,
    "depreciationAndAmortization": 171254000,
    "ebitda": 433832000,
    "ebitdaratio": 0.7520902858,
    "operatingIncome": 0,
    "operatingIncomeRatio": 0,
    "totalOtherIncomeExpensesNet": 151526000,
    "incomeBeforeTax": 151526000,
    "incomeBeforeTaxRatio": 0.2626851699,
    "incomeTaxExpense": -32843000,
    "netIncome": 189962000,
    "netIncomeRatio": 0.3293177425,
    "eps": 3.83,
    "epsdiluted": 3.58,
    "weightedAverageShsOut": 52000000,
    "weightedAverageShsOutDil": 56313000,
    "link": "https://www.sec.gov/Archives/edgar/data/906345/000110465906015666/0001104659-06-015666-index.htm",
    "finalLink": "https://www.sec.gov/Archives/edgar/data/906345/000110465906015666/a06-2520_110k.htm"
  },
  {
    "date": "2004-12-31",
    "symbol": "CPT",
    "reportedCurrency": "USD",
    "cik": "0000906345",
    "fillingDate": "2005-03-15",
    "acceptedDate": "2005-03-14 21:18:02",
    "calendarYear": "2004",
    "period": "FY",
    "revenue": 354642000,
    "costOfRevenue": 0,
    "grossProfit": 334282000,
    "grossProfitRatio": 0.9425899922,
    "researchAndDevelopmentExpenses": 0,
    "generalAndAdministrativeExpenses": 154838000,
    "sellingAndMarketingExpenses": 3518000,
    "sellingGeneralAndAdministrativeExpenses": 158356000,
    "otherExpenses": 179444000,
    "operatingExpenses": -185011000,
    "costAndExpenses": 291912000,
    "interestIncome": 11074000,
    "interestExpense": 78260000,
    "depreciationAndAmortization": 106183000,
    "ebitda": 218714000,
    "ebitdaratio": 0.6167177041,
    "operatingIncome": 0,
    "operatingIncomeRatio": 0,
    "totalOtherIncomeExpensesNet": 40242000,
    "incomeBeforeTax": 44527000,
    "incomeBeforeTaxRatio": 0.1255547848,
    "incomeTaxExpense": 3186000,
    "netIncome": 41341000,
    "netIncomeRatio": 0.1165710773,
    "eps": 1,
    "epsdiluted": 0.97,
    "weightedAverageShsOut": 41430000,
    "weightedAverageShsOutDil": 42426000,
    "link": "https://www.sec.gov/Archives/edgar/data/906345/000095013405004960/0000950134-05-004960-index.htm",
    "finalLink": "https://www.sec.gov/Archives/edgar/data/906345/000095013405004960/d23390e10vk.htm"
  },
  {
    "date": "2003-12-31",
    "symbol": "CPT",
    "reportedCurrency": "USD",
    "cik": "0000906345",
    "fillingDate": "2004-03-12",
    "acceptedDate": "2004-03-12 12:11:20",
    "calendarYear": "2003",
    "period": "FY",
    "revenue": 315082000,
    "costOfRevenue": 0,
    "grossProfit": 315082000,
    "grossProfitRatio": 1,
    "researchAndDevelopmentExpenses": 0,
    "generalAndAdministrativeExpenses": 139806000,
    "sellingAndMarketingExpenses": 9103000,
    "sellingGeneralAndAdministrativeExpenses": 148909000,
    "otherExpenses": 175276000,
    "operatingExpenses": -178371000,
    "costAndExpenses": 315082000,
    "interestIncome": 5685000,
    "interestExpense": 75414000,
    "depreciationAndAmortization": 105442000,
    "ebitda": 217913000,
    "ebitdaratio": 0.6916072641,
    "operatingIncome": 0,
    "operatingIncomeRatio": 0,
    "totalOtherIncomeExpensesNet": 37057000,
    "incomeBeforeTax": 44414000,
    "incomeBeforeTaxRatio": 0.140960131,
    "incomeTaxExpense": 14984000,
    "netIncome": 29430000,
    "netIncomeRatio": 0.0934042567,
    "eps": 0.75,
    "epsdiluted": 0.71,
    "weightedAverageShsOut": 39355000,
    "weightedAverageShsOutDil": 41354000,
    "link": "https://www.sec.gov/Archives/edgar/data/906345/000090634504000036/0000906345-04-000036-index.htm",
    "finalLink": "https://www.sec.gov/Archives/edgar/data/906345/000090634504000036/cpt_10k-03.htm"
  },
  {
    "date": "2002-12-31",
    "symbol": "CPT",
    "reportedCurrency": "USD",
    "cik": "0000906345",
    "fillingDate": "2003-03-27",
    "acceptedDate": "2003-03-27 09:51:05",
    "calendarYear": "2002",
    "period": "FY",
    "revenue": 330974000,
    "costOfRevenue": 0,
    "grossProfit": 330974000,
    "grossProfitRatio": 1,
    "researchAndDevelopmentExpenses": 0,
    "generalAndAdministrativeExpenses": 132955000,
    "sellingAndMarketingExpenses": 2925000,
    "sellingGeneralAndAdministrativeExpenses": 135880000,
    "otherExpenses": 198019000,
    "operatingExpenses": -167357000,
    "costAndExpenses": 330974000,
    "interestIncome": 0,
    "interestExpense": 71499000,
    "depreciationAndAmortization": 97305000,
    "ebitda": 224336000,
    "ebitdaratio": 0.6778055074,
    "operatingIncome": 0,
    "operatingIncomeRatio": 0,
    "totalOtherIncomeExpensesNet": 55532000,
    "incomeBeforeTax": 55532000,
    "incomeBeforeTaxRatio": 0.1677835721,
    "incomeTaxExpense": -17420000,
    "netIncome": 74612000,
    "netIncomeRatio": 0.2254316049,
    "eps": 1.84,
    "epsdiluted": 1.73,
    "weightedAverageShsOut": 40441000,
    "weightedAverageShsOutDil": 44216000,
    "link": "https://www.sec.gov/Archives/edgar/data/906345/000090634503000041/0000906345-03-000041-index.htm",
    "finalLink": "https://www.sec.gov/Archives/edgar/data/906345/000090634503000041/cpt_10k-02.htm"
  },
  {
    "date": "2001-12-31",
    "symbol": "CPT",
    "reportedCurrency": "USD",
    "cik": "0000906345",
    "fillingDate": "2002-03-28",
    "acceptedDate": "2002-03-28 00:00:00",
    "calendarYear": "2001",
    "period": "FY",
    "revenue": 344058000,
    "costOfRevenue": 0,
    "grossProfit": 344058000,
    "grossProfitRatio": 1,
    "researchAndDevelopmentExpenses": 0,
    "generalAndAdministrativeExpenses": 127201000,
    "sellingAndMarketingExpenses": 2114000,
    "sellingGeneralAndAdministrativeExpenses": 129315000,
    "otherExpenses": 216857000,
    "operatingExpenses": -152607000,
    "costAndExpenses": 344058000,
    "interestIncome": 0,
    "interestExpense": 69841000,
    "depreciationAndAmortization": 99563000,
    "ebitda": 243702000,
    "ebitdaratio": 0.708316621,
    "operatingIncome": 0,
    "operatingIncomeRatio": 0,
    "totalOtherIncomeExpensesNet": 74298000,
    "incomeBeforeTax": 77679000,
    "incomeBeforeTaxRatio": 0.2257729801,
    "incomeTaxExpense": 16387000,
    "netIncome": 61292000,
    "netIncomeRatio": 0.1781443826,
    "eps": 1.48,
    "epsdiluted": 1.41,
    "weightedAverageShsOut": 39796000,
    "weightedAverageShsOutDil": 41603000,
    "link": "https://www.sec.gov/Archives/edgar/data/906345/000090634502000002/0000906345-02-000002-index.htm",
    "finalLink": "https://www.sec.gov/Archives/edgar/data/906345/000090634502000002/cpt10k-01.txt"
  },
  {
    "date": "2000-12-31",
    "symbol": "CPT",
    "reportedCurrency": "USD",
    "cik": "0000906345",
    "fillingDate": "2001-03-29",
    "acceptedDate": "2001-03-29 00:00:00",
    "calendarYear": "2000",
    "period": "FY",
    "revenue": 344394000,
    "costOfRevenue": 0,
    "grossProfit": 352061000,
    "grossProfitRatio": 1.0222622926,
    "researchAndDevelopmentExpenses": 0,
    "generalAndAdministrativeExpenses": 127076000,
    "sellingAndMarketingExpenses": 0,
    "sellingGeneralAndAdministrativeExpenses": 127076000,
    "otherExpenses": 217318000,
    "operatingExpenses": -154241000,
    "costAndExpenses": 344394000,
    "interestIncome": 0,
    "interestExpense": 69036000,
    "depreciationAndAmortization": 94950000,
    "ebitda": 251125000,
    "ebitdaratio": 0.7291793701,
    "operatingIncome": 0,
    "operatingIncomeRatio": 0,
    "totalOtherIncomeExpensesNet": 87139000,
    "incomeBeforeTax": 89730000,
    "incomeBeforeTaxRatio": 0.2605446088,
    "incomeTaxExpense": 15306000,
    "netIncome": 74424000,
    "netIncomeRatio": 0.2161013258,
    "eps": 1.71,
    "epsdiluted": 1.63,
    "weightedAverageShsOut": 38112000,
    "weightedAverageShsOutDil": 41388000,
    "link": "https://www.sec.gov/Archives/edgar/data/906345/000090634501000003/0000906345-01-000003-index.htm",
    "finalLink": "https://www.sec.gov/Archives/edgar/data/906345/000090634501000003/0000906345-01-000003-0001.txt"
  },
  {
    "date": "1999-12-31",
    "symbol": "CPT",
    "reportedCurrency": "USD",
    "cik": "0000906345",
    "fillingDate": "2000-03-29",
    "acceptedDate": "2000-03-29 00:00:00",
    "calendarYear": "1999",
    "period": "FY",
    "revenue": 315736000,
    "costOfRevenue": 0,
    "grossProfit": 315736000,
    "grossProfitRatio": 1,
    "researchAndDevelopmentExpenses": 0,
    "generalAndAdministrativeExpenses": 118578000,
    "sellingAndMarketingExpenses": 0,
    "sellingGeneralAndAdministrativeExpenses": 118578000,
    "otherExpenses": 197158000,
    "operatingExpenses": -149555000,
    "costAndExpenses": 315736000,
    "interestIncome": 0,
    "interestExpense": 57856000,
    "depreciationAndAmortization": 89516000,
    "ebitda": 219287000,
    "ebitdaratio": 0.6945264398,
    "operatingIncome": 0,
    "operatingIncomeRatio": 0,
    "totalOtherIncomeExpensesNet": 71915000,
    "incomeBeforeTax": 71915000,
    "incomeBeforeTaxRatio": 0.2277694023,
    "incomeTaxExpense": 0,
    "netIncome": 61623000,
    "netIncomeRatio": 0.1951725492,
    "eps": 1.27,
    "epsdiluted": 1.23,
    "weightedAverageShsOut": 41236000,
    "weightedAverageShsOutDil": 44291000,
    "link": "https://www.sec.gov/Archives/edgar/data/906345/000090634500000004/0000906345-00-000004-index.html",
    "finalLink": "https://www.sec.gov/Archives/edgar/data/906345/000090634500000004/"
  },
  {
    "date": "1998-12-31",
    "symbol": "CPT",
    "reportedCurrency": "USD",
    "cik": "0000906345",
    "fillingDate": "1999-03-30",
    "acceptedDate": "1999-03-30 00:00:00",
    "calendarYear": "1998",
    "period": "FY",
    "revenue": 272060000,
    "costOfRevenue": 0,
    "grossProfit": 272060000,
    "grossProfitRatio": 1,
    "researchAndDevelopmentExpenses": 0,
    "generalAndAdministrativeExpenses": 105135000,
    "sellingAndMarketingExpenses": 0,
    "sellingGeneralAndAdministrativeExpenses": 105135000,
    "otherExpenses": 166925000,
    "operatingExpenses": -131469000,
    "costAndExpenses": 272060000,
    "interestIncome": 0,
    "interestExpense": 50467000,
    "depreciationAndAmortization": 78113000,
    "ebitda": 187235000,
    "ebitdaratio": 0.6882121591,
    "operatingIncome": 0,
    "operatingIncomeRatio": 0,
    "totalOtherIncomeExpensesNet": 58655000,
    "incomeBeforeTax": 58655000,
    "incomeBeforeTaxRatio": 0.2155958245,
    "incomeTaxExpense": 0,
    "netIncome": 57333000,
    "netIncomeRatio": 0.2107366022,
    "eps": 1.16,
    "epsdiluted": 1.12,
    "weightedAverageShsOut": 41174000,
    "weightedAverageShsOutDil": 44183000,
    "link": "https://www.sec.gov/Archives/edgar/data/906345/000090634599000011/0000906345-99-000011-index.html",
    "finalLink": "https://www.sec.gov/Archives/edgar/data/906345/0000906345-99-000011.txt"
  },
  {
    "date": "1997-12-31",
    "symbol": "CPT",
    "reportedCurrency": "USD",
    "cik": "0000906345",
    "fillingDate": "1998-02-06",
    "acceptedDate": "1998-02-06 00:00:00",
    "calendarYear": "1997",
    "period": "FY",
    "revenue": 180281000,
    "costOfRevenue": 0,
    "grossProfit": 180281000,
    "grossProfitRatio": 1,
    "researchAndDevelopmentExpenses": 0,
    "generalAndAdministrativeExpenses": 75068000,
    "sellingAndMarketingExpenses": 0,
    "sellingGeneralAndAdministrativeExpenses": 75068000,
    "otherExpenses": 105213000,
    "operatingExpenses": -90226000,
    "costAndExpenses": 180281000,
    "interestIncome": 0,
    "interestExpense": 28537000,
    "depreciationAndAmortization": 44836000,
    "ebitda": 113466000,
    "ebitdaratio": 0.6293841281,
    "operatingIncome": 0,
    "operatingIncomeRatio": 0,
    "totalOtherIncomeExpensesNet": 40093000,
    "incomeBeforeTax": 40093000,
    "incomeBeforeTaxRatio": 0.2223917107,
    "incomeTaxExpense": 0,
    "netIncome": 38438000,
    "netIncomeRatio": 0.2132115975,
    "eps": 1.46,
    "epsdiluted": 1.36,
    "weightedAverageShsOut": 26257000,
    "weightedAverageShsOutDil": 28356000,
    "link": "https://www.sec.gov/Archives/edgar/data/906345/000095012998000482/0000950129-98-000482-index.html",
    "finalLink": "https://www.sec.gov/Archives/edgar/data/906345/"
  },
  {
    "date": "1996-12-31",
    "symbol": "CPT",
    "reportedCurrency": "USD",
    "cik": "0000906345",
    "fillingDate": "1997-03-28",
    "acceptedDate": "1997-03-28 00:00:00",
    "calendarYear": "1996",
    "period": "FY",
    "revenue": 94385000,
    "costOfRevenue": 0,
    "grossProfit": 94385000,
    "grossProfitRatio": 1,
    "researchAndDevelopmentExpenses": 0,
    "generalAndAdministrativeExpenses": 43235000,
    "sellingAndMarketingExpenses": 0,
    "sellingGeneralAndAdministrativeExpenses": 43235000,
    "otherExpenses": 51150000,
    "operatingExpenses": -49793000,
    "costAndExpenses": 94385000,
    "interestIncome": 0,
    "interestExpense": 17336000,
    "depreciationAndAmortization": 23894000,
    "ebitda": 49943000,
    "ebitdaratio": 0.529141283,
    "operatingIncome": 0,
    "operatingIncomeRatio": 0,
    "totalOtherIncomeExpensesNet": 8713000,
    "incomeBeforeTax": 8713000,
    "incomeBeforeTaxRatio": 0.0923133973,
    "incomeTaxExpense": 0,
    "netIncome": 8713000,
    "netIncomeRatio": 0.0923133973,
    "eps": 0.59,
    "epsdiluted": 0.58,
    "weightedAverageShsOut": 14849000,
    "weightedAverageShsOutDil": 14979000,
    "link": "https://www.sec.gov/Archives/edgar/data/906345/000090634597000050/0000906345-97-000050-index.html",
    "finalLink": "https://www.sec.gov/Archives/edgar/data/906345/"
  },
  {
    "date": "1995-12-31",
    "symbol": "CPT",
    "reportedCurrency": "USD",
    "cik": "0000906345",
    "fillingDate": "1995-12-31",
    "acceptedDate": "1995-12-30 19:00:00",
    "calendarYear": "1995",
    "period": "FY",
    "revenue": 83500000,
    "costOfRevenue": 0,
    "grossProfit": 83500000,
    "grossProfitRatio": 1,
    "researchAndDevelopmentExpenses": 0,
    "generalAndAdministrativeExpenses": 4200000,
    "sellingAndMarketingExpenses": 35156000,
    "sellingGeneralAndAdministrativeExpenses": 39356000,
    "otherExpenses": 44075000,
    "operatingExpenses": -57400000,
    "costAndExpenses": 83431000,
    "interestIncome": 0,
    "interestExpense": 13800000,
    "depreciationAndAmortization": 20300000,
    "ebitda": 46437000,
    "ebitdaratio": 0.5561317365,
    "operatingIncome": 0,
    "operatingIncomeRatio": 0,
    "totalOtherIncomeExpensesNet": 12330000,
    "incomeBeforeTax": 12330000,
    "incomeBeforeTaxRatio": 0.1476646707,
    "incomeTaxExpense": 13800000,
    "netIncome": 12300000,
    "netIncomeRatio": 0.1473053892,
    "eps": 0.86,
    "epsdiluted": 0.85,
    "weightedAverageShsOut": 14325000,
    "weightedAverageShsOutDil": 14414000,
    "link": "",
    "finalLink": ""
  },
  {
    "date": "1994-12-31",
    "symbol": "CPT",
    "reportedCurrency": "USD",
    "cik": "0000906345",
    "fillingDate": "1994-12-31",
    "acceptedDate": "1994-12-30 19:00:00",
    "calendarYear": "1994",
    "period": "FY",
    "revenue": 66700000,
    "costOfRevenue": 0,
    "grossProfit": 66700000,
    "grossProfitRatio": 1,
    "researchAndDevelopmentExpenses": 0,
    "generalAndAdministrativeExpenses": 4000000,
    "sellingAndMarketingExpenses": 27926000,
    "sellingGeneralAndAdministrativeExpenses": 31926000,
    "otherExpenses": 34723000,
    "operatingExpenses": -48400000,
    "costAndExpenses": 66649000,
    "interestIncome": 0,
    "interestExpense": 8800000,
    "depreciationAndAmortization": 16200000,
    "ebitda": 34568000,
    "ebitdaratio": 0.5182608696,
    "operatingIncome": 0,
    "operatingIncomeRatio": 0,
    "totalOtherIncomeExpensesNet": 9522000,
    "incomeBeforeTax": 9522000,
    "incomeBeforeTaxRatio": 0.1427586207,
    "incomeTaxExpense": 0,
    "netIncome": 9500000,
    "netIncomeRatio": 0.1424287856,
    "eps": 0.77,
    "epsdiluted": 0.77,
    "weightedAverageShsOut": 12311000,
    "weightedAverageShsOutDil": 12311000,
    "link": "",
    "finalLink": ""
  },
  {
    "date": "1993-12-31",
    "symbol": "CPT",
    "reportedCurrency": "USD",
    "cik": "0000906345",
    "fillingDate": "1993-12-31",
    "acceptedDate": "1993-12-30 19:00:00",
    "calendarYear": "1993",
    "period": "FY",
    "revenue": 16300000,
    "costOfRevenue": 0,
    "grossProfit": 16300000,
    "grossProfitRatio": 1,
    "researchAndDevelopmentExpenses": 0,
    "generalAndAdministrativeExpenses": 700000,
    "sellingAndMarketingExpenses": 0,
    "sellingGeneralAndAdministrativeExpenses": 700000,
    "otherExpenses": 15600000,
    "operatingExpenses": -11500000,
    "costAndExpenses": 16300000,
    "interestIncome": 800000,
    "interestExpense": 1300000,
    "depreciationAndAmortization": 3600000,
    "ebitda": 0,
    "ebitdaratio": 0,
    "operatingIncome": 0,
    "operatingIncomeRatio": 0,
    "totalOtherIncomeExpensesNet": 0,
    "incomeBeforeTax": 0,
    "incomeBeforeTaxRatio": 0,
    "incomeTaxExpense": 1300000,
    "netIncome": 3500000,
    "netIncomeRatio": 0.2147239264,
    "eps": 0.39,
    "epsdiluted": 0.39,
    "weightedAverageShsOut": 8974000,
    "weightedAverageShsOutDil": 8974000,
    "link": "",
    "finalLink": ""
  }
]