[
  {
    "date": "2025-06-28",
    "symbol": "CRL",
    "reportedCurrency": "USD",
    "cik": "0001100682",
    "fillingDate": "2025-08-06",
    "acceptedDate": "2025-08-06 09:07:31",
    "calendarYear": "2025",
    "period": "Q2",
    "revenue": 1032135000,
    "costOfRevenue": 675068000,
    "grossProfit": 357067000,
    "grossProfitRatio": 0.3459499,
    "researchAndDevelopmentExpenses": 0,
    "generalAndAdministrativeExpenses": 0,
    "sellingAndMarketingExpenses": 0,
    "sellingGeneralAndAdministrativeExpenses": 191549000,
    "otherExpenses": 65384000,
    "operatingExpenses": 256933000,
    "costAndExpenses": 932001000,
    "interestIncome": 1097000,
    "interestExpense": 29967000,
    "depreciationAndAmortization": 119507000,
    "ebitda": 220892000,
    "ebitdaratio": 0.2140146396,
    "operatingIncome": 100134000,
    "operatingIncomeRatio": 0.0970163787,
    "totalOtherIncomeExpensesNet": -28716000,
    "incomeBeforeTax": 71418000,
    "incomeBeforeTaxRatio": 0.0691944368,
    "incomeTaxExpense": 18725000,
    "netIncome": 52326000,
    "netIncomeRatio": 0.0506968565,
    "eps": 1.06,
    "epsdiluted": 1.06,
    "weightedAverageShsOut": 49149000,
    "weightedAverageShsOutDil": 49316000,
    "link": "https://www.sec.gov/Archives/edgar/data/1100682/000110068225000034/0001100682-25-000034-index.htm",
    "finalLink": "https://www.sec.gov/Archives/edgar/data/1100682/000110068225000034/crl-20250628.htm"
  },
  {
    "date": "2025-03-29",
    "symbol": "CRL",
    "reportedCurrency": "USD",
    "cik": "0001100682",
    "fillingDate": "2025-05-07",
    "acceptedDate": "2025-05-07 09:09:41",
    "calendarYear": "2025",
    "period": "Q1",
    "revenue": 984168000,
    "costOfRevenue": 666436000,
    "grossProfit": 317732000,
    "grossProfitRatio": 0.3228432544,
    "researchAndDevelopmentExpenses": 0,
    "generalAndAdministrativeExpenses": 0,
    "sellingAndMarketingExpenses": 0,
    "sellingGeneralAndAdministrativeExpenses": 177799000,
    "otherExpenses": 65264000,
    "operatingExpenses": 243063000,
    "costAndExpenses": 909499000,
    "interestIncome": 1404000,
    "interestExpense": 27884000,
    "depreciationAndAmortization": 120364000,
    "ebitda": 184226000,
    "ebitdaratio": 0.1871895855,
    "operatingIncome": 74669000,
    "operatingIncomeRatio": 0.0758701766,
    "totalOtherIncomeExpensesNet": -38691000,
    "incomeBeforeTax": 35978000,
    "incomeBeforeTaxRatio": 0.0365567667,
    "incomeTaxExpense": 10100000,
    "netIncome": 25469000,
    "netIncomeRatio": 0.0258787118,
    "eps": 0.5,
    "epsdiluted": 0.5,
    "weightedAverageShsOut": 50677000,
    "weightedAverageShsOutDil": 50853000,
    "link": "https://www.sec.gov/Archives/edgar/data/1100682/000110068225000021/0001100682-25-000021-index.htm",
    "finalLink": "https://www.sec.gov/Archives/edgar/data/1100682/000110068225000021/crl-20250329.htm"
  },
  {
    "date": "2024-12-28",
    "symbol": "CRL",
    "reportedCurrency": "USD",
    "cik": "0001100682",
    "fillingDate": "2025-02-19",
    "acceptedDate": "2025-02-19 09:07:49",
    "calendarYear": "2024",
    "period": "Q4",
    "revenue": 1002549000,
    "costOfRevenue": 718305000,
    "grossProfit": 284244000,
    "grossProfitRatio": 0.2835213042,
    "researchAndDevelopmentExpenses": 0,
    "generalAndAdministrativeExpenses": 0,
    "sellingAndMarketingExpenses": 0,
    "sellingGeneralAndAdministrativeExpenses": 195708000,
    "otherExpenses": 256223000,
    "operatingExpenses": 451931000,
    "costAndExpenses": 1170236000,
    "interestIncome": 1835000,
    "interestExpense": 28234000,
    "depreciationAndAmortization": 102104000,
    "ebitda": -86453000,
    "ebitdaratio": -0.0862331916,
    "operatingIncome": -167687000,
    "operatingIncomeRatio": -0.1672606526,
    "totalOtherIncomeExpensesNet": -49104000,
    "incomeBeforeTax": -216791000,
    "incomeBeforeTaxRatio": -0.2162398047,
    "incomeTaxExpense": -3044000,
    "netIncome": -215699000,
    "netIncomeRatio": -0.2151505812,
    "eps": -4.22,
    "epsdiluted": -4.22,
    "weightedAverageShsOut": 51138000,
    "weightedAverageShsOutDil": 51138000,
    "link": "https://www.sec.gov/Archives/edgar/data/1100682/000110068225000011/0001100682-25-000011-index.htm",
    "finalLink": "https://www.sec.gov/Archives/edgar/data/1100682/000110068225000011/crl-20241228.htm"
  },
  {
    "date": "2024-09-28",
    "symbol": "CRL",
    "reportedCurrency": "USD",
    "cik": "0001100682",
    "fillingDate": "2024-11-06",
    "acceptedDate": "2024-11-06 09:16:46",
    "calendarYear": "2024",
    "period": "Q3",
    "revenue": 1009763000,
    "costOfRevenue": 660742000,
    "grossProfit": 349021000,
    "grossProfitRatio": 0.3456464537,
    "researchAndDevelopmentExpenses": 0,
    "generalAndAdministrativeExpenses": 0,
    "sellingAndMarketingExpenses": 0,
    "sellingGeneralAndAdministrativeExpenses": 199213000,
    "otherExpenses": 32403000,
    "operatingExpenses": 231616000,
    "costAndExpenses": 892358000,
    "interestIncome": 1528000,
    "interestExpense": 30284000,
    "depreciationAndAmortization": 88198000,
    "ebitda": 209723000,
    "ebitdaratio": 0.2076952711,
    "operatingIncome": 117405000,
    "operatingIncomeRatio": 0.1162698574,
    "totalOtherIncomeExpensesNet": -26164000,
    "incomeBeforeTax": 91241000,
    "incomeBeforeTaxRatio": 0.0903588268,
    "incomeTaxExpense": 20946000,
    "netIncome": 68679000,
    "netIncomeRatio": 0.0680149698,
    "eps": 1.34,
    "epsdiluted": 1.33,
    "weightedAverageShsOut": 51394000,
    "weightedAverageShsOutDil": 51583000,
    "link": "https://www.sec.gov/Archives/edgar/data/1100682/000110068224000035/0001100682-24-000035-index.htm",
    "finalLink": "https://www.sec.gov/Archives/edgar/data/1100682/000110068224000035/crl-20240928.htm"
  },
  {
    "date": "2024-06-29",
    "symbol": "CRL",
    "reportedCurrency": "USD",
    "cik": "0001100682",
    "fillingDate": "2024-08-07",
    "acceptedDate": "2024-08-07 09:15:54",
    "calendarYear": "2024",
    "period": "Q2",
    "revenue": 1026117000,
    "costOfRevenue": 672404000,
    "grossProfit": 353713000,
    "grossProfitRatio": 0.3447102036,
    "researchAndDevelopmentExpenses": 0,
    "generalAndAdministrativeExpenses": 0,
    "sellingAndMarketingExpenses": 0,
    "sellingGeneralAndAdministrativeExpenses": 169791000,
    "otherExpenses": 32270000,
    "operatingExpenses": 202061000,
    "costAndExpenses": 874465000,
    "interestIncome": 3010000,
    "interestExpense": 32769000,
    "depreciationAndAmortization": 86082000,
    "ebitda": 238504000,
    "ebitdaratio": 0.2324335334,
    "operatingIncome": 151652000,
    "operatingIncomeRatio": 0.1477921134,
    "totalOtherIncomeExpensesNet": -31999000,
    "incomeBeforeTax": 119653000,
    "incomeBeforeTaxRatio": 0.1166075603,
    "incomeTaxExpense": 25392000,
    "netIncome": 89988000,
    "netIncomeRatio": 0.0876976017,
    "eps": 1.75,
    "epsdiluted": 1.74,
    "weightedAverageShsOut": 51551000,
    "weightedAverageShsOutDil": 51846000,
    "link": "https://www.sec.gov/Archives/edgar/data/1100682/000110068224000027/0001100682-24-000027-index.htm",
    "finalLink": "https://www.sec.gov/Archives/edgar/data/1100682/000110068224000027/crl-20240629.htm"
  },
  {
    "date": "2024-03-30",
    "symbol": "CRL",
    "reportedCurrency": "USD",
    "cik": "0001100682",
    "fillingDate": "2024-05-09",
    "acceptedDate": "2024-05-09 09:17:54",
    "calendarYear": "2024",
    "period": "Q1",
    "revenue": 1011560000,
    "costOfRevenue": 666717000,
    "grossProfit": 344843000,
    "grossProfitRatio": 0.3409021709,
    "researchAndDevelopmentExpenses": 0,
    "generalAndAdministrativeExpenses": 0,
    "sellingAndMarketingExpenses": 0,
    "sellingGeneralAndAdministrativeExpenses": 186291000,
    "otherExpenses": 32575000,
    "operatingExpenses": 218866000,
    "costAndExpenses": 885583000,
    "interestIncome": 2202000,
    "interestExpense": 35001000,
    "depreciationAndAmortization": 85357000,
    "ebitda": 219369000,
    "ebitdaratio": 0.2168620744,
    "operatingIncome": 125977000,
    "operatingIncomeRatio": 0.1245373483,
    "totalOtherIncomeExpensesNet": -26966000,
    "incomeBeforeTax": 99011000,
    "incomeBeforeTaxRatio": 0.0978795128,
    "incomeTaxExpense": 24529000,
    "netIncome": 67329000,
    "netIncomeRatio": 0.0665595714,
    "eps": 1.31,
    "epsdiluted": 1.3,
    "weightedAverageShsOut": 51437000,
    "weightedAverageShsOutDil": 51842000,
    "link": "https://www.sec.gov/Archives/edgar/data/1100682/000110068224000018/0001100682-24-000018-index.htm",
    "finalLink": "https://www.sec.gov/Archives/edgar/data/1100682/000110068224000018/crl-20240330.htm"
  },
  {
    "date": "2023-12-30",
    "symbol": "CRL",
    "reportedCurrency": "USD",
    "cik": "0001100682",
    "fillingDate": "2024-02-14",
    "acceptedDate": "2024-02-14 09:19:45",
    "calendarYear": "2023",
    "period": "Q4",
    "revenue": 1013476000,
    "costOfRevenue": 649391000,
    "grossProfit": 364085000,
    "grossProfitRatio": 0.3592438301,
    "researchAndDevelopmentExpenses": 0,
    "generalAndAdministrativeExpenses": 0,
    "sellingAndMarketingExpenses": 0,
    "sellingGeneralAndAdministrativeExpenses": 197142000,
    "otherExpenses": 34021000,
    "operatingExpenses": 231163000,
    "costAndExpenses": 880554000,
    "interestIncome": 1591000,
    "interestExpense": 33544000,
    "depreciationAndAmortization": 80514000,
    "ebitda": 322764000,
    "ebitdaratio": 0.3184722677,
    "operatingIncome": 132922000,
    "operatingIncomeRatio": 0.1311545611,
    "totalOtherIncomeExpensesNet": 75784000,
    "incomeBeforeTax": 208706000,
    "incomeBeforeTaxRatio": 0.2059308755,
    "incomeTaxExpense": 19754000,
    "netIncome": 187084000,
    "netIncomeRatio": 0.1845963792,
    "eps": 3.65,
    "epsdiluted": 3.62,
    "weightedAverageShsOut": 51311000,
    "weightedAverageShsOutDil": 51624000,
    "link": "https://www.sec.gov/Archives/edgar/data/1100682/000110068224000007/0001100682-24-000007-index.htm",
    "finalLink": "https://www.sec.gov/Archives/edgar/data/1100682/000110068224000007/crl-20231230.htm"
  },
  {
    "date": "2023-09-30",
    "symbol": "CRL",
    "reportedCurrency": "USD",
    "cik": "0001100682",
    "fillingDate": "2023-11-08",
    "acceptedDate": "2023-11-08 09:06:25",
    "calendarYear": "2023",
    "period": "Q3",
    "revenue": 1026623000,
    "costOfRevenue": 664783000,
    "grossProfit": 361840000,
    "grossProfitRatio": 0.3524565493,
    "researchAndDevelopmentExpenses": 0,
    "generalAndAdministrativeExpenses": 0,
    "sellingAndMarketingExpenses": 0,
    "sellingGeneralAndAdministrativeExpenses": 176109000,
    "otherExpenses": 34229000,
    "operatingExpenses": 210338000,
    "costAndExpenses": 875121000,
    "interestIncome": 1373000,
    "interestExpense": 33742000,
    "depreciationAndAmortization": 78870000,
    "ebitda": 225485000,
    "ebitdaratio": 0.2196375885,
    "operatingIncome": 151502000,
    "operatingIncomeRatio": 0.1475731598,
    "totalOtherIncomeExpensesNet": -38629000,
    "incomeBeforeTax": 112873000,
    "incomeBeforeTaxRatio": 0.10994591,
    "incomeTaxExpense": 24852000,
    "netIncome": 87389000,
    "netIncomeRatio": 0.0851227763,
    "eps": 1.7,
    "epsdiluted": 1.69,
    "weightedAverageShsOut": 51283000,
    "weightedAverageShsOutDil": 51607000,
    "link": "https://www.sec.gov/Archives/edgar/data/1100682/000110068223000022/0001100682-23-000022-index.htm",
    "finalLink": "https://www.sec.gov/Archives/edgar/data/1100682/000110068223000022/crl-20230930.htm"
  },
  {
    "date": "2023-07-01",
    "symbol": "CRL",
    "reportedCurrency": "USD",
    "cik": "0001100682",
    "fillingDate": "2023-08-09",
    "acceptedDate": "2023-08-09 09:09:28",
    "calendarYear": "2023",
    "period": "Q2",
    "revenue": 1059937000,
    "costOfRevenue": 660960000,
    "grossProfit": 398977000,
    "grossProfitRatio": 0.3764157681,
    "researchAndDevelopmentExpenses": 0,
    "generalAndAdministrativeExpenses": 0,
    "sellingAndMarketingExpenses": 0,
    "sellingGeneralAndAdministrativeExpenses": 199758000,
    "otherExpenses": 34274000,
    "operatingExpenses": 234032000,
    "costAndExpenses": 894992000,
    "interestIncome": 1426000,
    "interestExpense": 35044000,
    "depreciationAndAmortization": 77671000,
    "ebitda": 241379000,
    "ebitdaratio": 0.2277295726,
    "operatingIncome": 164945000,
    "operatingIncomeRatio": 0.1556177395,
    "totalOtherIncomeExpensesNet": -36281000,
    "incomeBeforeTax": 128664000,
    "incomeBeforeTaxRatio": 0.1213883467,
    "incomeTaxExpense": 29221000,
    "netIncome": 97020000,
    "netIncomeRatio": 0.0915337421,
    "eps": 1.89,
    "epsdiluted": 1.89,
    "weightedAverageShsOut": 51216000,
    "weightedAverageShsOutDil": 51467000,
    "link": "https://www.sec.gov/Archives/edgar/data/1100682/000110068223000018/0001100682-23-000018-index.htm",
    "finalLink": "https://www.sec.gov/Archives/edgar/data/1100682/000110068223000018/crl-20230701.htm"
  },
  {
    "date": "2023-04-01",
    "symbol": "CRL",
    "reportedCurrency": "USD",
    "cik": "0001100682",
    "fillingDate": "2023-05-11",
    "acceptedDate": "2023-05-11 09:08:55",
    "calendarYear": "2023",
    "period": "Q1",
    "revenue": 1029373000,
    "costOfRevenue": 651719000,
    "grossProfit": 377654000,
    "grossProfitRatio": 0.3668777013,
    "researchAndDevelopmentExpenses": 0,
    "generalAndAdministrativeExpenses": 0,
    "sellingAndMarketingExpenses": 0,
    "sellingGeneralAndAdministrativeExpenses": 174846000,
    "otherExpenses": 34916000,
    "operatingExpenses": 209762000,
    "costAndExpenses": 861481000,
    "interestIncome": 806000,
    "interestExpense": 34380000,
    "depreciationAndAmortization": 77069000,
    "ebitda": 242490000,
    "ebitdaratio": 0.2355705852,
    "operatingIncome": 167892000,
    "operatingIncomeRatio": 0.1631012276,
    "totalOtherIncomeExpensesNet": -36851000,
    "incomeBeforeTax": 131041000,
    "incomeBeforeTaxRatio": 0.1273017652,
    "incomeTaxExpense": 27087000,
    "netIncome": 103131000,
    "netIncomeRatio": 0.1001881728,
    "eps": 2.01,
    "epsdiluted": 2.01,
    "weightedAverageShsOut": 51308955,
    "weightedAverageShsOutDil": 51428000,
    "link": "https://www.sec.gov/Archives/edgar/data/1100682/000110068223000009/0001100682-23-000009-index.htm",
    "finalLink": "https://www.sec.gov/Archives/edgar/data/1100682/000110068223000009/crl-20230401.htm"
  },
  {
    "date": "2022-12-31",
    "symbol": "CRL",
    "reportedCurrency": "USD",
    "cik": "0001100682",
    "fillingDate": "2023-02-22",
    "acceptedDate": "2023-02-22 09:17:29",
    "calendarYear": "2022",
    "period": "Q4",
    "revenue": 1099843000,
    "costOfRevenue": 700959000,
    "grossProfit": 398884000,
    "grossProfitRatio": 0.3626735816,
    "researchAndDevelopmentExpenses": 0,
    "generalAndAdministrativeExpenses": 0,
    "sellingAndMarketingExpenses": 0,
    "sellingGeneralAndAdministrativeExpenses": 199640000,
    "otherExpenses": 35434000,
    "operatingExpenses": 235074000,
    "costAndExpenses": 936033000,
    "interestIncome": 343000,
    "interestExpense": 34779000,
    "depreciationAndAmortization": 77545000,
    "ebitda": 357245000,
    "ebitdaratio": 0.3248145417,
    "operatingIncome": 163810000,
    "operatingIncomeRatio": 0.1489394395,
    "totalOtherIncomeExpensesNet": 81111000,
    "incomeBeforeTax": 244921000,
    "incomeBeforeTaxRatio": 0.2226872381,
    "incomeTaxExpense": 55815000,
    "netIncome": 187410000,
    "netIncomeRatio": 0.1703970476,
    "eps": 3.68,
    "epsdiluted": 3.65,
    "weightedAverageShsOut": 50906000,
    "weightedAverageShsOutDil": 51377000,
    "link": "https://www.sec.gov/Archives/edgar/data/1100682/000110068223000006/0001100682-23-000006-index.htm",
    "finalLink": "https://www.sec.gov/Archives/edgar/data/1100682/000110068223000006/crl-20221231.htm"
  },
  {
    "date": "2022-09-24",
    "symbol": "CRL",
    "reportedCurrency": "USD",
    "cik": "0001100682",
    "fillingDate": "2022-11-02",
    "acceptedDate": "2022-11-02 16:13:44",
    "calendarYear": "2022",
    "period": "Q3",
    "revenue": 989157000,
    "costOfRevenue": 618934000,
    "grossProfit": 370223000,
    "grossProfitRatio": 0.3742813325,
    "researchAndDevelopmentExpenses": 0,
    "generalAndAdministrativeExpenses": 0,
    "sellingAndMarketingExpenses": 0,
    "sellingGeneralAndAdministrativeExpenses": 183714000,
    "otherExpenses": 35533000,
    "operatingExpenses": 219247000,
    "costAndExpenses": 838181000,
    "interestIncome": 122000,
    "interestExpense": 11375000,
    "depreciationAndAmortization": 74605000,
    "ebitda": 209087000,
    "ebitdaratio": 0.2113789823,
    "operatingIncome": 150976000,
    "operatingIncomeRatio": 0.1526309777,
    "totalOtherIncomeExpensesNet": -27869000,
    "incomeBeforeTax": 123107000,
    "incomeBeforeTaxRatio": 0.1244564816,
    "incomeTaxExpense": 25495000,
    "netIncome": 96473000,
    "netIncomeRatio": 0.0975305235,
    "eps": 1.9,
    "epsdiluted": 1.88,
    "weightedAverageShsOut": 50870000,
    "weightedAverageShsOutDil": 51283000,
    "link": "https://www.sec.gov/Archives/edgar/data/1100682/000110068222000032/0001100682-22-000032-index.htm",
    "finalLink": "https://www.sec.gov/Archives/edgar/data/1100682/000110068222000032/crl-20220924.htm"
  },
  {
    "date": "2022-06-25",
    "symbol": "CRL",
    "reportedCurrency": "USD",
    "cik": "0001100682",
    "fillingDate": "2022-08-03",
    "acceptedDate": "2022-08-03 15:59:26",
    "calendarYear": "2022",
    "period": "Q2",
    "revenue": 973131000,
    "costOfRevenue": 616405000,
    "grossProfit": 356726000,
    "grossProfitRatio": 0.3665755176,
    "researchAndDevelopmentExpenses": 0,
    "generalAndAdministrativeExpenses": 0,
    "sellingAndMarketingExpenses": 0,
    "sellingGeneralAndAdministrativeExpenses": 131711000,
    "otherExpenses": 37604000,
    "operatingExpenses": 169315000,
    "costAndExpenses": 785720000,
    "interestIncome": 188000,
    "interestExpense": 3703000,
    "depreciationAndAmortization": 76421000,
    "ebitda": 224237000,
    "ebitdaratio": 0.2304283801,
    "operatingIncome": 187411000,
    "operatingIncomeRatio": 0.192585582,
    "totalOtherIncomeExpensesNet": -43298000,
    "incomeBeforeTax": 144113000,
    "incomeBeforeTaxRatio": 0.1480920863,
    "incomeTaxExpense": 33449000,
    "netIncome": 109321000,
    "netIncomeRatio": 0.1123394486,
    "eps": 2.15,
    "epsdiluted": 2.13,
    "weightedAverageShsOut": 50823000,
    "weightedAverageShsOutDil": 51283000,
    "link": "https://www.sec.gov/Archives/edgar/data/1100682/000110068222000028/0001100682-22-000028-index.htm",
    "finalLink": "https://www.sec.gov/Archives/edgar/data/1100682/000110068222000028/crl-20220625.htm"
  },
  {
    "date": "2022-03-26",
    "symbol": "CRL",
    "reportedCurrency": "USD",
    "cik": "0001100682",
    "fillingDate": "2022-05-04",
    "acceptedDate": "2022-05-04 16:45:51",
    "calendarYear": "2022",
    "period": "Q1",
    "revenue": 913929000,
    "costOfRevenue": 577111000,
    "grossProfit": 336818000,
    "grossProfitRatio": 0.3685384751,
    "researchAndDevelopmentExpenses": 0,
    "generalAndAdministrativeExpenses": 0,
    "sellingAndMarketingExpenses": 0,
    "sellingGeneralAndAdministrativeExpenses": 150033000,
    "otherExpenses": 38007000,
    "operatingExpenses": 188040000,
    "costAndExpenses": 765151000,
    "interestIncome": 127000,
    "interestExpense": 9434000,
    "depreciationAndAmortization": 75299000,
    "ebitda": 195579000,
    "ebitdaratio": 0.2139980239,
    "operatingIncome": 148778000,
    "operatingIncomeRatio": 0.1627894508,
    "totalOtherIncomeExpensesNet": -37932000,
    "incomeBeforeTax": 110846000,
    "incomeBeforeTaxRatio": 0.1212851327,
    "incomeTaxExpense": 15620000,
    "netIncome": 93022000,
    "netIncomeRatio": 0.1017825236,
    "eps": 1.84,
    "epsdiluted": 1.81,
    "weightedAverageShsOut": 50640000,
    "weightedAverageShsOutDil": 51325000,
    "link": "https://www.sec.gov/Archives/edgar/data/1100682/000110068222000016/0001100682-22-000016-index.htm",
    "finalLink": "https://www.sec.gov/Archives/edgar/data/1100682/000110068222000016/crl-20220326.htm"
  },
  {
    "date": "2021-12-25",
    "symbol": "CRL",
    "reportedCurrency": "USD",
    "cik": "0001100682",
    "fillingDate": "2022-02-16",
    "acceptedDate": "2022-02-16 16:14:01",
    "calendarYear": "2021",
    "period": "Q4",
    "revenue": 905050000,
    "costOfRevenue": 557938000,
    "grossProfit": 347112000,
    "grossProfitRatio": 0.3835279819,
    "researchAndDevelopmentExpenses": 0,
    "generalAndAdministrativeExpenses": 0,
    "sellingAndMarketingExpenses": 0,
    "sellingGeneralAndAdministrativeExpenses": 144112000,
    "otherExpenses": 30193000,
    "operatingExpenses": 174305000,
    "costAndExpenses": 732243000,
    "interestIncome": 309000,
    "interestExpense": 11546000,
    "depreciationAndAmortization": 67241000,
    "ebitda": 242429000,
    "ebitdaratio": 0.267862549,
    "operatingIncome": 172807000,
    "operatingIncomeRatio": 0.1909364124,
    "totalOtherIncomeExpensesNet": -9165000,
    "incomeBeforeTax": 163642000,
    "incomeBeforeTaxRatio": 0.1808099,
    "incomeTaxExpense": 23815000,
    "netIncome": 137578000,
    "netIncomeRatio": 0.1520114911,
    "eps": 2.73,
    "epsdiluted": 2.67,
    "weightedAverageShsOut": 50471000,
    "weightedAverageShsOutDil": 51555000,
    "link": "https://www.sec.gov/Archives/edgar/data/1100682/000110068222000007/0001100682-22-000007-index.htm",
    "finalLink": "https://www.sec.gov/Archives/edgar/data/1100682/000110068222000007/crl-20211225.htm"
  },
  {
    "date": "2021-09-25",
    "symbol": "CRL",
    "reportedCurrency": "USD",
    "cik": "0001100682",
    "fillingDate": "2021-11-03",
    "acceptedDate": "2021-11-03 16:01:14",
    "calendarYear": "2021",
    "period": "Q3",
    "revenue": 895937000,
    "costOfRevenue": 558710000,
    "grossProfit": 337227000,
    "grossProfitRatio": 0.376395885,
    "researchAndDevelopmentExpenses": 0,
    "generalAndAdministrativeExpenses": 0,
    "sellingAndMarketingExpenses": 0,
    "sellingGeneralAndAdministrativeExpenses": 148573000,
    "otherExpenses": 32852000,
    "operatingExpenses": 181425000,
    "costAndExpenses": 740135000,
    "interestIncome": 137000,
    "interestExpense": 16455000,
    "depreciationAndAmortization": 68686000,
    "ebitda": 208411000,
    "ebitdaratio": 0.2326179184,
    "operatingIncome": 155802000,
    "operatingIncomeRatio": 0.1738983879,
    "totalOtherIncomeExpensesNet": -32532000,
    "incomeBeforeTax": 123270000,
    "incomeBeforeTaxRatio": 0.1375877991,
    "incomeTaxExpense": 18111000,
    "netIncome": 103426000,
    "netIncomeRatio": 0.1154389204,
    "eps": 2.05,
    "epsdiluted": 2.01,
    "weightedAverageShsOut": 50425000,
    "weightedAverageShsOutDil": 51558000,
    "link": "https://www.sec.gov/Archives/edgar/data/1100682/000110068221000022/0001100682-21-000022-index.htm",
    "finalLink": "https://www.sec.gov/Archives/edgar/data/1100682/000110068221000022/crl-20210925.htm"
  },
  {
    "date": "2021-06-26",
    "symbol": "CRL",
    "reportedCurrency": "USD",
    "cik": "0001100682",
    "fillingDate": "2021-08-04",
    "acceptedDate": "2021-08-04 16:08:29",
    "calendarYear": "2021",
    "period": "Q2",
    "revenue": 914607000,
    "costOfRevenue": 572586000,
    "grossProfit": 342021000,
    "grossProfitRatio": 0.373954059,
    "researchAndDevelopmentExpenses": 0,
    "generalAndAdministrativeExpenses": 0,
    "sellingAndMarketingExpenses": 0,
    "sellingGeneralAndAdministrativeExpenses": 171501000,
    "otherExpenses": 32970000,
    "operatingExpenses": 204471000,
    "costAndExpenses": 777057000,
    "interestIncome": 171000,
    "interestExpense": 16190000,
    "depreciationAndAmortization": 68105000,
    "ebitda": 211791000,
    "ebitdaratio": 0.2315650329,
    "operatingIncome": 137550000,
    "operatingIncomeRatio": 0.1503924636,
    "totalOtherIncomeExpensesNet": -10054000,
    "incomeBeforeTax": 127496000,
    "incomeBeforeTaxRatio": 0.1393997641,
    "incomeTaxExpense": 37580000,
    "netIncome": 88448000,
    "netIncomeRatio": 0.0967060169,
    "eps": 1.76,
    "epsdiluted": 1.72,
    "weightedAverageShsOut": 50297000,
    "weightedAverageShsOutDil": 51334000,
    "link": "https://www.sec.gov/Archives/edgar/data/1100682/000110068221000017/0001100682-21-000017-index.htm",
    "finalLink": "https://www.sec.gov/Archives/edgar/data/1100682/000110068221000017/crl-20210626.htm"
  },
  {
    "date": "2021-03-27",
    "symbol": "CRL",
    "reportedCurrency": "USD",
    "cik": "0001100682",
    "fillingDate": "2021-05-04",
    "acceptedDate": "2021-05-04 16:01:52",
    "calendarYear": "2021",
    "period": "Q1",
    "revenue": 824566000,
    "costOfRevenue": 516288000,
    "grossProfit": 308278000,
    "grossProfitRatio": 0.3738669797,
    "researchAndDevelopmentExpenses": 0,
    "generalAndAdministrativeExpenses": 0,
    "sellingAndMarketingExpenses": 0,
    "sellingGeneralAndAdministrativeExpenses": 155733000,
    "otherExpenses": 28842000,
    "operatingExpenses": 184575000,
    "costAndExpenses": 700863000,
    "interestIncome": 35000,
    "interestExpense": 29719000,
    "depreciationAndAmortization": 61508000,
    "ebitda": 157529000,
    "ebitdaratio": 0.1910447435,
    "operatingIncome": 123703000,
    "operatingIncomeRatio": 0.1500219509,
    "totalOtherIncomeExpensesNet": -57401000,
    "incomeBeforeTax": 66302000,
    "incomeBeforeTaxRatio": 0.0804083603,
    "incomeTaxExpense": 2367000,
    "netIncome": 61530000,
    "netIncomeRatio": 0.0746210734,
    "eps": 1.23,
    "epsdiluted": 1.2,
    "weightedAverageShsOut": 49980000,
    "weightedAverageShsOutDil": 51075000,
    "link": "https://www.sec.gov/Archives/edgar/data/1100682/000110068221000010/0001100682-21-000010-index.htm",
    "finalLink": "https://www.sec.gov/Archives/edgar/data/1100682/000110068221000010/crl-20210327.htm"
  },
  {
    "date": "2020-12-26",
    "symbol": "CRL",
    "reportedCurrency": "USD",
    "cik": "0001100682",
    "fillingDate": "2021-02-17",
    "acceptedDate": "2021-02-17 16:28:20",
    "calendarYear": "2020",
    "period": "Q4",
    "revenue": 790990000,
    "costOfRevenue": 491022000,
    "grossProfit": 299968000,
    "grossProfitRatio": 0.3792310902,
    "researchAndDevelopmentExpenses": 0,
    "generalAndAdministrativeExpenses": 0,
    "sellingAndMarketingExpenses": 0,
    "sellingGeneralAndAdministrativeExpenses": 143033000,
    "otherExpenses": 28008000,
    "operatingExpenses": 171041000,
    "costAndExpenses": 662063000,
    "interestIncome": 63000,
    "interestExpense": 33147000,
    "depreciationAndAmortization": 60876000,
    "ebitda": 266450000,
    "ebitdaratio": 0.3368563446,
    "operatingIncome": 128927000,
    "operatingIncomeRatio": 0.1629944753,
    "totalOtherIncomeExpensesNet": 43500000,
    "incomeBeforeTax": 172427000,
    "incomeBeforeTaxRatio": 0.2179888494,
    "incomeTaxExpense": 28237000,
    "netIncome": 143191000,
    "netIncomeRatio": 0.181027573,
    "eps": 2.88,
    "epsdiluted": 2.81,
    "weightedAverageShsOut": 49754000,
    "weightedAverageShsOutDil": 51028000,
    "link": "https://www.sec.gov/Archives/edgar/data/1100682/000110068221000005/0001100682-21-000005-index.htm",
    "finalLink": "https://www.sec.gov/Archives/edgar/data/1100682/000110068221000005/crl-20201226.htm"
  },
  {
    "date": "2020-09-26",
    "symbol": "CRL",
    "reportedCurrency": "USD",
    "cik": "0001100682",
    "fillingDate": "2020-10-29",
    "acceptedDate": "2020-11-09 16:44:54",
    "calendarYear": "2020",
    "period": "Q3",
    "revenue": 743300000,
    "costOfRevenue": 454026000,
    "grossProfit": 289274000,
    "grossProfitRatio": 0.3891752993,
    "researchAndDevelopmentExpenses": 0,
    "generalAndAdministrativeExpenses": 0,
    "sellingAndMarketingExpenses": 0,
    "sellingGeneralAndAdministrativeExpenses": 128289000,
    "otherExpenses": 28232000,
    "operatingExpenses": 156521000,
    "costAndExpenses": 610547000,
    "interestIncome": 179000,
    "interestExpense": 18867000,
    "depreciationAndAmortization": 59580000,
    "ebitda": 213723000,
    "ebitdaratio": 0.2875326248,
    "operatingIncome": 132753000,
    "operatingIncomeRatio": 0.1785994888,
    "totalOtherIncomeExpensesNet": 2523000,
    "incomeBeforeTax": 135276000,
    "incomeBeforeTaxRatio": 0.1819938114,
    "incomeTaxExpense": 32665000,
    "netIncome": 102909000,
    "netIncomeRatio": 0.1384488094,
    "eps": 2.07,
    "epsdiluted": 2.03,
    "weightedAverageShsOut": 49703000,
    "weightedAverageShsOutDil": 50702000,
    "link": "https://www.sec.gov/Archives/edgar/data/1100682/000110068220000041/0001100682-20-000041-index.htm",
    "finalLink": "https://www.sec.gov/Archives/edgar/data/1100682/000110068220000041/crl-20200926.htm"
  },
  {
    "date": "2020-06-27",
    "symbol": "CRL",
    "reportedCurrency": "USD",
    "cik": "0001100682",
    "fillingDate": "2020-08-05",
    "acceptedDate": "2020-08-05 15:24:12",
    "calendarYear": "2020",
    "period": "Q2",
    "revenue": 682584000,
    "costOfRevenue": 450346000,
    "grossProfit": 232238000,
    "grossProfitRatio": 0.340233583,
    "researchAndDevelopmentExpenses": 0,
    "generalAndAdministrativeExpenses": 0,
    "sellingAndMarketingExpenses": 0,
    "sellingGeneralAndAdministrativeExpenses": 127712000,
    "otherExpenses": 27758000,
    "operatingExpenses": 155470000,
    "costAndExpenses": 605816000,
    "interestIncome": 276000,
    "interestExpense": 19352000,
    "depreciationAndAmortization": 57208000,
    "ebitda": 160512000,
    "ebitdaratio": 0.2351534756,
    "operatingIncome": 76768000,
    "operatingIncomeRatio": 0.112466744,
    "totalOtherIncomeExpensesNet": 7184000,
    "incomeBeforeTax": 83952000,
    "incomeBeforeTaxRatio": 0.122991456,
    "incomeTaxExpense": 16284000,
    "netIncome": 67435000,
    "netIncomeRatio": 0.0987937016,
    "eps": 1.36,
    "epsdiluted": 1.34,
    "weightedAverageShsOut": 49553000,
    "weightedAverageShsOutDil": 50246000,
    "link": "https://www.sec.gov/Archives/edgar/data/1100682/000110068220000026/0001100682-20-000026-index.htm",
    "finalLink": "https://www.sec.gov/Archives/edgar/data/1100682/000110068220000026/crl-20200627.htm"
  },
  {
    "date": "2020-03-28",
    "symbol": "CRL",
    "reportedCurrency": "USD",
    "cik": "0001100682",
    "fillingDate": "2020-05-07",
    "acceptedDate": "2020-05-07 15:02:23",
    "calendarYear": "2020",
    "period": "Q1",
    "revenue": 707059000,
    "costOfRevenue": 454998000,
    "grossProfit": 252061000,
    "grossProfitRatio": 0.3564921739,
    "researchAndDevelopmentExpenses": 0,
    "generalAndAdministrativeExpenses": 0,
    "sellingAndMarketingExpenses": 0,
    "sellingGeneralAndAdministrativeExpenses": 129901000,
    "otherExpenses": 27879000,
    "operatingExpenses": 157780000,
    "costAndExpenses": 612778000,
    "interestIncome": 316000,
    "interestExpense": 15067000,
    "depreciationAndAmortization": 57260000,
    "ebitda": 127786000,
    "ebitdaratio": 0.1807289066,
    "operatingIncome": 94281000,
    "operatingIncomeRatio": 0.1333424792,
    "totalOtherIncomeExpensesNet": -38822000,
    "incomeBeforeTax": 55459000,
    "incomeBeforeTaxRatio": 0.0784361701,
    "incomeTaxExpense": 4622000,
    "netIncome": 50769000,
    "netIncomeRatio": 0.0718030603,
    "eps": 1.03,
    "epsdiluted": 1.02,
    "weightedAverageShsOut": 49189000,
    "weightedAverageShsOutDil": 49966000,
    "link": "https://www.sec.gov/Archives/edgar/data/1100682/000110068220000012/0001100682-20-000012-index.htm",
    "finalLink": "https://www.sec.gov/Archives/edgar/data/1100682/000110068220000012/crl-20200328.htm"
  },
  {
    "date": "2019-12-28",
    "symbol": "CRL",
    "reportedCurrency": "USD",
    "cik": "0001100682",
    "fillingDate": "2020-02-11",
    "acceptedDate": "2020-02-11 17:22:27",
    "calendarYear": "2019",
    "period": "Q4",
    "revenue": 691138000,
    "costOfRevenue": 428824000,
    "grossProfit": 262314000,
    "grossProfitRatio": 0.3795392527,
    "researchAndDevelopmentExpenses": 0,
    "generalAndAdministrativeExpenses": 0,
    "sellingAndMarketingExpenses": 0,
    "sellingGeneralAndAdministrativeExpenses": 129598000,
    "otherExpenses": 23927000,
    "operatingExpenses": 153525000,
    "costAndExpenses": 582349000,
    "interestIncome": 684000,
    "interestExpense": 24362000,
    "depreciationAndAmortization": 51833000,
    "ebitda": 181760000,
    "ebitdaratio": 0.2629865526,
    "operatingIncome": 108789000,
    "operatingIncomeRatio": 0.1574056122,
    "totalOtherIncomeExpensesNet": -3224000,
    "incomeBeforeTax": 105565000,
    "incomeBeforeTaxRatio": 0.1527408419,
    "incomeTaxExpense": 25053000,
    "netIncome": 80348000,
    "netIncomeRatio": 0.1162546409,
    "eps": 1.64,
    "epsdiluted": 1.61,
    "weightedAverageShsOut": 48875000,
    "weightedAverageShsOutDil": 49867000,
    "link": "https://www.sec.gov/Archives/edgar/data/1100682/000110068220000005/0001100682-20-000005-index.htm",
    "finalLink": "https://www.sec.gov/Archives/edgar/data/1100682/000110068220000005/crl1228201910-k.htm"
  },
  {
    "date": "2019-09-28",
    "symbol": "CRL",
    "reportedCurrency": "USD",
    "cik": "0001100682",
    "fillingDate": "2019-11-06",
    "acceptedDate": "2019-11-06 15:03:41",
    "calendarYear": "2019",
    "period": "Q3",
    "revenue": 667951000,
    "costOfRevenue": 421835000,
    "grossProfit": 246116000,
    "grossProfitRatio": 0.3684641538,
    "researchAndDevelopmentExpenses": 0,
    "generalAndAdministrativeExpenses": 0,
    "sellingAndMarketingExpenses": 0,
    "sellingGeneralAndAdministrativeExpenses": 129509000,
    "otherExpenses": 23805000,
    "operatingExpenses": 153314000,
    "costAndExpenses": 575149000,
    "interestIncome": 385000,
    "interestExpense": 5698000,
    "depreciationAndAmortization": 51758000,
    "ebitda": 130691000,
    "ebitdaratio": 0.1956595619,
    "operatingIncome": 92802000,
    "operatingIncomeRatio": 0.1389353411,
    "totalOtherIncomeExpensesNet": -19567000,
    "incomeBeforeTax": 73235000,
    "incomeBeforeTaxRatio": 0.1096412761,
    "incomeTaxExpense": -317000,
    "netIncome": 72810000,
    "netIncomeRatio": 0.1090050019,
    "eps": 1.49,
    "epsdiluted": 1.46,
    "weightedAverageShsOut": 48818000,
    "weightedAverageShsOutDil": 49715000,
    "link": "https://www.sec.gov/Archives/edgar/data/1100682/000110068219000030/0001100682-19-000030-index.htm",
    "finalLink": "https://www.sec.gov/Archives/edgar/data/1100682/000110068219000030/crl928201910-q.htm"
  },
  {
    "date": "2019-06-29",
    "symbol": "CRL",
    "reportedCurrency": "USD",
    "cik": "0001100682",
    "fillingDate": "2019-07-31",
    "acceptedDate": "2019-07-31 14:54:51",
    "calendarYear": "2019",
    "period": "Q2",
    "revenue": 657568000,
    "costOfRevenue": 419464000,
    "grossProfit": 238104000,
    "grossProfitRatio": 0.3620979123,
    "researchAndDevelopmentExpenses": 0,
    "generalAndAdministrativeExpenses": 0,
    "sellingAndMarketingExpenses": 0,
    "sellingGeneralAndAdministrativeExpenses": 135941000,
    "otherExpenses": 22395000,
    "operatingExpenses": 158336000,
    "costAndExpenses": 577800000,
    "interestIncome": 274000,
    "interestExpense": 20835000,
    "depreciationAndAmortization": 49146000,
    "ebitda": 128975000,
    "ebitdaratio": 0.1961394107,
    "operatingIncome": 79768000,
    "operatingIncomeRatio": 0.1213076062,
    "totalOtherIncomeExpensesNet": -20774000,
    "incomeBeforeTax": 58994000,
    "incomeBeforeTaxRatio": 0.0897154363,
    "incomeTaxExpense": 14685000,
    "netIncome": 43728000,
    "netIncomeRatio": 0.0664995864,
    "eps": 0.9,
    "epsdiluted": 0.88,
    "weightedAverageShsOut": 48772000,
    "weightedAverageShsOutDil": 49662000,
    "link": "https://www.sec.gov/Archives/edgar/data/1100682/000110068219000013/0001100682-19-000013-index.htm",
    "finalLink": "https://www.sec.gov/Archives/edgar/data/1100682/000110068219000013/crl629201910-q.htm"
  },
  {
    "date": "2019-03-30",
    "symbol": "CRL",
    "reportedCurrency": "USD",
    "cik": "0001100682",
    "fillingDate": "2019-05-07",
    "acceptedDate": "2019-05-07 16:14:26",
    "calendarYear": "2019",
    "period": "Q1",
    "revenue": 604569000,
    "costOfRevenue": 392792000,
    "grossProfit": 211777000,
    "grossProfitRatio": 0.3502941765,
    "researchAndDevelopmentExpenses": 0,
    "generalAndAdministrativeExpenses": 0,
    "sellingAndMarketingExpenses": 0,
    "sellingGeneralAndAdministrativeExpenses": 122574000,
    "otherExpenses": 19411000,
    "operatingExpenses": 141985000,
    "costAndExpenses": 534777000,
    "interestIncome": 179000,
    "interestExpense": 9987000,
    "depreciationAndAmortization": 45358000,
    "ebitda": 121635000,
    "ebitdaratio": 0.2011929159,
    "operatingIncome": 69792000,
    "operatingIncomeRatio": 0.1154409174,
    "totalOtherIncomeExpensesNet": -3502000,
    "incomeBeforeTax": 66290000,
    "incomeBeforeTaxRatio": 0.1096483611,
    "incomeTaxExpense": 10602000,
    "netIncome": 55133000,
    "netIncomeRatio": 0.0911938918,
    "eps": 1.14,
    "epsdiluted": 1.11,
    "weightedAverageShsOut": 48458000,
    "weightedAverageShsOutDil": 49462000,
    "link": "https://www.sec.gov/Archives/edgar/data/1100682/000110068219000008/0001100682-19-000008-index.htm",
    "finalLink": "https://www.sec.gov/Archives/edgar/data/1100682/000110068219000008/crl330201910-q.htm"
  },
  {
    "date": "2018-12-29",
    "symbol": "CRL",
    "reportedCurrency": "USD",
    "cik": "0001100682",
    "fillingDate": "2019-02-13",
    "acceptedDate": "2019-02-13 16:29:24",
    "calendarYear": "2018",
    "period": "Q4",
    "revenue": 601530000,
    "costOfRevenue": 375113000,
    "grossProfit": 226417000,
    "grossProfitRatio": 0.376401842,
    "researchAndDevelopmentExpenses": 0,
    "generalAndAdministrativeExpenses": 0,
    "sellingAndMarketingExpenses": 0,
    "sellingGeneralAndAdministrativeExpenses": 106918000,
    "otherExpenses": 17017000,
    "operatingExpenses": 123935000,
    "costAndExpenses": 499048000,
    "interestIncome": 118000,
    "interestExpense": 16741000,
    "depreciationAndAmortization": 41581000,
    "ebitda": 133370000,
    "ebitdaratio": 0.2217179526,
    "operatingIncome": 102482000,
    "operatingIncomeRatio": 0.1703688927,
    "totalOtherIncomeExpensesNet": -27434000,
    "incomeBeforeTax": 75048000,
    "incomeBeforeTaxRatio": 0.1247618573,
    "incomeTaxExpense": 14850000,
    "netIncome": 59665000,
    "netIncomeRatio": 0.0991887354,
    "eps": 1.24,
    "epsdiluted": 1.21,
    "weightedAverageShsOut": 48143000,
    "weightedAverageShsOutDil": 49210000,
    "link": "https://www.sec.gov/Archives/edgar/data/1100682/000110068219000004/0001100682-19-000004-index.htm",
    "finalLink": "https://www.sec.gov/Archives/edgar/data/1100682/000110068219000004/crl1229201810-k.htm"
  },
  {
    "date": "2018-09-29",
    "symbol": "CRL",
    "reportedCurrency": "USD",
    "cik": "0001100682",
    "fillingDate": "2018-11-07",
    "acceptedDate": "2018-11-07 13:37:37",
    "calendarYear": "2018",
    "period": "Q3",
    "revenue": 585295000,
    "costOfRevenue": 369095000,
    "grossProfit": 216200000,
    "grossProfitRatio": 0.3693863778,
    "researchAndDevelopmentExpenses": 0,
    "generalAndAdministrativeExpenses": 0,
    "sellingAndMarketingExpenses": 0,
    "sellingGeneralAndAdministrativeExpenses": 113033000,
    "otherExpenses": 18805000,
    "operatingExpenses": 131838000,
    "costAndExpenses": 500933000,
    "interestIncome": 230000,
    "interestExpense": 17197000,
    "depreciationAndAmortization": 43592000,
    "ebitda": 134094000,
    "ebitdaratio": 0.2291049812,
    "operatingIncome": 84362000,
    "operatingIncomeRatio": 0.1441358631,
    "totalOtherIncomeExpensesNet": -11057000,
    "incomeBeforeTax": 73305000,
    "incomeBeforeTaxRatio": 0.1252445348,
    "incomeTaxExpense": 12403000,
    "netIncome": 60368000,
    "netIncomeRatio": 0.103141151,
    "eps": 1.25,
    "epsdiluted": 1.22,
    "weightedAverageShsOut": 48310000,
    "weightedAverageShsOutDil": 49326000,
    "link": "https://www.sec.gov/Archives/edgar/data/1100682/000110068218000018/0001100682-18-000018-index.htm",
    "finalLink": "https://www.sec.gov/Archives/edgar/data/1100682/000110068218000018/crl929201810-q.htm"
  },
  {
    "date": "2018-06-30",
    "symbol": "CRL",
    "reportedCurrency": "USD",
    "cik": "0001100682",
    "fillingDate": "2018-08-08",
    "acceptedDate": "2018-08-08 16:37:30",
    "calendarYear": "2018",
    "period": "Q2",
    "revenue": 585301000,
    "costOfRevenue": 369320000,
    "grossProfit": 215981000,
    "grossProfitRatio": 0.3690084247,
    "researchAndDevelopmentExpenses": 0,
    "generalAndAdministrativeExpenses": 0,
    "sellingAndMarketingExpenses": 0,
    "sellingGeneralAndAdministrativeExpenses": 120531000,
    "otherExpenses": 18740000,
    "operatingExpenses": 139271000,
    "costAndExpenses": 508591000,
    "interestIncome": 182000,
    "interestExpense": 18643000,
    "depreciationAndAmortization": 43396000,
    "ebitda": 132327000,
    "ebitdaratio": 0.2260836732,
    "operatingIncome": 76710000,
    "operatingIncomeRatio": 0.1310607704,
    "totalOtherIncomeExpensesNet": -6422000,
    "incomeBeforeTax": 70288000,
    "incomeBeforeTaxRatio": 0.1200886382,
    "incomeTaxExpense": 17438000,
    "netIncome": 53709000,
    "netIncomeRatio": 0.0917630416,
    "eps": 1.11,
    "epsdiluted": 1.1,
    "weightedAverageShsOut": 48198000,
    "weightedAverageShsOutDil": 49043000,
    "link": "https://www.sec.gov/Archives/edgar/data/1100682/000110068218000012/0001100682-18-000012-index.htm",
    "finalLink": "https://www.sec.gov/Archives/edgar/data/1100682/000110068218000012/crl630201810-q.htm"
  },
  {
    "date": "2018-03-31",
    "symbol": "CRL",
    "reportedCurrency": "USD",
    "cik": "0001100682",
    "fillingDate": "2018-05-10",
    "acceptedDate": "2018-05-10 15:53:23",
    "calendarYear": "2018",
    "period": "Q1",
    "revenue": 493970000,
    "costOfRevenue": 312501000,
    "grossProfit": 181469000,
    "grossProfitRatio": 0.3673684637,
    "researchAndDevelopmentExpenses": 0,
    "generalAndAdministrativeExpenses": 0,
    "sellingAndMarketingExpenses": 0,
    "sellingGeneralAndAdministrativeExpenses": 103372000,
    "otherExpenses": 10268000,
    "operatingExpenses": 113640000,
    "costAndExpenses": 426141000,
    "interestIncome": 282000,
    "interestExpense": 11191000,
    "depreciationAndAmortization": 33210000,
    "ebitda": 107441000,
    "ebitdaratio": 0.2175051116,
    "operatingIncome": 67829000,
    "operatingIncomeRatio": 0.1373140069,
    "totalOtherIncomeExpensesNet": -4789000,
    "incomeBeforeTax": 63040000,
    "incomeBeforeTaxRatio": 0.1276190862,
    "incomeTaxExpense": 9772000,
    "netIncome": 52631000,
    "netIncomeRatio": 0.1065469563,
    "eps": 1.1,
    "epsdiluted": 1.08,
    "weightedAverageShsOut": 47785000,
    "weightedAverageShsOutDil": 48828000,
    "link": "https://www.sec.gov/Archives/edgar/data/1100682/000110068218000008/0001100682-18-000008-index.htm",
    "finalLink": "https://www.sec.gov/Archives/edgar/data/1100682/000110068218000008/crl331201810-q.htm"
  },
  {
    "date": "2017-12-30",
    "symbol": "CRL",
    "reportedCurrency": "USD",
    "cik": "0001100682",
    "fillingDate": "2018-02-13",
    "acceptedDate": "2018-02-13 16:13:46",
    "calendarYear": "2017",
    "period": "Q4",
    "revenue": 478477000,
    "costOfRevenue": 310728000,
    "grossProfit": 167749000,
    "grossProfitRatio": 0.3505894745,
    "researchAndDevelopmentExpenses": 0,
    "generalAndAdministrativeExpenses": 0,
    "sellingAndMarketingExpenses": 0,
    "sellingGeneralAndAdministrativeExpenses": 94560000,
    "otherExpenses": 10457000,
    "operatingExpenses": 105017000,
    "costAndExpenses": 415745000,
    "interestIncome": 193000,
    "interestExpense": 7724000,
    "depreciationAndAmortization": 33484000,
    "ebitda": 110261000,
    "ebitdaratio": 0.2304415886,
    "operatingIncome": 62732000,
    "operatingIncomeRatio": 0.1311076603,
    "totalOtherIncomeExpensesNet": 6321000,
    "incomeBeforeTax": 69053000,
    "incomeBeforeTaxRatio": 0.1443183267,
    "incomeTaxExpense": 98097000,
    "netIncome": -29849000,
    "netIncomeRatio": -0.0623833538,
    "eps": -0.64,
    "epsdiluted": -0.63,
    "weightedAverageShsOut": 46747311,
    "weightedAverageShsOutDil": 47337000,
    "link": "https://www.sec.gov/Archives/edgar/data/1100682/000110068218000005/0001100682-18-000005-index.htm",
    "finalLink": "https://www.sec.gov/Archives/edgar/data/1100682/000110068218000005/crl1230201710-k.htm"
  },
  {
    "date": "2017-09-30",
    "symbol": "CRL",
    "reportedCurrency": "USD",
    "cik": "0001100682",
    "fillingDate": "2017-11-09",
    "acceptedDate": "2017-11-09 10:07:34",
    "calendarYear": "2017",
    "period": "Q3",
    "revenue": 464232000,
    "costOfRevenue": 287385000,
    "grossProfit": 176847000,
    "grossProfitRatio": 0.3809453032,
    "researchAndDevelopmentExpenses": 0,
    "generalAndAdministrativeExpenses": 0,
    "sellingAndMarketingExpenses": 0,
    "sellingGeneralAndAdministrativeExpenses": 92428000,
    "otherExpenses": 10357000,
    "operatingExpenses": 102785000,
    "costAndExpenses": 390170000,
    "interestIncome": 134000,
    "interestExpense": 7667000,
    "depreciationAndAmortization": 33465000,
    "ebitda": 114071000,
    "ebitdaratio": 0.2457198125,
    "operatingIncome": 74062000,
    "operatingIncomeRatio": 0.159536611,
    "totalOtherIncomeExpensesNet": -1123000,
    "incomeBeforeTax": 72939000,
    "incomeBeforeTaxRatio": 0.1571175619,
    "incomeTaxExpense": 19945000,
    "netIncome": 52474000,
    "netIncomeRatio": 0.1130340002,
    "eps": 1.11,
    "epsdiluted": 1.08,
    "weightedAverageShsOut": 47451000,
    "weightedAverageShsOutDil": 48390000,
    "link": "https://www.sec.gov/Archives/edgar/data/1100682/000110068217000014/0001100682-17-000014-index.htm",
    "finalLink": "https://www.sec.gov/Archives/edgar/data/1100682/000110068217000014/crl930201710-q.htm"
  },
  {
    "date": "2017-07-01",
    "symbol": "CRL",
    "reportedCurrency": "USD",
    "cik": "0001100682",
    "fillingDate": "2017-08-09",
    "acceptedDate": "2017-08-09 14:25:23",
    "calendarYear": "2017",
    "period": "Q2",
    "revenue": 469129000,
    "costOfRevenue": 283804000,
    "grossProfit": 185325000,
    "grossProfitRatio": 0.3950405965,
    "researchAndDevelopmentExpenses": 0,
    "generalAndAdministrativeExpenses": 0,
    "sellingAndMarketingExpenses": 0,
    "sellingGeneralAndAdministrativeExpenses": 93820000,
    "otherExpenses": 9819000,
    "operatingExpenses": 103639000,
    "costAndExpenses": 387443000,
    "interestIncome": 161000,
    "interestExpense": 7403000,
    "depreciationAndAmortization": 31799000,
    "ebitda": 116118000,
    "ebitdaratio": 0.2475182732,
    "operatingIncome": 81686000,
    "operatingIncomeRatio": 0.1741226827,
    "totalOtherIncomeExpensesNet": -4770000,
    "incomeBeforeTax": 76916000,
    "incomeBeforeTaxRatio": 0.1639549037,
    "incomeTaxExpense": 22243000,
    "netIncome": 53952000,
    "netIncomeRatio": 0.1150046149,
    "eps": 1.13,
    "epsdiluted": 1.12,
    "weightedAverageShsOut": 47591000,
    "weightedAverageShsOutDil": 48342000,
    "link": "https://www.sec.gov/Archives/edgar/data/1100682/000110068217000010/0001100682-17-000010-index.htm",
    "finalLink": "https://www.sec.gov/Archives/edgar/data/1100682/000110068217000010/crl701201710-q.htm"
  },
  {
    "date": "2017-04-01",
    "symbol": "CRL",
    "reportedCurrency": "USD",
    "cik": "0001100682",
    "fillingDate": "2017-05-10",
    "acceptedDate": "2017-05-10 13:40:48",
    "calendarYear": "2017",
    "period": "Q1",
    "revenue": 445763000,
    "costOfRevenue": 274411000,
    "grossProfit": 171352000,
    "grossProfitRatio": 0.3844015766,
    "researchAndDevelopmentExpenses": 0,
    "generalAndAdministrativeExpenses": 0,
    "sellingAndMarketingExpenses": 0,
    "sellingGeneralAndAdministrativeExpenses": 90909000,
    "otherExpenses": 10737000,
    "operatingExpenses": 101646000,
    "costAndExpenses": 376057000,
    "interestIncome": 202000,
    "interestExpense": 6983000,
    "depreciationAndAmortization": 32411000,
    "ebitda": 117441000,
    "ebitdaratio": 0.2634606282,
    "operatingIncome": 69706000,
    "operatingIncomeRatio": 0.1563745757,
    "totalOtherIncomeExpensesNet": 8341000,
    "incomeBeforeTax": 78047000,
    "incomeBeforeTaxRatio": 0.1750863127,
    "incomeTaxExpense": 31084000,
    "netIncome": 46778000,
    "netIncomeRatio": 0.1049391717,
    "eps": 0.98,
    "epsdiluted": 0.97,
    "weightedAverageShsOut": 47546000,
    "weightedAverageShsOutDil": 48421000,
    "link": "https://www.sec.gov/Archives/edgar/data/1100682/000110068217000006/0001100682-17-000006-index.htm",
    "finalLink": "https://www.sec.gov/Archives/edgar/data/1100682/000110068217000006/crl401201710-q.htm"
  },
  {
    "date": "2016-12-31",
    "symbol": "CRL",
    "reportedCurrency": "USD",
    "cik": "0001100682",
    "fillingDate": "2017-02-14",
    "acceptedDate": "2017-02-14 14:29:24",
    "calendarYear": "2016",
    "period": "Q4",
    "revenue": 466789000,
    "costOfRevenue": 286908000,
    "grossProfit": 179881000,
    "grossProfitRatio": 0.3853582668,
    "researchAndDevelopmentExpenses": 0,
    "generalAndAdministrativeExpenses": 0,
    "sellingAndMarketingExpenses": 0,
    "sellingGeneralAndAdministrativeExpenses": 98481000,
    "otherExpenses": 12309000,
    "operatingExpenses": 110790000,
    "costAndExpenses": 397698000,
    "interestIncome": 306000,
    "interestExpense": 7510000,
    "depreciationAndAmortization": 35542000,
    "ebitda": 106777000,
    "ebitdaratio": 0.2287478925,
    "operatingIncome": 69091000,
    "operatingIncomeRatio": 0.1480133422,
    "totalOtherIncomeExpensesNet": -5366000,
    "incomeBeforeTax": 63725000,
    "incomeBeforeTaxRatio": 0.1365177843,
    "incomeTaxExpense": 18450000,
    "netIncome": 44680000,
    "netIncomeRatio": 0.0957177654,
    "eps": 0.95,
    "epsdiluted": 0.93,
    "weightedAverageShsOut": 47194000,
    "weightedAverageShsOutDil": 48265000,
    "link": "https://www.sec.gov/Archives/edgar/data/1100682/000110068217000003/0001100682-17-000003-index.htm",
    "finalLink": "https://www.sec.gov/Archives/edgar/data/1100682/000110068217000003/crl1231201610-k.htm"
  },
  {
    "date": "2016-09-24",
    "symbol": "CRL",
    "reportedCurrency": "USD",
    "cik": "0001100682",
    "fillingDate": "2016-11-02",
    "acceptedDate": "2016-11-02 14:30:23",
    "calendarYear": "2016",
    "period": "Q3",
    "revenue": 425720000,
    "costOfRevenue": 269450000,
    "grossProfit": 156270000,
    "grossProfitRatio": 0.3670722541,
    "researchAndDevelopmentExpenses": 0,
    "generalAndAdministrativeExpenses": 0,
    "sellingAndMarketingExpenses": 0,
    "sellingGeneralAndAdministrativeExpenses": 85650000,
    "otherExpenses": 11825000,
    "operatingExpenses": 97475000,
    "costAndExpenses": 366925000,
    "interestIncome": 523000,
    "interestExpense": 7079000,
    "depreciationAndAmortization": 34108000,
    "ebitda": 94443000,
    "ebitdaratio": 0.2218429954,
    "operatingIncome": 58795000,
    "operatingIncomeRatio": 0.1381072066,
    "totalOtherIncomeExpensesNet": -5539000,
    "incomeBeforeTax": 53256000,
    "incomeBeforeTaxRatio": 0.1250963074,
    "incomeTaxExpense": 15565000,
    "netIncome": 37735000,
    "netIncomeRatio": 0.088638072,
    "eps": 0.8,
    "epsdiluted": 0.79,
    "weightedAverageShsOut": 47160000,
    "weightedAverageShsOutDil": 48034000,
    "link": "https://www.sec.gov/Archives/edgar/data/1100682/000110068216000016/0001100682-16-000016-index.htm",
    "finalLink": "https://www.sec.gov/Archives/edgar/data/1100682/000110068216000016/crl924201610-q.htm"
  },
  {
    "date": "2016-06-25",
    "symbol": "CRL",
    "reportedCurrency": "USD",
    "cik": "0001100682",
    "fillingDate": "2016-08-03",
    "acceptedDate": "2016-08-03 14:09:58",
    "calendarYear": "2016",
    "period": "Q2",
    "revenue": 434055000,
    "costOfRevenue": 264308000,
    "grossProfit": 169747000,
    "grossProfitRatio": 0.3910725599,
    "researchAndDevelopmentExpenses": 0,
    "generalAndAdministrativeExpenses": 0,
    "sellingAndMarketingExpenses": 0,
    "sellingGeneralAndAdministrativeExpenses": 100473000,
    "otherExpenses": 11213000,
    "operatingExpenses": 111686000,
    "costAndExpenses": 375994000,
    "interestIncome": 222000,
    "interestExpense": 8909000,
    "depreciationAndAmortization": 32353000,
    "ebitda": 95652000,
    "ebitdaratio": 0.2203683865,
    "operatingIncome": 58061000,
    "operatingIncomeRatio": 0.1337641543,
    "totalOtherIncomeExpensesNet": -3671000,
    "incomeBeforeTax": 54390000,
    "incomeBeforeTaxRatio": 0.1253067008,
    "incomeTaxExpense": 18845000,
    "netIncome": 35207000,
    "netIncomeRatio": 0.0811118407,
    "eps": 0.75,
    "epsdiluted": 0.73,
    "weightedAverageShsOut": 47061000,
    "weightedAverageShsOutDil": 47919000,
    "link": "https://www.sec.gov/Archives/edgar/data/1100682/000110068216000013/0001100682-16-000013-index.htm",
    "finalLink": "https://www.sec.gov/Archives/edgar/data/1100682/000110068216000013/crl625201610-q.htm"
  },
  {
    "date": "2016-03-26",
    "symbol": "CRL",
    "reportedCurrency": "USD",
    "cik": "0001100682",
    "fillingDate": "2016-05-04",
    "acceptedDate": "2016-05-04 14:45:43",
    "calendarYear": "2016",
    "period": "Q1",
    "revenue": 354868000,
    "costOfRevenue": 214100000,
    "grossProfit": 140768000,
    "grossProfitRatio": 0.3966770743,
    "researchAndDevelopmentExpenses": 0,
    "generalAndAdministrativeExpenses": 0,
    "sellingAndMarketingExpenses": 0,
    "sellingGeneralAndAdministrativeExpenses": 82944000,
    "otherExpenses": 6352000,
    "operatingExpenses": 89296000,
    "costAndExpenses": 303396000,
    "interestIncome": 263000,
    "interestExpense": 4211000,
    "depreciationAndAmortization": 24655000,
    "ebitda": 80416000,
    "ebitdaratio": 0.2266082036,
    "operatingIncome": 51472000,
    "operatingIncomeRatio": 0.1450454817,
    "totalOtherIncomeExpensesNet": 78000,
    "incomeBeforeTax": 51550000,
    "incomeBeforeTaxRatio": 0.1452652817,
    "incomeTaxExpense": 13975000,
    "netIncome": 37143000,
    "netIncomeRatio": 0.1046670875,
    "eps": 0.8,
    "epsdiluted": 0.78,
    "weightedAverageShsOut": 46642000,
    "weightedAverageShsOutDil": 47617000,
    "link": "https://www.sec.gov/Archives/edgar/data/1100682/000110068216000010/0001100682-16-000010-index.htm",
    "finalLink": "https://www.sec.gov/Archives/edgar/data/1100682/000110068216000010/crl326201610-q.htm"
  },
  {
    "date": "2015-12-26",
    "symbol": "CRL",
    "reportedCurrency": "USD",
    "cik": "0001100682",
    "fillingDate": "2016-02-12",
    "acceptedDate": "2016-02-12 16:39:04",
    "calendarYear": "2015",
    "period": "Q4",
    "revenue": 353850000,
    "costOfRevenue": 213276000,
    "grossProfit": 140574000,
    "grossProfitRatio": 0.3972700297,
    "researchAndDevelopmentExpenses": 0,
    "generalAndAdministrativeExpenses": 0,
    "sellingAndMarketingExpenses": 0,
    "sellingGeneralAndAdministrativeExpenses": 81461000,
    "otherExpenses": 6844000,
    "operatingExpenses": 88305000,
    "costAndExpenses": 301581000,
    "interestIncome": 285000,
    "interestExpense": 3821000,
    "depreciationAndAmortization": 25551000,
    "ebitda": 79364000,
    "ebitdaratio": 0.2242871273,
    "operatingIncome": 52269000,
    "operatingIncomeRatio": 0.1477151335,
    "totalOtherIncomeExpensesNet": -2277000,
    "incomeBeforeTax": 49992000,
    "incomeBeforeTaxRatio": 0.1412802035,
    "incomeTaxExpense": 16729000,
    "netIncome": 31884000,
    "netIncomeRatio": 0.0901059771,
    "eps": 0.69,
    "epsdiluted": 0.67,
    "weightedAverageShsOut": 46269000,
    "weightedAverageShsOutDil": 47415000,
    "link": "https://www.sec.gov/Archives/edgar/data/1100682/000110068216000006/0001100682-16-000006-index.htm",
    "finalLink": "https://www.sec.gov/Archives/edgar/data/1100682/000110068216000006/crl1226201510k.htm"
  },
  {
    "date": "2015-09-26",
    "symbol": "CRL",
    "reportedCurrency": "USD",
    "cik": "0001100682",
    "fillingDate": "2015-11-04",
    "acceptedDate": "2015-11-04 11:59:52",
    "calendarYear": "2015",
    "period": "Q3",
    "revenue": 349465000,
    "costOfRevenue": 211390000,
    "grossProfit": 138075000,
    "grossProfitRatio": 0.3951039446,
    "researchAndDevelopmentExpenses": 0,
    "generalAndAdministrativeExpenses": 0,
    "sellingAndMarketingExpenses": 0,
    "sellingGeneralAndAdministrativeExpenses": 76225000,
    "otherExpenses": 6410000,
    "operatingExpenses": 82635000,
    "costAndExpenses": 294025000,
    "interestIncome": 177000,
    "interestExpense": 3851000,
    "depreciationAndAmortization": 23814000,
    "ebitda": 80821000,
    "ebitdaratio": 0.2312706566,
    "operatingIncome": 55440000,
    "operatingIncomeRatio": 0.1586424964,
    "totalOtherIncomeExpensesNet": -2284000,
    "incomeBeforeTax": 53156000,
    "incomeBeforeTaxRatio": 0.1521067918,
    "incomeTaxExpense": 15255000,
    "netIncome": 37379000,
    "netIncomeRatio": 0.1069606398,
    "eps": 0.81,
    "epsdiluted": 0.79,
    "weightedAverageShsOut": 46290000,
    "weightedAverageShsOutDil": 47245000,
    "link": "https://www.sec.gov/Archives/edgar/data/1100682/000162828015008233/0001628280-15-008233-index.htm",
    "finalLink": "https://www.sec.gov/Archives/edgar/data/1100682/000162828015008233/crl926201510-q.htm"
  },
  {
    "date": "2015-06-27",
    "symbol": "CRL",
    "reportedCurrency": "USD",
    "cik": "0001100682",
    "fillingDate": "2015-07-30",
    "acceptedDate": "2015-07-30 14:09:02",
    "calendarYear": "2015",
    "period": "Q2",
    "revenue": 339573000,
    "costOfRevenue": 206790000,
    "grossProfit": 132783000,
    "grossProfitRatio": 0.3910293221,
    "researchAndDevelopmentExpenses": 0,
    "generalAndAdministrativeExpenses": 0,
    "sellingAndMarketingExpenses": 0,
    "sellingGeneralAndAdministrativeExpenses": 71331000,
    "otherExpenses": 5717000,
    "operatingExpenses": 77048000,
    "costAndExpenses": 283838000,
    "interestIncome": 297000,
    "interestExpense": 4376000,
    "depreciationAndAmortization": 23148000,
    "ebitda": 87852000,
    "ebitdaratio": 0.2587131486,
    "operatingIncome": 55735000,
    "operatingIncomeRatio": 0.1641326018,
    "totalOtherIncomeExpensesNet": 4593000,
    "incomeBeforeTax": 60328000,
    "incomeBeforeTaxRatio": 0.1776584122,
    "incomeTaxExpense": 11076000,
    "netIncome": 48509000,
    "netIncomeRatio": 0.1428529359,
    "eps": 1.04,
    "epsdiluted": 1.02,
    "weightedAverageShsOut": 46675000,
    "weightedAverageShsOutDil": 47550000,
    "link": "https://www.sec.gov/Archives/edgar/data/1100682/000162828015005598/0001628280-15-005598-index.htm",
    "finalLink": "https://www.sec.gov/Archives/edgar/data/1100682/000162828015005598/crl627201510-q.htm"
  },
  {
    "date": "2015-03-28",
    "symbol": "CRL",
    "reportedCurrency": "USD",
    "cik": "0001100682",
    "fillingDate": "2015-04-30",
    "acceptedDate": "2015-04-30 14:22:13",
    "calendarYear": "2015",
    "period": "Q1",
    "revenue": 320414000,
    "costOfRevenue": 200754000,
    "grossProfit": 119660000,
    "grossProfitRatio": 0.3734543434,
    "researchAndDevelopmentExpenses": 0,
    "generalAndAdministrativeExpenses": 0,
    "sellingAndMarketingExpenses": 0,
    "sellingGeneralAndAdministrativeExpenses": 71397000,
    "otherExpenses": 5258000,
    "operatingExpenses": 76655000,
    "costAndExpenses": 277409000,
    "interestIncome": 284000,
    "interestExpense": 3024000,
    "depreciationAndAmortization": 22368000,
    "ebitda": 57344000,
    "ebitdaratio": 0.1789684596,
    "operatingIncome": 43005000,
    "operatingIncomeRatio": 0.1342169818,
    "totalOtherIncomeExpensesNet": -11053000,
    "incomeBeforeTax": 31952000,
    "incomeBeforeTaxRatio": 0.099720986,
    "incomeTaxExpense": 331000,
    "netIncome": 31541000,
    "netIncomeRatio": 0.0984382705,
    "eps": 0.67,
    "epsdiluted": 0.66,
    "weightedAverageShsOut": 46772000,
    "weightedAverageShsOutDil": 47868000,
    "link": "https://www.sec.gov/Archives/edgar/data/1100682/000162828015003118/0001628280-15-003118-index.htm",
    "finalLink": "https://www.sec.gov/Archives/edgar/data/1100682/000162828015003118/crl328201510-q.htm"
  },
  {
    "date": "2014-12-27",
    "symbol": "CRL",
    "reportedCurrency": "USD",
    "cik": "0001100682",
    "fillingDate": "2015-02-17",
    "acceptedDate": "2015-02-17 15:31:14",
    "calendarYear": "2014",
    "period": "Q4",
    "revenue": 329548000,
    "costOfRevenue": 209603000,
    "grossProfit": 119945000,
    "grossProfitRatio": 0.3639682231,
    "researchAndDevelopmentExpenses": 0,
    "generalAndAdministrativeExpenses": 0,
    "sellingAndMarketingExpenses": 0,
    "sellingGeneralAndAdministrativeExpenses": 72034000,
    "otherExpenses": 7144000,
    "operatingExpenses": 79178000,
    "costAndExpenses": 288781000,
    "interestIncome": 351000,
    "interestExpense": 2779000,
    "depreciationAndAmortization": 26010000,
    "ebitda": 68975000,
    "ebitdaratio": 0.2093018316,
    "operatingIncome": 40767000,
    "operatingIncomeRatio": 0.1237058031,
    "totalOtherIncomeExpensesNet": -581000,
    "incomeBeforeTax": 40186000,
    "incomeBeforeTaxRatio": 0.1219427822,
    "incomeTaxExpense": 11650000,
    "netIncome": 27166000,
    "netIncomeRatio": 0.0824341219,
    "eps": 0.58,
    "epsdiluted": 0.57,
    "weightedAverageShsOut": 46459512,
    "weightedAverageShsOutDil": 47516659,
    "link": "https://www.sec.gov/Archives/edgar/data/1100682/000162828015000785/0001628280-15-000785-index.htm",
    "finalLink": "https://www.sec.gov/Archives/edgar/data/1100682/000162828015000785/crl1227201410k.htm"
  },
  {
    "date": "2014-09-27",
    "symbol": "CRL",
    "reportedCurrency": "USD",
    "cik": "0001100682",
    "fillingDate": "2014-10-30",
    "acceptedDate": "2014-10-30 14:51:12",
    "calendarYear": "2014",
    "period": "Q3",
    "revenue": 327567000,
    "costOfRevenue": 209299000,
    "grossProfit": 118268000,
    "grossProfitRatio": 0.3610498005,
    "researchAndDevelopmentExpenses": 0,
    "generalAndAdministrativeExpenses": 0,
    "sellingAndMarketingExpenses": 0,
    "sellingGeneralAndAdministrativeExpenses": 64476000,
    "otherExpenses": 7620000,
    "operatingExpenses": 72096000,
    "costAndExpenses": 281395000,
    "interestIncome": 376000,
    "interestExpense": 2997000,
    "depreciationAndAmortization": 26083000,
    "ebitda": 72962000,
    "ebitdaratio": 0.2227391648,
    "operatingIncome": 46172000,
    "operatingIncomeRatio": 0.1409543696,
    "totalOtherIncomeExpensesNet": -2290000,
    "incomeBeforeTax": 43882000,
    "incomeBeforeTaxRatio": 0.1339634334,
    "incomeTaxExpense": 11582000,
    "netIncome": 32036000,
    "netIncomeRatio": 0.0977998394,
    "eps": 0.7,
    "epsdiluted": 0.68,
    "weightedAverageShsOut": 46016000,
    "weightedAverageShsOutDil": 46878000,
    "link": "https://www.sec.gov/Archives/edgar/data/1100682/000144530514004599/0001445305-14-004599-index.htm",
    "finalLink": "https://www.sec.gov/Archives/edgar/data/1100682/000144530514004599/crl927201410q.htm"
  },
  {
    "date": "2014-06-28",
    "symbol": "CRL",
    "reportedCurrency": "USD",
    "cik": "0001100682",
    "fillingDate": "2014-08-07",
    "acceptedDate": "2014-08-07 15:08:51",
    "calendarYear": "2014",
    "period": "Q2",
    "revenue": 341179000,
    "costOfRevenue": 215545000,
    "grossProfit": 125634000,
    "grossProfitRatio": 0.3682348562,
    "researchAndDevelopmentExpenses": 0,
    "generalAndAdministrativeExpenses": 0,
    "sellingAndMarketingExpenses": 0,
    "sellingGeneralAndAdministrativeExpenses": 67756000,
    "otherExpenses": 6853000,
    "operatingExpenses": 74609000,
    "costAndExpenses": 290154000,
    "interestIncome": 222000,
    "interestExpense": 3373000,
    "depreciationAndAmortization": 24302000,
    "ebitda": 78216000,
    "ebitdaratio": 0.2292520935,
    "operatingIncome": 51025000,
    "operatingIncomeRatio": 0.1495549257,
    "totalOtherIncomeExpensesNet": -484000,
    "incomeBeforeTax": 50541000,
    "incomeBeforeTaxRatio": 0.1481363155,
    "incomeTaxExpense": 14081000,
    "netIncome": 35264000,
    "netIncomeRatio": 0.1033592337,
    "eps": 0.75,
    "epsdiluted": 0.74,
    "weightedAverageShsOut": 46942000,
    "weightedAverageShsOutDil": 47684000,
    "link": "https://www.sec.gov/Archives/edgar/data/1100682/000144530514003489/0001445305-14-003489-index.htm",
    "finalLink": "https://www.sec.gov/Archives/edgar/data/1100682/000144530514003489/crl628201410q.htm"
  },
  {
    "date": "2014-03-29",
    "symbol": "CRL",
    "reportedCurrency": "USD",
    "cik": "0001100682",
    "fillingDate": "2014-04-30",
    "acceptedDate": "2014-04-30 16:43:41",
    "calendarYear": "2014",
    "period": "Q1",
    "revenue": 299368000,
    "costOfRevenue": 190555000,
    "grossProfit": 108813000,
    "grossProfitRatio": 0.3634757222,
    "researchAndDevelopmentExpenses": 0,
    "generalAndAdministrativeExpenses": 0,
    "sellingAndMarketingExpenses": 0,
    "sellingGeneralAndAdministrativeExpenses": 64767000,
    "otherExpenses": 4340000,
    "operatingExpenses": 69107000,
    "costAndExpenses": 259662000,
    "interestIncome": 205000,
    "interestExpense": 2801000,
    "depreciationAndAmortization": 20050000,
    "ebitda": 65837000,
    "ebitdaratio": 0.2199199647,
    "operatingIncome": 39706000,
    "operatingIncomeRatio": 0.1326327463,
    "totalOtherIncomeExpensesNet": 3280000,
    "incomeBeforeTax": 42986000,
    "incomeBeforeTaxRatio": 0.1435891612,
    "incomeTaxExpense": 10358000,
    "netIncome": 32232000,
    "netIncomeRatio": 0.1076668181,
    "eps": 0.68,
    "epsdiluted": 0.67,
    "weightedAverageShsOut": 47091000,
    "weightedAverageShsOutDil": 48151000,
    "link": "https://www.sec.gov/Archives/edgar/data/1100682/000144530514001594/0001445305-14-001594-index.htm",
    "finalLink": "https://www.sec.gov/Archives/edgar/data/1100682/000144530514001594/crl329201410q.htm"
  },
  {
    "date": "2013-12-28",
    "symbol": "CRL",
    "reportedCurrency": "USD",
    "cik": "0001100682",
    "fillingDate": "2014-02-25",
    "acceptedDate": "2014-02-25 17:22:46",
    "calendarYear": "2013",
    "period": "Q4",
    "revenue": 289228000,
    "costOfRevenue": 196831000,
    "grossProfit": 92397000,
    "grossProfitRatio": 0.3194607714,
    "researchAndDevelopmentExpenses": 0,
    "generalAndAdministrativeExpenses": 0,
    "sellingAndMarketingExpenses": 0,
    "sellingGeneralAndAdministrativeExpenses": 58674000,
    "otherExpenses": 9116000,
    "operatingExpenses": 67790000,
    "costAndExpenses": 264621000,
    "interestIncome": 254000,
    "interestExpense": 2826000,
    "depreciationAndAmortization": 29300000,
    "ebitda": 55232000,
    "ebitdaratio": 0.1909635305,
    "operatingIncome": 24607000,
    "operatingIncomeRatio": 0.0850782082,
    "totalOtherIncomeExpensesNet": -1501000,
    "incomeBeforeTax": 23106000,
    "incomeBeforeTaxRatio": 0.0798885308,
    "incomeTaxExpense": 3580000,
    "netIncome": 19099000,
    "netIncomeRatio": 0.0660344088,
    "eps": 0.41,
    "epsdiluted": 0.4,
    "weightedAverageShsOut": 47150688,
    "weightedAverageShsOutDil": 48134992,
    "link": "https://www.sec.gov/Archives/edgar/data/1100682/000144530514000599/0001445305-14-000599-index.htm",
    "finalLink": "https://www.sec.gov/Archives/edgar/data/1100682/000144530514000599/crl1228201310k.htm"
  },
  {
    "date": "2013-09-28",
    "symbol": "CRL",
    "reportedCurrency": "USD",
    "cik": "0001100682",
    "fillingDate": "2013-10-30",
    "acceptedDate": "2013-10-30 15:05:26",
    "calendarYear": "2013",
    "period": "Q3",
    "revenue": 292129000,
    "costOfRevenue": 192203000,
    "grossProfit": 99926000,
    "grossProfitRatio": 0.3420612127,
    "researchAndDevelopmentExpenses": 0,
    "generalAndAdministrativeExpenses": 0,
    "sellingAndMarketingExpenses": 0,
    "sellingGeneralAndAdministrativeExpenses": 54903000,
    "otherExpenses": 4180000,
    "operatingExpenses": 59083000,
    "costAndExpenses": 251286000,
    "interestIncome": 143000,
    "interestExpense": 2319000,
    "depreciationAndAmortization": 26916000,
    "ebitda": 71961000,
    "ebitdaratio": 0.2463329556,
    "operatingIncome": 40843000,
    "operatingIncomeRatio": 0.1398115216,
    "totalOtherIncomeExpensesNet": 1883000,
    "incomeBeforeTax": 42726000,
    "incomeBeforeTaxRatio": 0.1462573041,
    "incomeTaxExpense": 11390000,
    "netIncome": 30867000,
    "netIncomeRatio": 0.1056622246,
    "eps": 0.64,
    "epsdiluted": 0.64,
    "weightedAverageShsOut": 47910649,
    "weightedAverageShsOutDil": 48441165,
    "link": "https://www.sec.gov/Archives/edgar/data/1100682/000144530513002575/0001445305-13-002575-index.htm",
    "finalLink": "https://www.sec.gov/Archives/edgar/data/1100682/000144530513002575/crl929201310q.htm"
  },
  {
    "date": "2013-06-29",
    "symbol": "CRL",
    "reportedCurrency": "USD",
    "cik": "0001100682",
    "fillingDate": "2013-07-31",
    "acceptedDate": "2013-07-31 16:32:47",
    "calendarYear": "2013",
    "period": "Q2",
    "revenue": 292933000,
    "costOfRevenue": 190363000,
    "grossProfit": 102570000,
    "grossProfitRatio": 0.3501483274,
    "researchAndDevelopmentExpenses": 0,
    "generalAndAdministrativeExpenses": 0,
    "sellingAndMarketingExpenses": 0,
    "sellingGeneralAndAdministrativeExpenses": 54919000,
    "otherExpenses": 4463000,
    "operatingExpenses": 59382000,
    "costAndExpenses": 249745000,
    "interestIncome": 236000,
    "interestExpense": 7544000,
    "depreciationAndAmortization": 20410000,
    "ebitda": 64801000,
    "ebitdaratio": 0.2212144074,
    "operatingIncome": 43188000,
    "operatingIncomeRatio": 0.1474330308,
    "totalOtherIncomeExpensesNet": -6341000,
    "incomeBeforeTax": 36847000,
    "incomeBeforeTaxRatio": 0.1257864426,
    "incomeTaxExpense": 8219000,
    "netIncome": 27284000,
    "netIncomeRatio": 0.0931407523,
    "eps": 0.57,
    "epsdiluted": 0.56,
    "weightedAverageShsOut": 48280371,
    "weightedAverageShsOutDil": 48835453,
    "link": "https://www.sec.gov/Archives/edgar/data/1100682/000144530513001771/0001445305-13-001771-index.htm",
    "finalLink": "https://www.sec.gov/Archives/edgar/data/1100682/000144530513001771/crl629201310q.htm"
  },
  {
    "date": "2013-03-30",
    "symbol": "CRL",
    "reportedCurrency": "USD",
    "cik": "0001100682",
    "fillingDate": "2013-05-08",
    "acceptedDate": "2013-05-08 13:44:06",
    "calendarYear": "2013",
    "period": "Q1",
    "revenue": 291238000,
    "costOfRevenue": 187027000,
    "grossProfit": 104211000,
    "grossProfitRatio": 0.3578207514,
    "researchAndDevelopmentExpenses": 0,
    "generalAndAdministrativeExpenses": 0,
    "sellingAndMarketingExpenses": 0,
    "sellingGeneralAndAdministrativeExpenses": 57199000,
    "otherExpenses": 4249000,
    "operatingExpenses": 61448000,
    "costAndExpenses": 248475000,
    "interestIncome": 97000,
    "interestExpense": 8280000,
    "depreciationAndAmortization": 20010000,
    "ebitda": 63938000,
    "ebitdaratio": 0.2195386591,
    "operatingIncome": 42763000,
    "operatingIncomeRatio": 0.1468318008,
    "totalOtherIncomeExpensesNet": -7115000,
    "incomeBeforeTax": 35648000,
    "incomeBeforeTaxRatio": 0.1224016097,
    "incomeTaxExpense": 9722000,
    "netIncome": 25578000,
    "netIncomeRatio": 0.0878250778,
    "eps": 0.54,
    "epsdiluted": 0.53,
    "weightedAverageShsOut": 47658995,
    "weightedAverageShsOutDil": 48436049,
    "link": "https://www.sec.gov/Archives/edgar/data/1100682/000144530513001195/0001445305-13-001195-index.htm",
    "finalLink": "https://www.sec.gov/Archives/edgar/data/1100682/000144530513001195/crl330201310q.htm"
  },
  {
    "date": "2012-12-29",
    "symbol": "CRL",
    "reportedCurrency": "USD",
    "cik": "0001100682",
    "fillingDate": "2013-02-27",
    "acceptedDate": "2013-02-27 16:05:42",
    "calendarYear": "2012",
    "period": "Q4",
    "revenue": 280140000,
    "costOfRevenue": 185567000,
    "grossProfit": 94573000,
    "grossProfitRatio": 0.3375919183,
    "researchAndDevelopmentExpenses": 0,
    "generalAndAdministrativeExpenses": 0,
    "sellingAndMarketingExpenses": 0,
    "sellingGeneralAndAdministrativeExpenses": 51324000,
    "otherExpenses": 8180000,
    "operatingExpenses": 59504000,
    "costAndExpenses": 245071000,
    "interestIncome": 129000,
    "interestExpense": 8309000,
    "depreciationAndAmortization": 20658000,
    "ebitda": 55172000,
    "ebitdaratio": 0.196944385,
    "operatingIncome": 35069000,
    "operatingIncomeRatio": 0.1251838367,
    "totalOtherIncomeExpensesNet": -8864000,
    "incomeBeforeTax": 26205000,
    "incomeBeforeTaxRatio": 0.0935425145,
    "incomeTaxExpense": 3488000,
    "netIncome": 18416000,
    "netIncomeRatio": 0.0657385593,
    "eps": 0.39,
    "epsdiluted": 0.38,
    "weightedAverageShsOut": 47562614,
    "weightedAverageShsOutDil": 48257197,
    "link": "https://www.sec.gov/Archives/edgar/data/1100682/000144530513000358/0001445305-13-000358-index.htm",
    "finalLink": "https://www.sec.gov/Archives/edgar/data/1100682/000144530513000358/crl1229201210k.htm"
  },
  {
    "date": "2012-09-29",
    "symbol": "CRL",
    "reportedCurrency": "USD",
    "cik": "0001100682",
    "fillingDate": "2012-11-01",
    "acceptedDate": "2012-11-01 09:54:30",
    "calendarYear": "2012",
    "period": "Q3",
    "revenue": 278686000,
    "costOfRevenue": 185427000,
    "grossProfit": 93259000,
    "grossProfitRatio": 0.3346382667,
    "researchAndDevelopmentExpenses": 0,
    "generalAndAdministrativeExpenses": 0,
    "sellingAndMarketingExpenses": 0,
    "sellingGeneralAndAdministrativeExpenses": 51047000,
    "otherExpenses": 4530000,
    "operatingExpenses": 55577000,
    "costAndExpenses": 241004000,
    "interestIncome": 124000,
    "interestExpense": 8395000,
    "depreciationAndAmortization": 20550000,
    "ebitda": 57464000,
    "ebitdaratio": 0.2061962208,
    "operatingIncome": 37682000,
    "operatingIncomeRatio": 0.1352131072,
    "totalOtherIncomeExpensesNet": -9287000,
    "incomeBeforeTax": 28395000,
    "incomeBeforeTaxRatio": 0.1018888642,
    "incomeTaxExpense": 6011000,
    "netIncome": 21972000,
    "netIncomeRatio": 0.0788414201,
    "eps": 0.46,
    "epsdiluted": 0.46,
    "weightedAverageShsOut": 47625806,
    "weightedAverageShsOutDil": 48108614,
    "link": "https://www.sec.gov/Archives/edgar/data/1100682/000144530512003330/0001445305-12-003330-index.htm",
    "finalLink": "https://www.sec.gov/Archives/edgar/data/1100682/000144530512003330/crl929201210q.htm"
  },
  {
    "date": "2012-06-30",
    "symbol": "CRL",
    "reportedCurrency": "USD",
    "cik": "0001100682",
    "fillingDate": "2012-08-07",
    "acceptedDate": "2012-08-07 16:58:28",
    "calendarYear": "2012",
    "period": "Q2",
    "revenue": 284723000,
    "costOfRevenue": 181138000,
    "grossProfit": 103585000,
    "grossProfitRatio": 0.3638097379,
    "researchAndDevelopmentExpenses": 0,
    "generalAndAdministrativeExpenses": 0,
    "sellingAndMarketingExpenses": 0,
    "sellingGeneralAndAdministrativeExpenses": 49900000,
    "otherExpenses": 4411000,
    "operatingExpenses": 54311000,
    "costAndExpenses": 235449000,
    "interestIncome": 151000,
    "interestExpense": 8079000,
    "depreciationAndAmortization": 20065000,
    "ebitda": 68144000,
    "ebitdaratio": 0.2393343706,
    "operatingIncome": 49274000,
    "operatingIncomeRatio": 0.1730594297,
    "totalOtherIncomeExpensesNet": -9274000,
    "incomeBeforeTax": 40000000,
    "incomeBeforeTaxRatio": 0.1404874211,
    "incomeTaxExpense": 9453000,
    "netIncome": 30468000,
    "netIncomeRatio": 0.1070092687,
    "eps": 0.63,
    "epsdiluted": 0.63,
    "weightedAverageShsOut": 48029744,
    "weightedAverageShsOutDil": 48412800,
    "link": "https://www.sec.gov/Archives/edgar/data/1100682/000144530512002523/0001445305-12-002523-index.htm",
    "finalLink": "https://www.sec.gov/Archives/edgar/data/1100682/000144530512002523/crl630201210q.htm"
  },
  {
    "date": "2012-03-31",
    "symbol": "CRL",
    "reportedCurrency": "USD",
    "cik": "0001100682",
    "fillingDate": "2012-05-04",
    "acceptedDate": "2012-05-04 10:16:31",
    "calendarYear": "2012",
    "period": "Q1",
    "revenue": 285981000,
    "costOfRevenue": 181769000,
    "grossProfit": 104212000,
    "grossProfitRatio": 0.3644018309,
    "researchAndDevelopmentExpenses": 0,
    "generalAndAdministrativeExpenses": 0,
    "sellingAndMarketingExpenses": 0,
    "sellingGeneralAndAdministrativeExpenses": 55977000,
    "otherExpenses": 4495000,
    "operatingExpenses": 60472000,
    "costAndExpenses": 242241000,
    "interestIncome": 185000,
    "interestExpense": 8250000,
    "depreciationAndAmortization": 20002000,
    "ebitda": 63583000,
    "ebitdaratio": 0.2223329522,
    "operatingIncome": 43740000,
    "operatingIncomeRatio": 0.1529472238,
    "totalOtherIncomeExpensesNet": -8594000,
    "incomeBeforeTax": 35146000,
    "incomeBeforeTaxRatio": 0.1228962763,
    "incomeTaxExpense": 8676000,
    "netIncome": 26439000,
    "netIncomeRatio": 0.0924501977,
    "eps": 0.55,
    "epsdiluted": 0.54,
    "weightedAverageShsOut": 48254950,
    "weightedAverageShsOutDil": 48771743,
    "link": "https://www.sec.gov/Archives/edgar/data/1100682/000144530512001455/0001445305-12-001455-index.htm",
    "finalLink": "https://www.sec.gov/Archives/edgar/data/1100682/000144530512001455/crl331201210q.htm"
  },
  {
    "date": "2011-12-31",
    "symbol": "CRL",
    "reportedCurrency": "USD",
    "cik": "0001100682",
    "fillingDate": "2012-02-27",
    "acceptedDate": "2012-02-27 13:57:33",
    "calendarYear": "2011",
    "period": "Q4",
    "revenue": 290962000,
    "costOfRevenue": 190394000,
    "grossProfit": 100568000,
    "grossProfitRatio": 0.3456396368,
    "researchAndDevelopmentExpenses": 0,
    "generalAndAdministrativeExpenses": 0,
    "sellingAndMarketingExpenses": 0,
    "sellingGeneralAndAdministrativeExpenses": 46087000,
    "otherExpenses": 12834000,
    "operatingExpenses": 58921000,
    "costAndExpenses": 249315000,
    "interestIncome": 293000,
    "interestExpense": 9967000,
    "depreciationAndAmortization": 20981000,
    "ebitda": 63602000,
    "ebitdaratio": 0.2185921186,
    "operatingIncome": 41647000,
    "operatingIncomeRatio": 0.1431355297,
    "totalOtherIncomeExpensesNet": -8993000,
    "incomeBeforeTax": 32654000,
    "incomeBeforeTaxRatio": 0.1122277136,
    "incomeTaxExpense": 5576000,
    "netIncome": 27115000,
    "netIncomeRatio": 0.0931908634,
    "eps": 0.56,
    "epsdiluted": 0.56,
    "weightedAverageShsOut": 48254950,
    "weightedAverageShsOutDil": 48254950,
    "link": "https://www.sec.gov/Archives/edgar/data/1100682/000151851912000030/0001518519-12-000030-index.htm",
    "finalLink": "https://www.sec.gov/Archives/edgar/data/1100682/000151851912000030/crl1231201110k.htm"
  },
  {
    "date": "2011-09-24",
    "symbol": "CRL",
    "reportedCurrency": "USD",
    "cik": "0001100682",
    "fillingDate": "2011-11-02",
    "acceptedDate": "2011-11-02 16:41:16",
    "calendarYear": "2011",
    "period": "Q3",
    "revenue": 277579000,
    "costOfRevenue": 184863000,
    "grossProfit": 92716000,
    "grossProfitRatio": 0.3340166223,
    "researchAndDevelopmentExpenses": 0,
    "generalAndAdministrativeExpenses": 0,
    "sellingAndMarketingExpenses": 0,
    "sellingGeneralAndAdministrativeExpenses": 50345000,
    "otherExpenses": 5277000,
    "operatingExpenses": 55622000,
    "costAndExpenses": 240485000,
    "interestIncome": 138000,
    "interestExpense": 11806000,
    "depreciationAndAmortization": 21168000,
    "ebitda": 57653000,
    "ebitdaratio": 0.2076994297,
    "operatingIncome": 37094000,
    "operatingIncomeRatio": 0.1336340285,
    "totalOtherIncomeExpensesNet": -12553000,
    "incomeBeforeTax": 24541000,
    "incomeBeforeTaxRatio": 0.0884108668,
    "incomeTaxExpense": 5630000,
    "netIncome": 18798000,
    "netIncomeRatio": 0.0677212613,
    "eps": 0.38,
    "epsdiluted": 0.37,
    "weightedAverageShsOut": 50084850,
    "weightedAverageShsOutDil": 50533747,
    "link": "https://www.sec.gov/Archives/edgar/data/1100682/000104746911008939/0001047469-11-008939-index.htm",
    "finalLink": "https://www.sec.gov/Archives/edgar/data/1100682/000104746911008939/a2206093z10-q.htm"
  },
  {
    "date": "2011-06-25",
    "symbol": "CRL",
    "reportedCurrency": "USD",
    "cik": "0001100682",
    "fillingDate": "2011-08-03",
    "acceptedDate": "2011-08-03 14:34:28",
    "calendarYear": "2011",
    "period": "Q2",
    "revenue": 288263000,
    "costOfRevenue": 181943000,
    "grossProfit": 106320000,
    "grossProfitRatio": 0.3688298533,
    "researchAndDevelopmentExpenses": 0,
    "generalAndAdministrativeExpenses": 0,
    "sellingAndMarketingExpenses": 0,
    "sellingGeneralAndAdministrativeExpenses": 47209000,
    "otherExpenses": 5797000,
    "operatingExpenses": 53006000,
    "costAndExpenses": 234949000,
    "interestIncome": 558000,
    "interestExpense": 10101000,
    "depreciationAndAmortization": 21816000,
    "ebitda": 75280000,
    "ebitdaratio": 0.2611504078,
    "operatingIncome": 53314000,
    "operatingIncomeRatio": 0.184949161,
    "totalOtherIncomeExpensesNet": -10509000,
    "incomeBeforeTax": 42805000,
    "incomeBeforeTaxRatio": 0.1484928694,
    "incomeTaxExpense": 8649000,
    "netIncome": 32318000,
    "netIncomeRatio": 0.1121128969,
    "eps": 0.63,
    "epsdiluted": 0.63,
    "weightedAverageShsOut": 50991731,
    "weightedAverageShsOutDil": 51680737,
    "link": "https://www.sec.gov/Archives/edgar/data/1100682/000104746911006895/0001047469-11-006895-index.htm",
    "finalLink": "https://www.sec.gov/Archives/edgar/data/1100682/000104746911006895/a2205011z10-q.htm"
  },
  {
    "date": "2011-03-26",
    "symbol": "CRL",
    "reportedCurrency": "USD",
    "cik": "0001100682",
    "fillingDate": "2011-05-04",
    "acceptedDate": "2011-05-04 15:42:07",
    "calendarYear": "2011",
    "period": "Q1",
    "revenue": 285843000,
    "costOfRevenue": 183205000,
    "grossProfit": 102638000,
    "grossProfitRatio": 0.3590712384,
    "researchAndDevelopmentExpenses": 0,
    "generalAndAdministrativeExpenses": 0,
    "sellingAndMarketingExpenses": 0,
    "sellingGeneralAndAdministrativeExpenses": 55007000,
    "otherExpenses": 5380000,
    "operatingExpenses": 60387000,
    "costAndExpenses": 243592000,
    "interestIncome": 364000,
    "interestExpense": 9652000,
    "depreciationAndAmortization": 21265000,
    "ebitda": 63943000,
    "ebitdaratio": 0.2236997233,
    "operatingIncome": 42251000,
    "operatingIncomeRatio": 0.1478119107,
    "totalOtherIncomeExpensesNet": -9589000,
    "incomeBeforeTax": 32662000,
    "incomeBeforeTaxRatio": 0.1142655234,
    "incomeTaxExpense": -2715000,
    "netIncome": 31335000,
    "netIncomeRatio": 0.1096231148,
    "eps": 0.58,
    "epsdiluted": 0.57,
    "weightedAverageShsOut": 53937948,
    "weightedAverageShsOutDil": 54597740,
    "link": "https://www.sec.gov/Archives/edgar/data/1100682/000104746911004561/0001047469-11-004561-index.htm",
    "finalLink": "https://www.sec.gov/Archives/edgar/data/1100682/000104746911004561/a2203825z10-q.htm"
  },
  {
    "date": "2010-12-25",
    "symbol": "CRL",
    "reportedCurrency": "USD",
    "cik": "0001100682",
    "fillingDate": "2011-02-23",
    "acceptedDate": "2011-02-23 12:29:34",
    "calendarYear": "2010",
    "period": "Q4",
    "revenue": 267886000,
    "costOfRevenue": 174262000,
    "grossProfit": 93624000,
    "grossProfitRatio": 0.3494919481,
    "researchAndDevelopmentExpenses": 0,
    "generalAndAdministrativeExpenses": 0,
    "sellingAndMarketingExpenses": 0,
    "sellingGeneralAndAdministrativeExpenses": 53900000,
    "otherExpenses": 401055000,
    "operatingExpenses": 454955000,
    "costAndExpenses": 629217000,
    "interestIncome": 284000,
    "interestExpense": 9526000,
    "depreciationAndAmortization": 21650000,
    "ebitda": -338080000,
    "ebitdaratio": -1.2620293707,
    "operatingIncome": -361331000,
    "operatingIncomeRatio": -1.3488237534,
    "totalOtherIncomeExpensesNet": -7925000,
    "incomeBeforeTax": -369256000,
    "incomeBeforeTaxRatio": -1.3784072329,
    "incomeTaxExpense": -29290000,
    "netIncome": -343564000,
    "netIncomeRatio": -1.2825007653,
    "eps": -6.04,
    "epsdiluted": -6.04,
    "weightedAverageShsOut": 56900000,
    "weightedAverageShsOutDil": 56900000,
    "link": "https://www.sec.gov/Archives/edgar/data/1100682/000104746911001182/0001047469-11-001182-index.htm",
    "finalLink": "https://www.sec.gov/Archives/edgar/data/1100682/000104746911001182/a2202149z10-k.htm"
  },
  {
    "date": "2010-09-25",
    "symbol": "CRL",
    "reportedCurrency": "USD",
    "cik": "0001100682",
    "fillingDate": "2010-11-04",
    "acceptedDate": "2010-11-04 14:58:02",
    "calendarYear": "2010",
    "period": "Q3",
    "revenue": 276081000,
    "costOfRevenue": 180385000,
    "grossProfit": 90500000,
    "grossProfitRatio": 0.3278023479,
    "researchAndDevelopmentExpenses": 0,
    "generalAndAdministrativeExpenses": 0,
    "sellingAndMarketingExpenses": 0,
    "sellingGeneralAndAdministrativeExpenses": 78005000,
    "otherExpenses": 6027000,
    "operatingExpenses": 84032000,
    "costAndExpenses": 264417000,
    "interestIncome": 243000,
    "interestExpense": 12641000,
    "depreciationAndAmortization": 23485000,
    "ebitda": 28548000,
    "ebitdaratio": 0.1034044357,
    "operatingIncome": 6468000,
    "operatingIncomeRatio": 0.023427907,
    "totalOtherIncomeExpensesNet": -14046000,
    "incomeBeforeTax": -8932000,
    "incomeBeforeTaxRatio": -0.032352824,
    "incomeTaxExpense": 16302000,
    "netIncome": -24941000,
    "netIncomeRatio": -0.0903394294,
    "eps": -0.39,
    "epsdiluted": -0.38,
    "weightedAverageShsOut": 64344970,
    "weightedAverageShsOutDil": 64894825,
    "link": "https://www.sec.gov/Archives/edgar/data/1100682/000104746910009213/0001047469-10-009213-index.htm",
    "finalLink": "https://www.sec.gov/Archives/edgar/data/1100682/000104746910009213/a2200779z10-q.htm"
  },
  {
    "date": "2010-06-26",
    "symbol": "CRL",
    "reportedCurrency": "USD",
    "cik": "0001100682",
    "fillingDate": "2010-08-03",
    "acceptedDate": "2010-08-03 16:42:50",
    "calendarYear": "2010",
    "period": "Q2",
    "revenue": 292104000,
    "costOfRevenue": 187828000,
    "grossProfit": 100764000,
    "grossProfitRatio": 0.3449593296,
    "researchAndDevelopmentExpenses": 0,
    "generalAndAdministrativeExpenses": 0,
    "sellingAndMarketingExpenses": 0,
    "sellingGeneralAndAdministrativeExpenses": 65240000,
    "otherExpenses": 5539000,
    "operatingExpenses": 70779000,
    "costAndExpenses": 258607000,
    "interestIncome": 262000,
    "interestExpense": 7105000,
    "depreciationAndAmortization": 22925000,
    "ebitda": 52433000,
    "ebitdaratio": 0.1795011366,
    "operatingIncome": 29985000,
    "operatingIncomeRatio": 0.1026517953,
    "totalOtherIncomeExpensesNet": -7581000,
    "incomeBeforeTax": 20625000,
    "incomeBeforeTaxRatio": 0.0706084134,
    "incomeTaxExpense": 6530000,
    "netIncome": 14454000,
    "netIncomeRatio": 0.0494823761,
    "eps": 0.22,
    "epsdiluted": 0.22,
    "weightedAverageShsOut": 65289617,
    "weightedAverageShsOutDil": 65874284,
    "link": "https://www.sec.gov/Archives/edgar/data/1100682/000104746910006917/0001047469-10-006917-index.htm",
    "finalLink": "https://www.sec.gov/Archives/edgar/data/1100682/000104746910006917/a2199599z10-q.htm"
  },
  {
    "date": "2010-03-27",
    "symbol": "CRL",
    "reportedCurrency": "USD",
    "cik": "0001100682",
    "fillingDate": "2010-04-29",
    "acceptedDate": "2010-04-29 12:26:05",
    "calendarYear": "2010",
    "period": "Q1",
    "revenue": 297345000,
    "costOfRevenue": 193082000,
    "grossProfit": 99205000,
    "grossProfitRatio": 0.333636012,
    "researchAndDevelopmentExpenses": 0,
    "generalAndAdministrativeExpenses": 0,
    "sellingAndMarketingExpenses": 0,
    "sellingGeneralAndAdministrativeExpenses": 62331000,
    "otherExpenses": 6680000,
    "operatingExpenses": 69011000,
    "costAndExpenses": 262093000,
    "interestIncome": 397000,
    "interestExpense": 6007000,
    "depreciationAndAmortization": 23580000,
    "ebitda": 53663000,
    "ebitdaratio": 0.1804738603,
    "operatingIncome": 30194000,
    "operatingIncomeRatio": 0.101545343,
    "totalOtherIncomeExpensesNet": -6119000,
    "incomeBeforeTax": 23481000,
    "incomeBeforeTaxRatio": 0.0789688745,
    "incomeTaxExpense": 6481000,
    "netIncome": 17382000,
    "netIncomeRatio": 0.0584573475,
    "eps": 0.27,
    "epsdiluted": 0.26,
    "weightedAverageShsOut": 65124451,
    "weightedAverageShsOutDil": 65824662,
    "link": "https://www.sec.gov/Archives/edgar/data/1100682/000104746910004399/0001047469-10-004399-index.htm",
    "finalLink": "https://www.sec.gov/Archives/edgar/data/1100682/000104746910004399/a2198338z10-q.htm"
  },
  {
    "date": "2009-12-26",
    "symbol": "CRL",
    "reportedCurrency": "USD",
    "cik": "0001100682",
    "fillingDate": "2010-02-19",
    "acceptedDate": "2010-02-19 14:26:24",
    "calendarYear": "2009",
    "period": "Q4",
    "revenue": 295381000,
    "costOfRevenue": 195260000,
    "grossProfit": 100121000,
    "grossProfitRatio": 0.3389554508,
    "researchAndDevelopmentExpenses": 0,
    "generalAndAdministrativeExpenses": 0,
    "sellingAndMarketingExpenses": 0,
    "sellingGeneralAndAdministrativeExpenses": 61106000,
    "otherExpenses": 7091000,
    "operatingExpenses": 68197000,
    "costAndExpenses": 263457000,
    "interestIncome": 455000,
    "interestExpense": 5526000,
    "depreciationAndAmortization": 23845000,
    "ebitda": 55726000,
    "ebitdaratio": 0.1886580383,
    "operatingIncome": 31924000,
    "operatingIncomeRatio": 0.1080773645,
    "totalOtherIncomeExpensesNet": -5569000,
    "incomeBeforeTax": 26355000,
    "incomeBeforeTaxRatio": 0.0892237483,
    "incomeTaxExpense": 9037000,
    "netIncome": 17569000,
    "netIncomeRatio": 0.0594791134,
    "eps": 0.27,
    "epsdiluted": 0.27,
    "weightedAverageShsOut": 65292168,
    "weightedAverageShsOutDil": 65600000,
    "link": "https://www.sec.gov/Archives/edgar/data/1100682/000104746910001012/0001047469-10-001012-index.htm",
    "finalLink": "https://www.sec.gov/Archives/edgar/data/1100682/000104746910001012/a2196578z10-k.htm"
  },
  {
    "date": "2009-09-26",
    "symbol": "CRL",
    "reportedCurrency": "USD",
    "cik": "0001100682",
    "fillingDate": "2009-11-04",
    "acceptedDate": "2009-11-04 10:40:15",
    "calendarYear": "2009",
    "period": "Q3",
    "revenue": 297485000,
    "costOfRevenue": 190921000,
    "grossProfit": 106564000,
    "grossProfitRatio": 0.3582163807,
    "researchAndDevelopmentExpenses": 0,
    "generalAndAdministrativeExpenses": 0,
    "sellingAndMarketingExpenses": 0,
    "sellingGeneralAndAdministrativeExpenses": 54129000,
    "otherExpenses": 7988000,
    "operatingExpenses": 62117000,
    "costAndExpenses": 253038000,
    "interestIncome": 284000,
    "interestExpense": 5572000,
    "depreciationAndAmortization": 24838000,
    "ebitda": 70850000,
    "ebitdaratio": 0.2381632687,
    "operatingIncome": 44447000,
    "operatingIncomeRatio": 0.1494092139,
    "totalOtherIncomeExpensesNet": -4007000,
    "incomeBeforeTax": 40440000,
    "incomeBeforeTaxRatio": 0.1359396272,
    "incomeTaxExpense": 6900000,
    "netIncome": 37313000,
    "netIncomeRatio": 0.1254281728,
    "eps": 0.57,
    "epsdiluted": 0.57,
    "weightedAverageShsOut": 64985522,
    "weightedAverageShsOutDil": 65462206,
    "link": "https://www.sec.gov/Archives/edgar/data/1100682/000104746909009499/0001047469-09-009499-index.htm",
    "finalLink": "https://www.sec.gov/Archives/edgar/data/1100682/000104746909009499/a2195197z10-q.htm"
  },
  {
    "date": "2009-06-27",
    "symbol": "CRL",
    "reportedCurrency": "USD",
    "cik": "0001100682",
    "fillingDate": "2009-08-05",
    "acceptedDate": "2009-08-05 15:46:30",
    "calendarYear": "2009",
    "period": "Q2",
    "revenue": 308159000,
    "costOfRevenue": 193696000,
    "grossProfit": 114463000,
    "grossProfitRatio": 0.3714413663,
    "researchAndDevelopmentExpenses": 0,
    "generalAndAdministrativeExpenses": 0,
    "sellingAndMarketingExpenses": 0,
    "sellingGeneralAndAdministrativeExpenses": 56582000,
    "otherExpenses": 7219000,
    "operatingExpenses": 63801000,
    "costAndExpenses": 257497000,
    "interestIncome": 409000,
    "interestExpense": 5351000,
    "depreciationAndAmortization": 22900000,
    "ebitda": 75536000,
    "ebitdaratio": 0.2451202139,
    "operatingIncome": 50662000,
    "operatingIncomeRatio": 0.164402143,
    "totalOtherIncomeExpensesNet": -3377000,
    "incomeBeforeTax": 47285000,
    "incomeBeforeTaxRatio": 0.1534435145,
    "incomeTaxExpense": 13630000,
    "netIncome": 34154000,
    "netIncomeRatio": 0.110832395,
    "eps": 0.53,
    "epsdiluted": 0.52,
    "weightedAverageShsOut": 65046023,
    "weightedAverageShsOutDil": 65222498,
    "link": "https://www.sec.gov/Archives/edgar/data/1100682/000104746909007229/0001047469-09-007229-index.htm",
    "finalLink": "https://www.sec.gov/Archives/edgar/data/1100682/000104746909007229/a2193907z10-q.htm"
  },
  {
    "date": "2009-03-28",
    "symbol": "CRL",
    "reportedCurrency": "USD",
    "cik": "0001100682",
    "fillingDate": "2009-05-06",
    "acceptedDate": "2009-05-06 14:47:33",
    "calendarYear": "2009",
    "period": "Q1",
    "revenue": 301526000,
    "costOfRevenue": 193306000,
    "grossProfit": 108220000,
    "grossProfitRatio": 0.3589076896,
    "researchAndDevelopmentExpenses": 0,
    "generalAndAdministrativeExpenses": 0,
    "sellingAndMarketingExpenses": 0,
    "sellingGeneralAndAdministrativeExpenses": 62178000,
    "otherExpenses": 6149000,
    "operatingExpenses": 68327000,
    "costAndExpenses": 261633000,
    "interestIncome": 629000,
    "interestExpense": 5233000,
    "depreciationAndAmortization": 21970000,
    "ebitda": 62230000,
    "ebitdaratio": 0.2063835291,
    "operatingIncome": 39893000,
    "operatingIncomeRatio": 0.1323036819,
    "totalOtherIncomeExpensesNet": -4866000,
    "incomeBeforeTax": 35027000,
    "incomeBeforeTaxRatio": 0.1161657701,
    "incomeTaxExpense": 10158000,
    "netIncome": 25405000,
    "netIncomeRatio": 0.0842547575,
    "eps": 0.39,
    "epsdiluted": 0.38,
    "weightedAverageShsOut": 65889835,
    "weightedAverageShsOutDil": 66020082,
    "link": "https://www.sec.gov/Archives/edgar/data/1100682/000104746909005113/0001047469-09-005113-index.htm",
    "finalLink": "https://www.sec.gov/Archives/edgar/data/1100682/000104746909005113/a2192812z10-q.htm"
  },
  {
    "date": "2008-12-27",
    "symbol": "CRL",
    "reportedCurrency": "USD",
    "cik": "0001100682",
    "fillingDate": "2009-02-23",
    "acceptedDate": "2009-02-23 17:11:30",
    "calendarYear": "2008",
    "period": "Q4",
    "revenue": 311447000,
    "costOfRevenue": 199372000,
    "grossProfit": 112075000,
    "grossProfitRatio": 0.3598525592,
    "researchAndDevelopmentExpenses": 0,
    "generalAndAdministrativeExpenses": 0,
    "sellingAndMarketingExpenses": 0,
    "sellingGeneralAndAdministrativeExpenses": 55339000,
    "otherExpenses": 707532000,
    "operatingExpenses": 762871000,
    "costAndExpenses": 962243000,
    "interestIncome": 1546000,
    "interestExpense": 710999000,
    "depreciationAndAmortization": 22893000,
    "ebitda": -625142000,
    "ebitdaratio": -2.0072179215,
    "operatingIncome": -650796000,
    "operatingIncomeRatio": -2.0895882767,
    "totalOtherIncomeExpensesNet": -5584000,
    "incomeBeforeTax": -656380000,
    "incomeBeforeTaxRatio": -2.1075174909,
    "incomeTaxExpense": 6279000,
    "netIncome": -661884000,
    "netIncomeRatio": -2.1251898397,
    "eps": -9.89,
    "epsdiluted": -9.86,
    "weightedAverageShsOut": 66954569,
    "weightedAverageShsOutDil": 67100000,
    "link": "https://www.sec.gov/Archives/edgar/data/1100682/000104746909001689/0001047469-09-001689-index.htm",
    "finalLink": "https://www.sec.gov/Archives/edgar/data/1100682/000104746909001689/a2190829z10-k.htm"
  },
  {
    "date": "2008-09-27",
    "symbol": "CRL",
    "reportedCurrency": "USD",
    "cik": "0001100682",
    "fillingDate": "2008-11-06",
    "acceptedDate": "2008-11-06 10:31:32",
    "calendarYear": "2008",
    "period": "Q3",
    "revenue": 342227000,
    "costOfRevenue": 211957000,
    "grossProfit": 130270000,
    "grossProfitRatio": 0.3806537766,
    "researchAndDevelopmentExpenses": 0,
    "generalAndAdministrativeExpenses": 0,
    "sellingAndMarketingExpenses": 0,
    "sellingGeneralAndAdministrativeExpenses": 54488000,
    "otherExpenses": 7609000,
    "operatingExpenses": 62097000,
    "costAndExpenses": 274054000,
    "interestIncome": 2299000,
    "interestExpense": 4089000,
    "depreciationAndAmortization": 22974000,
    "ebitda": 92049000,
    "ebitdaratio": 0.2689705955,
    "operatingIncome": 68173000,
    "operatingIncomeRatio": 0.1992040371,
    "totalOtherIncomeExpensesNet": -5052000,
    "incomeBeforeTax": 65524000,
    "incomeBeforeTaxRatio": 0.1914635607,
    "incomeTaxExpense": 20819000,
    "netIncome": 45488000,
    "netIncomeRatio": 0.1329176249,
    "eps": 0.68,
    "epsdiluted": 0.64,
    "weightedAverageShsOut": 67167827,
    "weightedAverageShsOutDil": 70924697,
    "link": "https://www.sec.gov/Archives/edgar/data/1100682/000104746908011704/0001047469-08-011704-index.htm",
    "finalLink": "https://www.sec.gov/Archives/edgar/data/1100682/000104746908011704/a2188880z10-q.htm"
  },
  {
    "date": "2008-06-28",
    "symbol": "CRL",
    "reportedCurrency": "USD",
    "cik": "0001100682",
    "fillingDate": "2008-08-06",
    "acceptedDate": "2008-08-06 10:45:02",
    "calendarYear": "2008",
    "period": "Q2",
    "revenue": 352134000,
    "costOfRevenue": 214147000,
    "grossProfit": 137987000,
    "grossProfitRatio": 0.391859349,
    "researchAndDevelopmentExpenses": 0,
    "generalAndAdministrativeExpenses": 0,
    "sellingAndMarketingExpenses": 0,
    "sellingGeneralAndAdministrativeExpenses": 61079000,
    "otherExpenses": 7600000,
    "operatingExpenses": 68679000,
    "costAndExpenses": 282826000,
    "interestIncome": 2057000,
    "interestExpense": 1483000,
    "depreciationAndAmortization": 23035000,
    "ebitda": 94133000,
    "ebitdaratio": 0.267321531,
    "operatingIncome": 69308000,
    "operatingIncomeRatio": 0.1968228004,
    "totalOtherIncomeExpensesNet": -3412000,
    "incomeBeforeTax": 67849000,
    "incomeBeforeTaxRatio": 0.1926794913,
    "incomeTaxExpense": 17920000,
    "netIncome": 49066000,
    "netIncomeRatio": 0.1393390016,
    "eps": 0.73,
    "epsdiluted": 0.7,
    "weightedAverageShsOut": 67328432,
    "weightedAverageShsOutDil": 70363643,
    "link": "https://www.sec.gov/Archives/edgar/data/1100682/000104746908008787/0001047469-08-008787-index.htm",
    "finalLink": "https://www.sec.gov/Archives/edgar/data/1100682/000104746908008787/a2187149z10-q.htm"
  },
  {
    "date": "2008-03-29",
    "symbol": "CRL",
    "reportedCurrency": "USD",
    "cik": "0001100682",
    "fillingDate": "2008-05-07",
    "acceptedDate": "2008-05-07 10:12:05",
    "calendarYear": "2008",
    "period": "Q1",
    "revenue": 337685000,
    "costOfRevenue": 207308000,
    "grossProfit": 130377000,
    "grossProfitRatio": 0.3860905874,
    "researchAndDevelopmentExpenses": 0,
    "generalAndAdministrativeExpenses": 0,
    "sellingAndMarketingExpenses": 0,
    "sellingGeneralAndAdministrativeExpenses": 59320000,
    "otherExpenses": 7571000,
    "operatingExpenses": 66891000,
    "costAndExpenses": 274199000,
    "interestIncome": 2789000,
    "interestExpense": 2257000,
    "depreciationAndAmortization": 22347000,
    "ebitda": 87785000,
    "ebitdaratio": 0.2599612064,
    "operatingIncome": 63486000,
    "operatingIncomeRatio": 0.1880036128,
    "totalOtherIncomeExpensesNet": -3247000,
    "incomeBeforeTax": 61997000,
    "incomeBeforeTaxRatio": 0.183594178,
    "incomeTaxExpense": 16926000,
    "netIncome": 44139000,
    "netIncomeRatio": 0.1307105735,
    "eps": 0.65,
    "epsdiluted": 0.63,
    "weightedAverageShsOut": 67504848,
    "weightedAverageShsOutDil": 70559456,
    "link": "https://www.sec.gov/Archives/edgar/data/1100682/000104746908006090/0001047469-08-006090-index.htm",
    "finalLink": "https://www.sec.gov/Archives/edgar/data/1100682/000104746908006090/a2185421z10-q.htm"
  },
  {
    "date": "2007-12-29",
    "symbol": "CRL",
    "reportedCurrency": "USD",
    "cik": "0001100682",
    "fillingDate": "2008-02-20",
    "acceptedDate": "2008-02-20 15:34:09",
    "calendarYear": "2007",
    "period": "Q4",
    "revenue": 318028000,
    "costOfRevenue": 200265000,
    "grossProfit": 117763000,
    "grossProfitRatio": 0.3702912951,
    "researchAndDevelopmentExpenses": 0,
    "generalAndAdministrativeExpenses": 0,
    "sellingAndMarketingExpenses": 0,
    "sellingGeneralAndAdministrativeExpenses": 56535000,
    "otherExpenses": 9094000,
    "operatingExpenses": 65629000,
    "costAndExpenses": 265894000,
    "interestIncome": 0,
    "interestExpense": 2710000,
    "depreciationAndAmortization": 23848000,
    "ebitda": 75982000,
    "ebitdaratio": 0.2389160703,
    "operatingIncome": 52134000,
    "operatingIncomeRatio": 0.1639289622,
    "totalOtherIncomeExpensesNet": -1006000,
    "incomeBeforeTax": 51128000,
    "incomeBeforeTaxRatio": 0.1607657187,
    "incomeTaxExpense": 12181000,
    "netIncome": 36910000,
    "netIncomeRatio": 0.1160589634,
    "eps": 0.52,
    "epsdiluted": 0.52,
    "weightedAverageShsOut": 67564787,
    "weightedAverageShsOutDil": 70500000,
    "link": "https://www.sec.gov/Archives/edgar/data/1100682/000104746908001507/0001047469-08-001507-index.htm",
    "finalLink": "https://www.sec.gov/Archives/edgar/data/1100682/000104746908001507/a2182759z10-k.htm"
  },
  {
    "date": "2007-09-29",
    "symbol": "CRL",
    "reportedCurrency": "USD",
    "cik": "0001100682",
    "fillingDate": "2007-11-08",
    "acceptedDate": "2007-11-08 13:48:07",
    "calendarYear": "2007",
    "period": "Q3",
    "revenue": 313964000,
    "costOfRevenue": 190065000,
    "grossProfit": 123899000,
    "grossProfitRatio": 0.3946280465,
    "researchAndDevelopmentExpenses": 0,
    "generalAndAdministrativeExpenses": 0,
    "sellingAndMarketingExpenses": 0,
    "sellingGeneralAndAdministrativeExpenses": 51847000,
    "otherExpenses": 8421000,
    "operatingExpenses": 60268000,
    "costAndExpenses": 250333000,
    "interestIncome": 2317000,
    "interestExpense": 4907000,
    "depreciationAndAmortization": 22587000,
    "ebitda": 86218000,
    "ebitdaratio": 0.2746111019,
    "operatingIncome": 63631000,
    "operatingIncomeRatio": 0.2026697328,
    "totalOtherIncomeExpensesNet": -3189000,
    "incomeBeforeTax": 60442000,
    "incomeBeforeTaxRatio": 0.1925125174,
    "incomeTaxExpense": 16808000,
    "netIncome": 42777000,
    "netIncomeRatio": 0.1362481049,
    "eps": 0.64,
    "epsdiluted": 0.62,
    "weightedAverageShsOut": 66839062,
    "weightedAverageShsOutDil": 68995161,
    "link": "https://www.sec.gov/Archives/edgar/data/1100682/000104746907008722/0001047469-07-008722-index.htm",
    "finalLink": "https://www.sec.gov/Archives/edgar/data/1100682/000104746907008722/a2180676z10-q.htm"
  },
  {
    "date": "2007-06-30",
    "symbol": "CRL",
    "reportedCurrency": "USD",
    "cik": "0001100682",
    "fillingDate": "2007-08-08",
    "acceptedDate": "2007-08-08 15:44:33",
    "calendarYear": "2007",
    "period": "Q2",
    "revenue": 307435000,
    "costOfRevenue": 186479000,
    "grossProfit": 120956000,
    "grossProfitRatio": 0.3934360109,
    "researchAndDevelopmentExpenses": 0,
    "generalAndAdministrativeExpenses": 0,
    "sellingAndMarketingExpenses": 0,
    "sellingGeneralAndAdministrativeExpenses": 56092000,
    "otherExpenses": 8139000,
    "operatingExpenses": 64231000,
    "costAndExpenses": 250710000,
    "interestIncome": 2304000,
    "interestExpense": 4737000,
    "depreciationAndAmortization": 21867000,
    "ebitda": 78592000,
    "ebitdaratio": 0.2556377771,
    "operatingIncome": 56725000,
    "operatingIncomeRatio": 0.1845105469,
    "totalOtherIncomeExpensesNet": -3664000,
    "incomeBeforeTax": 53061000,
    "incomeBeforeTaxRatio": 0.1725925805,
    "incomeTaxExpense": 15101000,
    "netIncome": 37956000,
    "netIncomeRatio": 0.1234602436,
    "eps": 0.57,
    "epsdiluted": 0.55,
    "weightedAverageShsOut": 66589474,
    "weightedAverageShsOutDil": 69010909,
    "link": "https://www.sec.gov/Archives/edgar/data/1100682/000110465907060200/0001104659-07-060200-index.htm",
    "finalLink": "https://www.sec.gov/Archives/edgar/data/1100682/000110465907060200/a07-19004_110q.htm"
  },
  {
    "date": "2007-03-31",
    "symbol": "CRL",
    "reportedCurrency": "USD",
    "cik": "0001100682",
    "fillingDate": "2007-05-09",
    "acceptedDate": "2007-05-09 15:34:14",
    "calendarYear": "2007",
    "period": "Q1",
    "revenue": 291199000,
    "costOfRevenue": 175626000,
    "grossProfit": 115573000,
    "grossProfitRatio": 0.3968866651,
    "researchAndDevelopmentExpenses": 0,
    "generalAndAdministrativeExpenses": 0,
    "sellingAndMarketingExpenses": 0,
    "sellingGeneralAndAdministrativeExpenses": 53017000,
    "otherExpenses": 7855000,
    "operatingExpenses": 60872000,
    "costAndExpenses": 236498000,
    "interestIncome": 2287000,
    "interestExpense": 2479000,
    "depreciationAndAmortization": 20614000,
    "ebitda": 75315000,
    "ebitdaratio": 0.258637564,
    "operatingIncome": 54701000,
    "operatingIncomeRatio": 0.1878474857,
    "totalOtherIncomeExpensesNet": -1910000,
    "incomeBeforeTax": 52791000,
    "incomeBeforeTaxRatio": 0.1812883973,
    "incomeTaxExpense": 15310000,
    "netIncome": 36763000,
    "netIncomeRatio": 0.1262469995,
    "eps": 0.55,
    "epsdiluted": 0.54,
    "weightedAverageShsOut": 66841818,
    "weightedAverageShsOutDil": 68079630,
    "link": "https://www.sec.gov/Archives/edgar/data/1100682/000110465907037512/0001104659-07-037512-index.htm",
    "finalLink": "https://www.sec.gov/Archives/edgar/data/1100682/000110465907037512/a07-10991_110q.htm"
  },
  {
    "date": "2006-12-30",
    "symbol": "CRL",
    "reportedCurrency": "USD",
    "cik": "0001100682",
    "fillingDate": "2007-02-27",
    "acceptedDate": "2007-02-27 15:51:34",
    "calendarYear": "2006",
    "period": "Q4",
    "revenue": 271725000,
    "costOfRevenue": 169995000,
    "grossProfit": 101730000,
    "grossProfitRatio": 0.3743858681,
    "researchAndDevelopmentExpenses": 0,
    "generalAndAdministrativeExpenses": 0,
    "sellingAndMarketingExpenses": 0,
    "sellingGeneralAndAdministrativeExpenses": 46819000,
    "otherExpenses": 9757000,
    "operatingExpenses": 56576000,
    "costAndExpenses": 226571000,
    "interestIncome": 0,
    "interestExpense": 0,
    "depreciationAndAmortization": 22535000,
    "ebitda": 67689000,
    "ebitdaratio": 0.2491084736,
    "operatingIncome": 45154000,
    "operatingIncomeRatio": 0.1661753611,
    "totalOtherIncomeExpensesNet": -685000,
    "incomeBeforeTax": 44469000,
    "incomeBeforeTaxRatio": 0.16365443,
    "incomeTaxExpense": 12568000,
    "netIncome": 35189000,
    "netIncomeRatio": 0.1295022541,
    "eps": 0.52,
    "epsdiluted": 0.52,
    "weightedAverageShsOut": 65536220,
    "weightedAverageShsOutDil": 67500000,
    "link": "https://www.sec.gov/Archives/edgar/data/1100682/000110465907014407/0001104659-07-014407-index.htm",
    "finalLink": "https://www.sec.gov/Archives/edgar/data/1100682/000110465907014407/a07-5140_110k.htm"
  },
  {
    "date": "2006-09-30",
    "symbol": "CRL",
    "reportedCurrency": "USD",
    "cik": "0001100682",
    "fillingDate": "2006-11-09",
    "acceptedDate": "2006-11-09 12:05:35",
    "calendarYear": "2006",
    "period": "Q3",
    "revenue": 264660000,
    "costOfRevenue": 162398000,
    "grossProfit": 102262000,
    "grossProfitRatio": 0.3863900854,
    "researchAndDevelopmentExpenses": 0,
    "generalAndAdministrativeExpenses": 0,
    "sellingAndMarketingExpenses": 0,
    "sellingGeneralAndAdministrativeExpenses": 41211000,
    "otherExpenses": 9130000,
    "operatingExpenses": 50341000,
    "costAndExpenses": 212739000,
    "interestIncome": 2503000,
    "interestExpense": 52993000,
    "depreciationAndAmortization": 21479000,
    "ebitda": 73400000,
    "ebitdaratio": 0.2773369606,
    "operatingIncome": 51921000,
    "operatingIncomeRatio": 0.1961800045,
    "totalOtherIncomeExpensesNet": -3859000,
    "incomeBeforeTax": 48062000,
    "incomeBeforeTaxRatio": 0.1815990327,
    "incomeTaxExpense": 15489000,
    "netIncome": -16606000,
    "netIncomeRatio": -0.0627446535,
    "eps": -0.25,
    "epsdiluted": -0.24,
    "weightedAverageShsOut": 66424000,
    "weightedAverageShsOutDil": 69191667,
    "link": "https://www.sec.gov/Archives/edgar/data/1100682/000110465906073347/0001104659-06-073347-index.htm",
    "finalLink": "https://www.sec.gov/Archives/edgar/data/1100682/000110465906073347/a06-21870_110q.htm"
  },
  {
    "date": "2006-07-01",
    "symbol": "CRL",
    "reportedCurrency": "USD",
    "cik": "0001100682",
    "fillingDate": "2006-08-10",
    "acceptedDate": "2006-08-10 15:04:07",
    "calendarYear": "2006",
    "period": "Q2",
    "revenue": 267859000,
    "costOfRevenue": 160749000,
    "grossProfit": 107110000,
    "grossProfitRatio": 0.3998745609,
    "researchAndDevelopmentExpenses": 0,
    "generalAndAdministrativeExpenses": 0,
    "sellingAndMarketingExpenses": 0,
    "sellingGeneralAndAdministrativeExpenses": 50031000,
    "otherExpenses": 9377000,
    "operatingExpenses": 59408000,
    "costAndExpenses": 220157000,
    "interestIncome": 957000,
    "interestExpense": 12819000,
    "depreciationAndAmortization": 21086000,
    "ebitda": 68788000,
    "ebitdaratio": 0.2568067528,
    "operatingIncome": 47702000,
    "operatingIncomeRatio": 0.1780862319,
    "totalOtherIncomeExpensesNet": -4397000,
    "incomeBeforeTax": 43305000,
    "incomeBeforeTaxRatio": 0.1616708791,
    "incomeTaxExpense": 9870000,
    "netIncome": 25749000,
    "netIncomeRatio": 0.0961289335,
    "eps": 0.36,
    "epsdiluted": 0.36,
    "weightedAverageShsOut": 71525000,
    "weightedAverageShsOutDil": 71525000,
    "link": "https://www.sec.gov/Archives/edgar/data/1100682/000110465906053570/0001104659-06-053570-index.htm",
    "finalLink": "https://www.sec.gov/Archives/edgar/data/1100682/000110465906053570/a06-15554_110q.htm"
  },
  {
    "date": "2006-04-01",
    "symbol": "CRL",
    "reportedCurrency": "USD",
    "cik": "0001100682",
    "fillingDate": "2006-05-10",
    "acceptedDate": "2006-05-10 17:09:34",
    "calendarYear": "2006",
    "period": "Q1",
    "revenue": 283769000,
    "costOfRevenue": 158636000,
    "grossProfit": 95505000,
    "grossProfitRatio": 0.3365589617,
    "researchAndDevelopmentExpenses": 0,
    "generalAndAdministrativeExpenses": 0,
    "sellingAndMarketingExpenses": 0,
    "sellingGeneralAndAdministrativeExpenses": 42734000,
    "otherExpenses": 137735000,
    "operatingExpenses": 180469000,
    "costAndExpenses": 339105000,
    "interestIncome": 852000,
    "interestExpense": 132061000,
    "depreciationAndAmortization": 20030000,
    "ebitda": -64934000,
    "ebitdaratio": -0.2288269684,
    "operatingIncome": -84964000,
    "operatingIncomeRatio": -0.2994125503,
    "totalOtherIncomeExpensesNet": 125692000,
    "incomeBeforeTax": -87674000,
    "incomeBeforeTaxRatio": -0.3089625717,
    "incomeTaxExpense": 12039000,
    "netIncome": -100115000,
    "netIncomeRatio": -0.3528045699,
    "eps": -1.4,
    "epsdiluted": -1.37,
    "weightedAverageShsOut": 71505478,
    "weightedAverageShsOutDil": 72890237,
    "link": "https://www.sec.gov/Archives/edgar/data/1100682/000110465906033414/0001104659-06-033414-index.htm",
    "finalLink": "https://www.sec.gov/Archives/edgar/data/1100682/000110465906033414/a06-9688_210q.htm"
  },
  {
    "date": "2005-12-31",
    "symbol": "CRL",
    "reportedCurrency": "USD",
    "cik": "0001100682",
    "fillingDate": "2006-03-14",
    "acceptedDate": "2006-03-14 14:20:50",
    "calendarYear": "2005",
    "period": "Q4",
    "revenue": 291155000,
    "costOfRevenue": 185610000,
    "grossProfit": 105545000,
    "grossProfitRatio": 0.3625045079,
    "researchAndDevelopmentExpenses": 0,
    "generalAndAdministrativeExpenses": 0,
    "sellingAndMarketingExpenses": 0,
    "sellingGeneralAndAdministrativeExpenses": 54099000,
    "otherExpenses": 15170000,
    "operatingExpenses": 69269000,
    "costAndExpenses": 254879000,
    "interestIncome": 1960000,
    "interestExpense": 4387000,
    "depreciationAndAmortization": 26946000,
    "ebitda": 63222000,
    "ebitdaratio": 0.2171420721,
    "operatingIncome": 36276000,
    "operatingIncomeRatio": 0.1245934296,
    "totalOtherIncomeExpensesNet": -4797000,
    "incomeBeforeTax": 31479000,
    "incomeBeforeTaxRatio": 0.1081176693,
    "incomeTaxExpense": -19332000,
    "netIncome": 50418000,
    "netIncomeRatio": 0.173165496,
    "eps": 0.69,
    "epsdiluted": 0.69,
    "weightedAverageShsOut": 71855728,
    "weightedAverageShsOutDil": 73400000,
    "link": "https://www.sec.gov/Archives/edgar/data/1100682/000110465906016438/0001104659-06-016438-index.htm",
    "finalLink": "https://www.sec.gov/Archives/edgar/data/1100682/000110465906016438/a06-2532_110k.htm"
  },
  {
    "date": "2005-09-24",
    "symbol": "CRL",
    "reportedCurrency": "USD",
    "cik": "0001100682",
    "fillingDate": "2005-10-28",
    "acceptedDate": "2005-10-28 16:05:55",
    "calendarYear": "2005",
    "period": "Q3",
    "revenue": 273938000,
    "costOfRevenue": 167145000,
    "grossProfit": 106793000,
    "grossProfitRatio": 0.3898436873,
    "researchAndDevelopmentExpenses": 0,
    "generalAndAdministrativeExpenses": 0,
    "sellingAndMarketingExpenses": 0,
    "sellingGeneralAndAdministrativeExpenses": 42978000,
    "otherExpenses": 14321000,
    "operatingExpenses": 57299000,
    "costAndExpenses": 224444000,
    "interestIncome": 982000,
    "interestExpense": 5326000,
    "depreciationAndAmortization": 32619000,
    "ebitda": 82113000,
    "ebitdaratio": 0.2997503085,
    "operatingIncome": 49494000,
    "operatingIncomeRatio": 0.1806759194,
    "totalOtherIncomeExpensesNet": -4295000,
    "incomeBeforeTax": 45199000,
    "incomeBeforeTaxRatio": 0.1649971891,
    "incomeTaxExpense": 12588000,
    "netIncome": 32073000,
    "netIncomeRatio": 0.1170812374,
    "eps": 0.45,
    "epsdiluted": 0.44,
    "weightedAverageShsOut": 71273333,
    "weightedAverageShsOutDil": 72893182,
    "link": "https://www.sec.gov/Archives/edgar/data/1100682/000110465905050955/0001104659-05-050955-index.htm",
    "finalLink": "https://www.sec.gov/Archives/edgar/data/1100682/000110465905050955/a05-18464_110q.htm"
  },
  {
    "date": "2005-06-25",
    "symbol": "CRL",
    "reportedCurrency": "USD",
    "cik": "0001100682",
    "fillingDate": "2005-07-29",
    "acceptedDate": "2005-07-29 12:18:22",
    "calendarYear": "2005",
    "period": "Q2",
    "revenue": 283413000,
    "costOfRevenue": 149286000,
    "grossProfit": 101604000,
    "grossProfitRatio": 0.3585015507,
    "researchAndDevelopmentExpenses": 0,
    "generalAndAdministrativeExpenses": 0,
    "sellingAndMarketingExpenses": 0,
    "sellingGeneralAndAdministrativeExpenses": 41070000,
    "otherExpenses": 11476000,
    "operatingExpenses": 52546000,
    "costAndExpenses": 201832000,
    "interestIncome": 0,
    "interestExpense": 5873000,
    "depreciationAndAmortization": 19001000,
    "ebitda": 68059000,
    "ebitdaratio": 0.2401407134,
    "operatingIncome": 49058000,
    "operatingIncomeRatio": 0.1730972115,
    "totalOtherIncomeExpensesNet": -5404000,
    "incomeBeforeTax": 44742000,
    "incomeBeforeTaxRatio": 0.1578685523,
    "incomeTaxExpense": 12460000,
    "netIncome": 31860000,
    "netIncomeRatio": 0.1124154502,
    "eps": 0.46,
    "epsdiluted": 0.44,
    "weightedAverageShsOut": 69260870,
    "weightedAverageShsOutDil": 72409091,
    "link": "https://www.sec.gov/Archives/edgar/data/1100682/000110465905035021/0001104659-05-035021-index.htm",
    "finalLink": "https://www.sec.gov/Archives/edgar/data/1100682/000110465905035021/a05-13601_110q.htm"
  },
  {
    "date": "2005-03-26",
    "symbol": "CRL",
    "reportedCurrency": "USD",
    "cik": "0001100682",
    "fillingDate": "2005-05-04",
    "acceptedDate": "2005-05-04 16:17:07",
    "calendarYear": "2005",
    "period": "Q1",
    "revenue": 273722000,
    "costOfRevenue": 169111000,
    "grossProfit": 104611000,
    "grossProfitRatio": 0.3821797298,
    "researchAndDevelopmentExpenses": 0,
    "generalAndAdministrativeExpenses": 0,
    "sellingAndMarketingExpenses": 0,
    "sellingGeneralAndAdministrativeExpenses": 44852000,
    "otherExpenses": 14363000,
    "operatingExpenses": 59215000,
    "costAndExpenses": 228326000,
    "interestIncome": 987000,
    "interestExpense": 7032000,
    "depreciationAndAmortization": 26071000,
    "ebitda": 71467000,
    "ebitdaratio": 0.2610933721,
    "operatingIncome": 45396000,
    "operatingIncomeRatio": 0.1658471003,
    "totalOtherIncomeExpensesNet": -6403000,
    "incomeBeforeTax": 38993000,
    "incomeBeforeTaxRatio": 0.1424547534,
    "incomeTaxExpense": 10860000,
    "netIncome": 27648000,
    "netIncomeRatio": 0.1010075916,
    "eps": 0.42,
    "epsdiluted": 0.4,
    "weightedAverageShsOut": 65876099,
    "weightedAverageShsOutDil": 72526888,
    "link": "https://www.sec.gov/Archives/edgar/data/1100682/000104746905013148/0001047469-05-013148-index.htm",
    "finalLink": "https://www.sec.gov/Archives/edgar/data/1100682/000104746905013148/a2157182z10-q.htm"
  },
  {
    "date": "2004-12-25",
    "symbol": "CRL",
    "reportedCurrency": "USD",
    "cik": "0001100682",
    "fillingDate": "2005-03-14",
    "acceptedDate": "2005-03-14 09:56:11",
    "calendarYear": "2004",
    "period": "Q4",
    "revenue": 238061000,
    "costOfRevenue": 152341000,
    "grossProfit": 85720000,
    "grossProfitRatio": 0.3600757789,
    "researchAndDevelopmentExpenses": 0,
    "generalAndAdministrativeExpenses": 0,
    "sellingAndMarketingExpenses": 0,
    "sellingGeneralAndAdministrativeExpenses": 39287000,
    "otherExpenses": 13204000,
    "operatingExpenses": 52491000,
    "costAndExpenses": 204832000,
    "interestIncome": 1775000,
    "interestExpense": 3302000,
    "depreciationAndAmortization": 23374000,
    "ebitda": 56603000,
    "ebitdaratio": 0.2377667909,
    "operatingIncome": 33229000,
    "operatingIncomeRatio": 0.1395818719,
    "totalOtherIncomeExpensesNet": -3893000,
    "incomeBeforeTax": 29336000,
    "incomeBeforeTaxRatio": 0.1232289203,
    "incomeTaxExpense": 9171000,
    "netIncome": 20077000,
    "netIncomeRatio": 0.0843355274,
    "eps": 0.3,
    "epsdiluted": 0.3,
    "weightedAverageShsOut": 67000000,
    "weightedAverageShsOutDil": 67000000,
    "link": "https://www.sec.gov/Archives/edgar/data/1100682/000104746905006307/0001047469-05-006307-index.htm",
    "finalLink": "https://www.sec.gov/Archives/edgar/data/1100682/000104746905006307/a2153599z10-ka.htm"
  },
  {
    "date": "2004-09-25",
    "symbol": "CRL",
    "reportedCurrency": "USD",
    "cik": "0001100682",
    "fillingDate": "2004-11-01",
    "acceptedDate": "2004-11-01 17:14:49",
    "calendarYear": "2004",
    "period": "Q3",
    "revenue": 176026000,
    "costOfRevenue": 106629000,
    "grossProfit": 69397000,
    "grossProfitRatio": 0.3942428959,
    "researchAndDevelopmentExpenses": 0,
    "generalAndAdministrativeExpenses": 0,
    "sellingAndMarketingExpenses": 0,
    "sellingGeneralAndAdministrativeExpenses": 24821000,
    "otherExpenses": 1202000,
    "operatingExpenses": 26023000,
    "costAndExpenses": 132652000,
    "interestIncome": 0,
    "interestExpense": 1861000,
    "depreciationAndAmortization": 8483000,
    "ebitda": 51857000,
    "ebitdaratio": 0.2945985252,
    "operatingIncome": 43374000,
    "operatingIncomeRatio": 0.2464067808,
    "totalOtherIncomeExpensesNet": -1307000,
    "incomeBeforeTax": 42067000,
    "incomeBeforeTaxRatio": 0.2389817413,
    "incomeTaxExpense": 15775000,
    "netIncome": 25821000,
    "netIncomeRatio": 0.1466885574,
    "eps": 0.56,
    "epsdiluted": 0.51,
    "weightedAverageShsOut": 46108929,
    "weightedAverageShsOutDil": 50629412,
    "link": "https://www.sec.gov/Archives/edgar/data/1100682/000104746904032810/0001047469-04-032810-index.htm",
    "finalLink": "https://www.sec.gov/Archives/edgar/data/1100682/000104746904032810/a2145585z10-q.htm"
  },
  {
    "date": "2004-06-26",
    "symbol": "CRL",
    "reportedCurrency": "USD",
    "cik": "0001100682",
    "fillingDate": "2004-08-04",
    "acceptedDate": "2004-08-04 11:31:20",
    "calendarYear": "2004",
    "period": "Q2",
    "revenue": 180193000,
    "costOfRevenue": 105572000,
    "grossProfit": 74621000,
    "grossProfitRatio": 0.4141170856,
    "researchAndDevelopmentExpenses": 0,
    "generalAndAdministrativeExpenses": 0,
    "sellingAndMarketingExpenses": 0,
    "sellingGeneralAndAdministrativeExpenses": 29220000,
    "otherExpenses": 1198000,
    "operatingExpenses": 30418000,
    "costAndExpenses": 135990000,
    "interestIncome": 809000,
    "interestExpense": 1918000,
    "depreciationAndAmortization": 8139000,
    "ebitda": 52342000,
    "ebitdaratio": 0.2904774325,
    "operatingIncome": 44203000,
    "operatingIncomeRatio": 0.2453091963,
    "totalOtherIncomeExpensesNet": -1383000,
    "incomeBeforeTax": 42820000,
    "incomeBeforeTaxRatio": 0.2376340923,
    "incomeTaxExpense": 16058000,
    "netIncome": 26300000,
    "netIncomeRatio": 0.1459546153,
    "eps": 0.57,
    "epsdiluted": 0.52,
    "weightedAverageShsOut": 46140351,
    "weightedAverageShsOutDil": 50576923,
    "link": "https://www.sec.gov/Archives/edgar/data/1100682/000104746904025263/0001047469-04-025263-index.htm",
    "finalLink": "https://www.sec.gov/Archives/edgar/data/1100682/000104746904025263/a2140961z10-q.htm"
  },
  {
    "date": "2004-03-27",
    "symbol": "CRL",
    "reportedCurrency": "USD",
    "cik": "0001100682",
    "fillingDate": "2004-04-29",
    "acceptedDate": "2004-04-29 16:50:33",
    "calendarYear": "2004",
    "period": "Q1",
    "revenue": 172637000,
    "costOfRevenue": 103809000,
    "grossProfit": 68828000,
    "grossProfitRatio": 0.3986862608,
    "researchAndDevelopmentExpenses": 0,
    "generalAndAdministrativeExpenses": 0,
    "sellingAndMarketingExpenses": 0,
    "sellingGeneralAndAdministrativeExpenses": 28120000,
    "otherExpenses": 1191000,
    "operatingExpenses": 29311000,
    "costAndExpenses": 133120000,
    "interestIncome": 701000,
    "interestExpense": 1571000,
    "depreciationAndAmortization": 8180000,
    "ebitda": 47697000,
    "ebitdaratio": 0.2762849215,
    "operatingIncome": 39517000,
    "operatingIncomeRatio": 0.2289022631,
    "totalOtherIncomeExpensesNet": -1215000,
    "incomeBeforeTax": 38302000,
    "incomeBeforeTaxRatio": 0.2218643744,
    "incomeTaxExpense": 20152000,
    "netIncome": 17594000,
    "netIncomeRatio": 0.1019132631,
    "eps": 0.38,
    "epsdiluted": 0.36,
    "weightedAverageShsOut": 45855115,
    "weightedAverageShsOutDil": 52133240,
    "link": "https://www.sec.gov/Archives/edgar/data/1100682/000104746904014433/0001047469-04-014433-index.htm",
    "finalLink": "https://www.sec.gov/Archives/edgar/data/1100682/000104746904014433/a2134736z10-q.htm"
  },
  {
    "date": "2003-12-27",
    "symbol": "CRL",
    "reportedCurrency": "USD",
    "cik": "0001100682",
    "fillingDate": "2004-04-12",
    "acceptedDate": "2004-04-12 10:13:30",
    "calendarYear": "2003",
    "period": "Q4",
    "revenue": 156040000,
    "costOfRevenue": 96434000,
    "grossProfit": 59606000,
    "grossProfitRatio": 0.381991797,
    "researchAndDevelopmentExpenses": 0,
    "generalAndAdministrativeExpenses": 0,
    "sellingAndMarketingExpenses": 0,
    "sellingGeneralAndAdministrativeExpenses": 23745000,
    "otherExpenses": 418000,
    "operatingExpenses": 24163000,
    "costAndExpenses": 120597000,
    "interestIncome": 1774000,
    "interestExpense": 583000,
    "depreciationAndAmortization": 8839000,
    "ebitda": 44282000,
    "ebitdaratio": 0.2837862087,
    "operatingIncome": 35443000,
    "operatingIncomeRatio": 0.2271404768,
    "totalOtherIncomeExpensesNet": -1345000,
    "incomeBeforeTax": 34098000,
    "incomeBeforeTaxRatio": 0.2185208921,
    "incomeTaxExpense": 13128000,
    "netIncome": 20645000,
    "netIncomeRatio": 0.132305819,
    "eps": 0.4,
    "epsdiluted": 0.4,
    "weightedAverageShsOut": 51500000,
    "weightedAverageShsOutDil": 51500000,
    "link": "https://www.sec.gov/Archives/edgar/data/1100682/000104746904011557/0001047469-04-011557-index.htm",
    "finalLink": "https://www.sec.gov/Archives/edgar/data/1100682/000104746904011557/a2133215z10-ka.htm"
  },
  {
    "date": "2003-09-27",
    "symbol": "CRL",
    "reportedCurrency": "USD",
    "cik": "0001100682",
    "fillingDate": "2003-10-30",
    "acceptedDate": "2003-10-30 14:17:49",
    "calendarYear": "2003",
    "period": "Q3",
    "revenue": 151194000,
    "costOfRevenue": 94702000,
    "grossProfit": 56492000,
    "grossProfitRatio": 0.3736391656,
    "researchAndDevelopmentExpenses": 0,
    "generalAndAdministrativeExpenses": 0,
    "sellingAndMarketingExpenses": 0,
    "sellingGeneralAndAdministrativeExpenses": 21003000,
    "otherExpenses": 1233000,
    "operatingExpenses": 22236000,
    "costAndExpenses": 116938000,
    "interestIncome": 451000,
    "interestExpense": 2102000,
    "depreciationAndAmortization": 7650000,
    "ebitda": 41906000,
    "ebitdaratio": 0.2771670833,
    "operatingIncome": 34256000,
    "operatingIncomeRatio": 0.2265698374,
    "totalOtherIncomeExpensesNet": -1695000,
    "incomeBeforeTax": 32561000,
    "incomeBeforeTaxRatio": 0.2153590751,
    "incomeTaxExpense": 12536000,
    "netIncome": 19591000,
    "netIncomeRatio": 0.1295752477,
    "eps": 0.43,
    "epsdiluted": 0.4,
    "weightedAverageShsOut": 45560465,
    "weightedAverageShsOutDil": 48977500,
    "link": "https://www.sec.gov/Archives/edgar/data/1100682/000104746903035043/0001047469-03-035043-index.htm",
    "finalLink": "https://www.sec.gov/Archives/edgar/data/1100682/000104746903035043/a2121209z10-q.htm"
  },
  {
    "date": "2003-06-28",
    "symbol": "CRL",
    "reportedCurrency": "USD",
    "cik": "0001100682",
    "fillingDate": "2003-07-31",
    "acceptedDate": "2003-07-31 11:12:03",
    "calendarYear": "2003",
    "period": "Q2",
    "revenue": 154364000,
    "costOfRevenue": 94779000,
    "grossProfit": 59585000,
    "grossProfitRatio": 0.3860032132,
    "researchAndDevelopmentExpenses": 0,
    "generalAndAdministrativeExpenses": 0,
    "sellingAndMarketingExpenses": 0,
    "sellingGeneralAndAdministrativeExpenses": 23349000,
    "otherExpenses": 1230000,
    "operatingExpenses": 24579000,
    "costAndExpenses": 119358000,
    "interestIncome": 457000,
    "interestExpense": 1026000,
    "depreciationAndAmortization": 7452000,
    "ebitda": 42458000,
    "ebitdaratio": 0.2750511777,
    "operatingIncome": 35006000,
    "operatingIncomeRatio": 0.2267756731,
    "totalOtherIncomeExpensesNet": -1279000,
    "incomeBeforeTax": 33727000,
    "incomeBeforeTaxRatio": 0.2184900624,
    "incomeTaxExpense": 12985000,
    "netIncome": 20561000,
    "netIncomeRatio": 0.133198155,
    "eps": 0.45,
    "epsdiluted": 0.42,
    "weightedAverageShsOut": 45691111,
    "weightedAverageShsOutDil": 48954762,
    "link": "https://www.sec.gov/Archives/edgar/data/1100682/000104746903025647/0001047469-03-025647-index.htm",
    "finalLink": "https://www.sec.gov/Archives/edgar/data/1100682/000104746903025647/a2115471z10-q.htm"
  },
  {
    "date": "2003-03-29",
    "symbol": "CRL",
    "reportedCurrency": "USD",
    "cik": "0001100682",
    "fillingDate": "2003-05-05",
    "acceptedDate": "2003-05-05 16:56:57",
    "calendarYear": "2003",
    "period": "Q1",
    "revenue": 152125000,
    "costOfRevenue": 94143000,
    "grossProfit": 57982000,
    "grossProfitRatio": 0.381147083,
    "researchAndDevelopmentExpenses": 0,
    "generalAndAdministrativeExpenses": 0,
    "sellingAndMarketingExpenses": 0,
    "sellingGeneralAndAdministrativeExpenses": 22886000,
    "otherExpenses": 1248000,
    "operatingExpenses": 24134000,
    "costAndExpenses": 118277000,
    "interestIncome": 454000,
    "interestExpense": 2098000,
    "depreciationAndAmortization": 7180000,
    "ebitda": 41028000,
    "ebitdaratio": 0.2696992605,
    "operatingIncome": 33848000,
    "operatingIncomeRatio": 0.2225012325,
    "totalOtherIncomeExpensesNet": -1604000,
    "incomeBeforeTax": 32244000,
    "incomeBeforeTaxRatio": 0.211957272,
    "incomeTaxExpense": 12414000,
    "netIncome": 19354000,
    "netIncomeRatio": 0.1272243221,
    "eps": 0.43,
    "epsdiluted": 0.4,
    "weightedAverageShsOut": 45178566,
    "weightedAverageShsOutDil": 51201008,
    "link": "https://www.sec.gov/Archives/edgar/data/1100682/000104746903017003/0001047469-03-017003-index.htm",
    "finalLink": "https://www.sec.gov/Archives/edgar/data/1100682/000104746903017003/a2110098z10-q.htm"
  },
  {
    "date": "2002-12-28",
    "symbol": "CRL",
    "reportedCurrency": "USD",
    "cik": "0001100682",
    "fillingDate": "2003-03-20",
    "acceptedDate": "2003-03-20 17:15:13",
    "calendarYear": "2002",
    "period": "Q4",
    "revenue": 142944000,
    "costOfRevenue": 89795000,
    "grossProfit": 53149000,
    "grossProfitRatio": 0.3718169353,
    "researchAndDevelopmentExpenses": 0,
    "generalAndAdministrativeExpenses": 0,
    "sellingAndMarketingExpenses": 0,
    "sellingGeneralAndAdministrativeExpenses": 20974000,
    "otherExpenses": 1220000,
    "operatingExpenses": 22194000,
    "costAndExpenses": 111989000,
    "interestIncome": 0,
    "interestExpense": 1870000,
    "depreciationAndAmortization": 6901000,
    "ebitda": 37856000,
    "ebitdaratio": 0.2648309828,
    "operatingIncome": 30955000,
    "operatingIncomeRatio": 0.2165533356,
    "totalOtherIncomeExpensesNet": -1377000,
    "incomeBeforeTax": 29578000,
    "incomeBeforeTaxRatio": 0.2069201925,
    "incomeTaxExpense": 11387000,
    "netIncome": 17505000,
    "netIncomeRatio": 0.122460544,
    "eps": 0.31,
    "epsdiluted": 0.31,
    "weightedAverageShsOut": 56800000,
    "weightedAverageShsOutDil": 56800000,
    "link": "https://www.sec.gov/Archives/edgar/data/1100682/000104746903009461/0001047469-03-009461-index.htm",
    "finalLink": "https://www.sec.gov/Archives/edgar/data/1100682/000104746903009461/a2105667z10-k.htm"
  },
  {
    "date": "2002-09-28",
    "symbol": "CRL",
    "reportedCurrency": "USD",
    "cik": "0001100682",
    "fillingDate": "2002-10-31",
    "acceptedDate": "2002-10-31 16:38:04",
    "calendarYear": "2002",
    "period": "Q3",
    "revenue": 141364000,
    "costOfRevenue": 87889000,
    "grossProfit": 53475000,
    "grossProfitRatio": 0.3782787697,
    "researchAndDevelopmentExpenses": 0,
    "generalAndAdministrativeExpenses": 0,
    "sellingAndMarketingExpenses": 0,
    "sellingGeneralAndAdministrativeExpenses": 20023000,
    "otherExpenses": 933000,
    "operatingExpenses": 20956000,
    "costAndExpenses": 108845000,
    "interestIncome": 427000,
    "interestExpense": 2995000,
    "depreciationAndAmortization": 6839000,
    "ebitda": 39358000,
    "ebitdaratio": 0.2784160041,
    "operatingIncome": 32519000,
    "operatingIncomeRatio": 0.2300373504,
    "totalOtherIncomeExpensesNet": -1910000,
    "incomeBeforeTax": 30609000,
    "incomeBeforeTaxRatio": 0.2165261311,
    "incomeTaxExpense": 11041000,
    "netIncome": 18531000,
    "netIncomeRatio": 0.1310871226,
    "eps": 0.41,
    "epsdiluted": 0.38,
    "weightedAverageShsOut": 45197561,
    "weightedAverageShsOutDil": 48765789,
    "link": "https://www.sec.gov/Archives/edgar/data/1100682/000091205702040526/0000912057-02-040526-index.htm",
    "finalLink": "https://www.sec.gov/Archives/edgar/data/1100682/000091205702040526/a2092413z10-q.htm"
  },
  {
    "date": "2002-06-29",
    "symbol": "CRL",
    "reportedCurrency": "USD",
    "cik": "0001100682",
    "fillingDate": "2002-08-12",
    "acceptedDate": "2002-08-12 14:03:02",
    "calendarYear": "2002",
    "period": "Q2",
    "revenue": 136501000,
    "costOfRevenue": 84101000,
    "grossProfit": 52400000,
    "grossProfitRatio": 0.3838799716,
    "researchAndDevelopmentExpenses": 0,
    "generalAndAdministrativeExpenses": 0,
    "sellingAndMarketingExpenses": 0,
    "sellingGeneralAndAdministrativeExpenses": 21387000,
    "otherExpenses": 631000,
    "operatingExpenses": 22018000,
    "costAndExpenses": 106119000,
    "interestIncome": 697000,
    "interestExpense": 1475000,
    "depreciationAndAmortization": 6179000,
    "ebitda": 36561000,
    "ebitdaratio": 0.2678441916,
    "operatingIncome": 30382000,
    "operatingIncomeRatio": 0.222577124,
    "totalOtherIncomeExpensesNet": -1101000,
    "incomeBeforeTax": 29281000,
    "incomeBeforeTaxRatio": 0.214511249,
    "incomeTaxExpense": 11419000,
    "netIncome": 16328000,
    "netIncomeRatio": 0.1196181713,
    "eps": 0.37,
    "epsdiluted": 0.34,
    "weightedAverageShsOut": 44129730,
    "weightedAverageShsOutDil": 48023529,
    "link": "https://www.sec.gov/Archives/edgar/data/1100682/000091205702031088/0000912057-02-031088-index.htm",
    "finalLink": "https://www.sec.gov/Archives/edgar/data/1100682/000091205702031088/a2085727z10-q.htm"
  },
  {
    "date": "2002-03-30",
    "symbol": "CRL",
    "reportedCurrency": "USD",
    "cik": "0001100682",
    "fillingDate": "2002-05-09",
    "acceptedDate": "2002-05-09 16:13:12",
    "calendarYear": "2002",
    "period": "Q1",
    "revenue": 133820000,
    "costOfRevenue": 83861000,
    "grossProfit": 49959000,
    "grossProfitRatio": 0.3733298461,
    "researchAndDevelopmentExpenses": 0,
    "generalAndAdministrativeExpenses": 0,
    "sellingAndMarketingExpenses": 0,
    "sellingGeneralAndAdministrativeExpenses": 20919000,
    "otherExpenses": 630000,
    "operatingExpenses": 21549000,
    "costAndExpenses": 105410000,
    "interestIncome": 513000,
    "interestExpense": 21000000,
    "depreciationAndAmortization": 5808000,
    "ebitda": 34218000,
    "ebitdaratio": 0.2557016888,
    "operatingIncome": 28410000,
    "operatingIncomeRatio": 0.2123001046,
    "totalOtherIncomeExpensesNet": -3475000,
    "incomeBeforeTax": 24935000,
    "incomeBeforeTaxRatio": 0.1863323868,
    "incomeTaxExpense": 9725000,
    "netIncome": -2232000,
    "netIncomeRatio": -0.0166791212,
    "eps": -0.0504,
    "epsdiluted": -0.0451,
    "weightedAverageShsOut": 44254895,
    "weightedAverageShsOutDil": 49537371,
    "link": "https://www.sec.gov/Archives/edgar/data/1100682/000091205702019311/0000912057-02-019311-index.htm",
    "finalLink": "https://www.sec.gov/Archives/edgar/data/1100682/000091205702019311/a2078796z10-q.htm"
  },
  {
    "date": "2001-12-29",
    "symbol": "CRL",
    "reportedCurrency": "USD",
    "cik": "0001100682",
    "fillingDate": "2002-03-27",
    "acceptedDate": "2002-03-27 00:00:00",
    "calendarYear": "2001",
    "period": "Q4",
    "revenue": 126094000,
    "costOfRevenue": 82486000,
    "grossProfit": 43608000,
    "grossProfitRatio": 0.3458372325,
    "researchAndDevelopmentExpenses": 0,
    "generalAndAdministrativeExpenses": 0,
    "sellingAndMarketingExpenses": 0,
    "sellingGeneralAndAdministrativeExpenses": 18554000,
    "otherExpenses": 2649000,
    "operatingExpenses": 21203000,
    "costAndExpenses": 103689000,
    "interestIncome": 787000,
    "interestExpense": 6300000,
    "depreciationAndAmortization": 8261000,
    "ebitda": 30666000,
    "ebitdaratio": 0.2431995178,
    "operatingIncome": 22405000,
    "operatingIncomeRatio": 0.1776849017,
    "totalOtherIncomeExpensesNet": -3925000,
    "incomeBeforeTax": 18480000,
    "incomeBeforeTaxRatio": 0.1465573302,
    "incomeTaxExpense": 7204000,
    "netIncome": 8917000,
    "netIncomeRatio": 0.0707170841,
    "eps": 0.19,
    "epsdiluted": 0.19,
    "weightedAverageShsOut": 44822756,
    "weightedAverageShsOutDil": 46400000,
    "link": "https://www.sec.gov/Archives/edgar/data/1100682/000091205702011938/0000912057-02-011938-index.htm",
    "finalLink": "https://www.sec.gov/Archives/edgar/data/1100682/000091205702011938/a2073028z10-k.htm"
  },
  {
    "date": "2001-09-29",
    "symbol": "CRL",
    "reportedCurrency": "USD",
    "cik": "0001100682",
    "fillingDate": "2001-11-05",
    "acceptedDate": "2001-11-05 00:00:00",
    "calendarYear": "2001",
    "period": "Q3",
    "revenue": 123685000,
    "costOfRevenue": 80474000,
    "grossProfit": 43211000,
    "grossProfitRatio": 0.3493633019,
    "researchAndDevelopmentExpenses": 0,
    "generalAndAdministrativeExpenses": 0,
    "sellingAndMarketingExpenses": 0,
    "sellingGeneralAndAdministrativeExpenses": 17016000,
    "otherExpenses": 2183000,
    "operatingExpenses": 19199000,
    "costAndExpenses": 99673000,
    "interestIncome": 360000,
    "interestExpense": 6731000,
    "depreciationAndAmortization": 7480000,
    "ebitda": 31492000,
    "ebitdaratio": 0.254614545,
    "operatingIncome": 24012000,
    "operatingIncomeRatio": 0.1941383353,
    "totalOtherIncomeExpensesNet": -5013000,
    "incomeBeforeTax": 18999000,
    "incomeBeforeTaxRatio": 0.1536079557,
    "incomeTaxExpense": 6677000,
    "netIncome": 10521000,
    "netIncomeRatio": 0.0850628613,
    "eps": 0.24,
    "epsdiluted": 0.23,
    "weightedAverageShsOut": 43054478,
    "weightedAverageShsOutDil": 45679127,
    "link": "https://www.sec.gov/Archives/edgar/data/1100682/000091205701537664/0000912057-01-537664-index.htm",
    "finalLink": "https://www.sec.gov/Archives/edgar/data/1100682/000091205701537664/a2062260z10-q.htm"
  },
  {
    "date": "2001-06-30",
    "symbol": "CRL",
    "reportedCurrency": "USD",
    "cik": "0001100682",
    "fillingDate": "2001-08-10",
    "acceptedDate": "2001-08-10 00:00:00",
    "calendarYear": "2001",
    "period": "Q2",
    "revenue": 116820000,
    "costOfRevenue": 73050000,
    "grossProfit": 43770000,
    "grossProfitRatio": 0.3746789933,
    "researchAndDevelopmentExpenses": 0,
    "generalAndAdministrativeExpenses": 0,
    "sellingAndMarketingExpenses": 0,
    "sellingGeneralAndAdministrativeExpenses": 17285000,
    "otherExpenses": 1993000,
    "operatingExpenses": 19278000,
    "costAndExpenses": 92328000,
    "interestIncome": 346000,
    "interestExpense": 7937000,
    "depreciationAndAmortization": 6945000,
    "ebitda": 31437000,
    "ebitdaratio": 0.2691063174,
    "operatingIncome": 24492000,
    "operatingIncomeRatio": 0.2096558808,
    "totalOtherIncomeExpensesNet": -5716000,
    "incomeBeforeTax": 18776000,
    "incomeBeforeTaxRatio": 0.1607259031,
    "incomeTaxExpense": 7659000,
    "netIncome": 9018000,
    "netIncomeRatio": 0.0771956857,
    "eps": 0.22,
    "epsdiluted": 0.21,
    "weightedAverageShsOut": 40175630,
    "weightedAverageShsOutDil": 44052166,
    "link": "https://www.sec.gov/Archives/edgar/data/1100682/000091205701527522/0000912057-01-527522-index.htm",
    "finalLink": "https://www.sec.gov/Archives/edgar/data/1100682/000091205701527522/a2055890z10-q.htm"
  },
  {
    "date": "2001-03-31",
    "symbol": "CRL",
    "reportedCurrency": "USD",
    "cik": "0001100682",
    "fillingDate": "2001-05-15",
    "acceptedDate": "2001-05-15 00:00:00",
    "calendarYear": "2001",
    "period": "Q1",
    "revenue": 99031000,
    "costOfRevenue": 62369000,
    "grossProfit": 36662000,
    "grossProfitRatio": 0.3702073088,
    "researchAndDevelopmentExpenses": 0,
    "generalAndAdministrativeExpenses": 0,
    "sellingAndMarketingExpenses": 0,
    "sellingGeneralAndAdministrativeExpenses": 15460000,
    "otherExpenses": 1828000,
    "operatingExpenses": 17288000,
    "costAndExpenses": 79657000,
    "interestIncome": 0,
    "interestExpense": 6313000,
    "depreciationAndAmortization": 5892000,
    "ebitda": 25266000,
    "ebitdaratio": 0.2551322313,
    "operatingIncome": 19374000,
    "operatingIncomeRatio": 0.19563571,
    "totalOtherIncomeExpensesNet": -6150000,
    "incomeBeforeTax": 13224000,
    "incomeBeforeTaxRatio": 0.1335339439,
    "incomeTaxExpense": 5555000,
    "netIncome": 6951000,
    "netIncomeRatio": 0.0701901425,
    "eps": 0.19,
    "epsdiluted": 0.17,
    "weightedAverageShsOut": 36582532,
    "weightedAverageShsOutDil": 40287045,
    "link": "https://www.sec.gov/Archives/edgar/data/1100682/000091205701515908/0000912057-01-515908-index.htm",
    "finalLink": "https://www.sec.gov/Archives/edgar/data/1100682/000091205701515908/a2049119z10-q.txt"
  },
  {
    "date": "2000-12-31",
    "symbol": "CRL",
    "reportedCurrency": "USD",
    "cik": "0001100682",
    "fillingDate": "2001-03-30",
    "acceptedDate": "2001-03-30 00:00:00",
    "calendarYear": "2000",
    "period": "Q4",
    "revenue": 90813000,
    "costOfRevenue": 56394000,
    "grossProfit": 34419000,
    "grossProfitRatio": 0.3790096132,
    "researchAndDevelopmentExpenses": 0,
    "generalAndAdministrativeExpenses": 0,
    "sellingAndMarketingExpenses": 0,
    "sellingGeneralAndAdministrativeExpenses": 15838000,
    "otherExpenses": 4813000,
    "operatingExpenses": 20651000,
    "costAndExpenses": 77045000,
    "interestIncome": 0,
    "interestExpense": 5909000,
    "depreciationAndAmortization": 4813000,
    "ebitda": 18581000,
    "ebitdaratio": 0.2046072699,
    "operatingIncome": 13768000,
    "operatingIncomeRatio": 0.1516082499,
    "totalOtherIncomeExpensesNet": -6300000,
    "incomeBeforeTax": 7468000,
    "incomeBeforeTaxRatio": 0.0822349223,
    "incomeTaxExpense": 3040000,
    "netIncome": 4428000,
    "netIncomeRatio": 0.0487595388,
    "eps": 0.11,
    "epsdiluted": 0.11,
    "weightedAverageShsOut": 40200000,
    "weightedAverageShsOutDil": 40200000,
    "link": "https://www.sec.gov/Archives/edgar/data/1100682/000091205701505683/0000912057-01-505683-index.htm",
    "finalLink": "https://www.sec.gov/Archives/edgar/data/1100682/000091205701505683/a2041062z10-k.txt"
  },
  {
    "date": "2000-09-23",
    "symbol": "CRL",
    "reportedCurrency": "USD",
    "cik": "0001100682",
    "fillingDate": "2000-11-07",
    "acceptedDate": "2000-11-07 00:00:00",
    "calendarYear": "2000",
    "period": "Q3",
    "revenue": 72373000,
    "costOfRevenue": 45689000,
    "grossProfit": 29904000,
    "grossProfitRatio": 0.4131927653,
    "researchAndDevelopmentExpenses": 0,
    "generalAndAdministrativeExpenses": 0,
    "sellingAndMarketingExpenses": 0,
    "sellingGeneralAndAdministrativeExpenses": 11124000,
    "otherExpenses": 932000,
    "operatingExpenses": 12056000,
    "costAndExpenses": 57745000,
    "interestIncome": 0,
    "interestExpense": 37190000,
    "depreciationAndAmortization": 4679000,
    "ebitda": 22527000,
    "ebitdaratio": 0.3112624874,
    "operatingIncome": 17848000,
    "operatingIncomeRatio": 0.2466113053,
    "totalOtherIncomeExpensesNet": -7498000,
    "incomeBeforeTax": 10032000,
    "incomeBeforeTaxRatio": 0.1386152294,
    "incomeTaxExpense": 5193000,
    "netIncome": -24262000,
    "netIncomeRatio": -0.335235516,
    "eps": -0.69,
    "epsdiluted": -0.61,
    "weightedAverageShsOut": 35389600,
    "weightedAverageShsOutDil": 39699771,
    "link": "https://www.sec.gov/Archives/edgar/data/1100682/000091205700047577/0000912057-00-047577-index.htm",
    "finalLink": "https://www.sec.gov/Archives/edgar/data/1100682/000091205700047577/a2029167z10-q.txt"
  },
  {
    "date": "2000-06-24",
    "symbol": "CRL",
    "reportedCurrency": "USD",
    "cik": "0001100682",
    "fillingDate": "2000-08-08",
    "acceptedDate": "2000-08-08 00:00:00",
    "calendarYear": "2000",
    "period": "Q2",
    "revenue": 74097000,
    "costOfRevenue": 45853000,
    "grossProfit": 31577000,
    "grossProfitRatio": 0.4261576042,
    "researchAndDevelopmentExpenses": 0,
    "generalAndAdministrativeExpenses": 0,
    "sellingAndMarketingExpenses": 0,
    "sellingGeneralAndAdministrativeExpenses": 12427000,
    "otherExpenses": 937000,
    "operatingExpenses": 13364000,
    "costAndExpenses": 59217000,
    "interestIncome": 0,
    "interestExpense": 12736000,
    "depreciationAndAmortization": 1770000,
    "ebitda": 19983000,
    "ebitdaratio": 0.2696870319,
    "operatingIncome": 18213000,
    "operatingIncomeRatio": 0.2457994251,
    "totalOtherIncomeExpensesNet": -12748000,
    "incomeBeforeTax": 5110000,
    "incomeBeforeTaxRatio": 0.0689636557,
    "incomeTaxExpense": -2864000,
    "netIncome": 7974000,
    "netIncomeRatio": 0.1076156929,
    "eps": 0.4,
    "epsdiluted": 0.34,
    "weightedAverageShsOut": 19820369,
    "weightedAverageShsOutDil": 23571555,
    "link": "https://www.sec.gov/Archives/edgar/data/1100682/000091205700035065/0000912057-00-035065-index.htm",
    "finalLink": "https://www.sec.gov/Archives/edgar/data/1100682/000091205700035065/a10-q.txt"
  },
  {
    "date": "2000-03-25",
    "symbol": "CRL",
    "reportedCurrency": "USD",
    "cik": "0001100682",
    "fillingDate": "2000-05-09",
    "acceptedDate": "2000-05-09 00:00:00",
    "calendarYear": "2000",
    "period": "Q1",
    "revenue": 69302000,
    "costOfRevenue": 40828000,
    "grossProfit": 31674000,
    "grossProfitRatio": 0.4570430868,
    "researchAndDevelopmentExpenses": 0,
    "generalAndAdministrativeExpenses": 0,
    "sellingAndMarketingExpenses": 0,
    "sellingGeneralAndAdministrativeExpenses": 11813000,
    "otherExpenses": 4629000,
    "operatingExpenses": 16442000,
    "costAndExpenses": 57270000,
    "interestIncome": 0,
    "interestExpense": 11517000,
    "depreciationAndAmortization": 7608000,
    "ebitda": 22840000,
    "ebitdaratio": 0.3295720181,
    "operatingIncome": 15232000,
    "operatingIncomeRatio": 0.2197916366,
    "totalOtherIncomeExpensesNet": -12128000,
    "incomeBeforeTax": 3104000,
    "incomeBeforeTaxRatio": 0.0447894722,
    "incomeTaxExpense": 2468000,
    "netIncome": 636000,
    "netIncomeRatio": 0.0091772243,
    "eps": 0.03,
    "epsdiluted": 0.03,
    "weightedAverageShsOut": 19820369,
    "weightedAverageShsOutDil": 23571555,
    "link": "https://www.sec.gov/Archives/edgar/data/1100682/000091205700022617/0000912057-00-022617-index.html",
    "finalLink": "https://www.sec.gov/Archives/edgar/data/1100682/000091205700022617/"
  }
]