[
  {
    "date": "2025-07-31",
    "symbol": "CRM",
    "reportedCurrency": "USD",
    "cik": "0001108524",
    "fillingDate": "2025-09-04",
    "acceptedDate": "2025-09-03 21:41:22",
    "calendarYear": "2026",
    "period": "Q2",
    "revenue": 10236000000,
    "costOfRevenue": 2242000000,
    "grossProfit": 7994000000,
    "grossProfitRatio": 0.7809691286,
    "researchAndDevelopmentExpenses": 1481000000,
    "generalAndAdministrativeExpenses": 734000000,
    "sellingAndMarketingExpenses": 3443000000,
    "sellingGeneralAndAdministrativeExpenses": 4177000000,
    "otherExpenses": 0,
    "operatingExpenses": 5658000000,
    "costAndExpenses": 7900000000,
    "interestIncome": 150000000,
    "interestExpense": 67000000,
    "depreciationAndAmortization": 817000000,
    "ebitda": 3223000000,
    "ebitdaratio": 0.3148690895,
    "operatingIncome": 2332000000,
    "operatingIncomeRatio": 0.2278233685,
    "totalOtherIncomeExpensesNet": 74000000,
    "incomeBeforeTax": 2406000000,
    "incomeBeforeTaxRatio": 0.235052755,
    "incomeTaxExpense": 519000000,
    "netIncome": 1887000000,
    "netIncomeRatio": 0.1843493552,
    "eps": 1.97,
    "epsdiluted": 1.96,
    "weightedAverageShsOut": 956000000,
    "weightedAverageShsOutDil": 962000000,
    "link": "https://www.sec.gov/Archives/edgar/data/1108524/000110852425000088/0001108524-25-000088-index.htm",
    "finalLink": "https://www.sec.gov/Archives/edgar/data/1108524/000110852425000088/crm-20250731.htm"
  },
  {
    "date": "2025-04-30",
    "symbol": "CRM",
    "reportedCurrency": "USD",
    "cik": "0001108524",
    "fillingDate": "2025-05-29",
    "acceptedDate": "2025-05-28 18:52:02",
    "calendarYear": "2026",
    "period": "Q1",
    "revenue": 9829000000,
    "costOfRevenue": 2265000000,
    "grossProfit": 7564000000,
    "grossProfitRatio": 0.7695594669,
    "researchAndDevelopmentExpenses": 1460000000,
    "generalAndAdministrativeExpenses": 697000000,
    "sellingAndMarketingExpenses": 3429000000,
    "sellingGeneralAndAdministrativeExpenses": 4126000000,
    "otherExpenses": 36000000,
    "operatingExpenses": 5622000000,
    "costAndExpenses": 7887000000,
    "interestIncome": 169000000,
    "interestExpense": 68000000,
    "depreciationAndAmortization": 843000000,
    "ebitda": 2749000000,
    "ebitdaratio": 0.279682572,
    "operatingIncome": 1942000000,
    "operatingIncomeRatio": 0.197578594,
    "totalOtherIncomeExpensesNet": 32000000,
    "incomeBeforeTax": 1974000000,
    "incomeBeforeTaxRatio": 0.2008342659,
    "incomeTaxExpense": 433000000,
    "netIncome": 1541000000,
    "netIncomeRatio": 0.1567809543,
    "eps": 1.61,
    "epsdiluted": 1.59,
    "weightedAverageShsOut": 969182000,
    "weightedAverageShsOutDil": 970000000,
    "link": "https://www.sec.gov/Archives/edgar/data/1108524/000110852425000030/0001108524-25-000030-index.htm",
    "finalLink": "https://www.sec.gov/Archives/edgar/data/1108524/000110852425000030/crm-20250430.htm"
  },
  {
    "date": "2025-01-31",
    "symbol": "CRM",
    "reportedCurrency": "USD",
    "cik": "0001108524",
    "fillingDate": "2025-03-05",
    "acceptedDate": "2025-03-05 16:16:48",
    "calendarYear": "2025",
    "period": "Q4",
    "revenue": 9993000000,
    "costOfRevenue": 2217000000,
    "grossProfit": 7776000000,
    "grossProfitRatio": 0.7781447013,
    "researchAndDevelopmentExpenses": 1420000000,
    "generalAndAdministrativeExpenses": 767000000,
    "sellingAndMarketingExpenses": 3471000000,
    "sellingGeneralAndAdministrativeExpenses": 4238000000,
    "otherExpenses": 298000000,
    "operatingExpenses": 5956000000,
    "costAndExpenses": 8173000000,
    "interestIncome": 0,
    "interestExpense": 0,
    "depreciationAndAmortization": 877000000,
    "ebitda": 2995000000,
    "ebitdaratio": 0.2997097969,
    "operatingIncome": 1820000000,
    "operatingIncomeRatio": 0.1821274892,
    "totalOtherIncomeExpensesNet": 168000000,
    "incomeBeforeTax": 1988000000,
    "incomeBeforeTaxRatio": 0.1989392575,
    "incomeTaxExpense": 280000000,
    "netIncome": 1708000000,
    "netIncomeRatio": 0.1709196438,
    "eps": 1.78,
    "epsdiluted": 1.75,
    "weightedAverageShsOut": 959000000,
    "weightedAverageShsOutDil": 974000000,
    "link": "https://www.sec.gov/Archives/edgar/data/1108524/000110852425000006/0001108524-25-000006-index.htm",
    "finalLink": "https://www.sec.gov/Archives/edgar/data/1108524/000110852425000006/crm-20250131.htm"
  },
  {
    "date": "2024-10-31",
    "symbol": "CRM",
    "reportedCurrency": "USD",
    "cik": "0001108524",
    "fillingDate": "2024-12-04",
    "acceptedDate": "2024-12-03 21:04:12",
    "calendarYear": "2025",
    "period": "Q3",
    "revenue": 9444000000,
    "costOfRevenue": 2105000000,
    "grossProfit": 7339000000,
    "grossProfitRatio": 0.777107158,
    "researchAndDevelopmentExpenses": 1356000000,
    "generalAndAdministrativeExpenses": 711000000,
    "sellingAndMarketingExpenses": 3323000000,
    "sellingGeneralAndAdministrativeExpenses": 4034000000,
    "otherExpenses": 56000000,
    "operatingExpenses": 5446000000,
    "costAndExpenses": 7551000000,
    "interestIncome": 0,
    "interestExpense": 0,
    "depreciationAndAmortization": 814000000,
    "ebitda": 2763000000,
    "ebitdaratio": 0.292566709,
    "operatingIncome": 1893000000,
    "operatingIncomeRatio": 0.2004447268,
    "totalOtherIncomeExpensesNet": -147000000,
    "incomeBeforeTax": 1746000000,
    "incomeBeforeTaxRatio": 0.1848792884,
    "incomeTaxExpense": 219000000,
    "netIncome": 1527000000,
    "netIncomeRatio": 0.1616899619,
    "eps": 1.6,
    "epsdiluted": 1.58,
    "weightedAverageShsOut": 963000000,
    "weightedAverageShsOutDil": 975000000,
    "link": "https://www.sec.gov/Archives/edgar/data/1108524/000110852424000034/0001108524-24-000034-index.htm",
    "finalLink": "https://www.sec.gov/Archives/edgar/data/1108524/000110852424000034/crm-20241031.htm"
  },
  {
    "date": "2024-07-31",
    "symbol": "CRM",
    "reportedCurrency": "USD",
    "cik": "0001108524",
    "fillingDate": "2024-08-29",
    "acceptedDate": "2024-08-28 18:34:36",
    "calendarYear": "2025",
    "period": "Q2",
    "revenue": 9325000000,
    "costOfRevenue": 2159000000,
    "grossProfit": 7166000000,
    "grossProfitRatio": 0.7684718499,
    "researchAndDevelopmentExpenses": 1349000000,
    "generalAndAdministrativeExpenses": 711000000,
    "sellingAndMarketingExpenses": 3224000000,
    "sellingGeneralAndAdministrativeExpenses": 3935000000,
    "otherExpenses": 99000000,
    "operatingExpenses": 5383000000,
    "costAndExpenses": 7542000000,
    "interestIncome": 0,
    "interestExpense": 0,
    "depreciationAndAmortization": 907000000,
    "ebitda": 2789000000,
    "ebitdaratio": 0.2990884718,
    "operatingIncome": 1783000000,
    "operatingIncomeRatio": 0.1912064343,
    "totalOtherIncomeExpensesNet": 54000000,
    "incomeBeforeTax": 1837000000,
    "incomeBeforeTaxRatio": 0.196997319,
    "incomeTaxExpense": 408000000,
    "netIncome": 1429000000,
    "netIncomeRatio": 0.1532439678,
    "eps": 1.48,
    "epsdiluted": 1.47,
    "weightedAverageShsOut": 964000000,
    "weightedAverageShsOutDil": 973000000,
    "link": "https://www.sec.gov/Archives/edgar/data/1108524/000110852424000022/0001108524-24-000022-index.htm",
    "finalLink": "https://www.sec.gov/Archives/edgar/data/1108524/000110852424000022/crm-20240731.htm"
  },
  {
    "date": "2024-04-30",
    "symbol": "CRM",
    "reportedCurrency": "USD",
    "cik": "0001108524",
    "fillingDate": "2024-05-30",
    "acceptedDate": "2024-05-29 18:48:20",
    "calendarYear": "2025",
    "period": "Q1",
    "revenue": 9133000000,
    "costOfRevenue": 2162000000,
    "grossProfit": 6971000000,
    "grossProfitRatio": 0.763276032,
    "researchAndDevelopmentExpenses": 1368000000,
    "generalAndAdministrativeExpenses": 647000000,
    "sellingAndMarketingExpenses": 3239000000,
    "sellingGeneralAndAdministrativeExpenses": 3886000000,
    "otherExpenses": 0,
    "operatingExpenses": 5254000000,
    "costAndExpenses": 7416000000,
    "interestIncome": 0,
    "interestExpense": 0,
    "depreciationAndAmortization": 879000000,
    "ebitda": 2596000000,
    "ebitdaratio": 0.2842439505,
    "operatingIncome": 1709000000,
    "operatingIncomeRatio": 0.1871236177,
    "totalOtherIncomeExpensesNet": 158000000,
    "incomeBeforeTax": 1867000000,
    "incomeBeforeTaxRatio": 0.2044235191,
    "incomeTaxExpense": 334000000,
    "netIncome": 1533000000,
    "netIncomeRatio": 0.1678528413,
    "eps": 1.58,
    "epsdiluted": 1.56,
    "weightedAverageShsOut": 970000000,
    "weightedAverageShsOutDil": 985000000,
    "link": "https://www.sec.gov/Archives/edgar/data/1108524/000110852424000009/0001108524-24-000009-index.htm",
    "finalLink": "https://www.sec.gov/Archives/edgar/data/1108524/000110852424000009/crm-20240430.htm"
  },
  {
    "date": "2024-01-31",
    "symbol": "CRM",
    "reportedCurrency": "USD",
    "cik": "0001108524",
    "fillingDate": "2024-03-06",
    "acceptedDate": "2024-03-06 16:32:48",
    "calendarYear": "2024",
    "period": "Q4",
    "revenue": 9287000000,
    "costOfRevenue": 2148000000,
    "grossProfit": 7139000000,
    "grossProfitRatio": 0.768708948,
    "researchAndDevelopmentExpenses": 1275000000,
    "generalAndAdministrativeExpenses": 632000000,
    "sellingAndMarketingExpenses": 3437000000,
    "sellingGeneralAndAdministrativeExpenses": 4069000000,
    "otherExpenses": 173000000,
    "operatingExpenses": 5517000000,
    "costAndExpenses": 7665000000,
    "interestIncome": 0,
    "interestExpense": 0,
    "depreciationAndAmortization": 953000000,
    "ebitda": 2754000000,
    "ebitdaratio": 0.2965435555,
    "operatingIncome": 1622000000,
    "operatingIncomeRatio": 0.1746527404,
    "totalOtherIncomeExpensesNet": 23000000,
    "incomeBeforeTax": 1645000000,
    "incomeBeforeTaxRatio": 0.1771293206,
    "incomeTaxExpense": 199000000,
    "netIncome": 1446000000,
    "netIncomeRatio": 0.1557015183,
    "eps": 1.49,
    "epsdiluted": 1.47,
    "weightedAverageShsOut": 970000000,
    "weightedAverageShsOutDil": 983000000,
    "link": "https://www.sec.gov/Archives/edgar/data/1108524/000110852424000005/0001108524-24-000005-index.htm",
    "finalLink": "https://www.sec.gov/Archives/edgar/data/1108524/000110852424000005/crm-20240131.htm"
  },
  {
    "date": "2023-10-31",
    "symbol": "CRM",
    "reportedCurrency": "USD",
    "cik": "0001108524",
    "fillingDate": "2023-11-30",
    "acceptedDate": "2023-11-29 18:35:29",
    "calendarYear": "2024",
    "period": "Q3",
    "revenue": 8720000000,
    "costOfRevenue": 2155000000,
    "grossProfit": 6565000000,
    "grossProfitRatio": 0.7528669725,
    "researchAndDevelopmentExpenses": 1204000000,
    "generalAndAdministrativeExpenses": 632000000,
    "sellingAndMarketingExpenses": 3173000000,
    "sellingGeneralAndAdministrativeExpenses": 3805000000,
    "otherExpenses": 55000000,
    "operatingExpenses": 5064000000,
    "costAndExpenses": 7219000000,
    "interestIncome": 0,
    "interestExpense": 0,
    "depreciationAndAmortization": 862000000,
    "ebitda": 2418000000,
    "ebitdaratio": 0.277293578,
    "operatingIncome": 1501000000,
    "operatingIncomeRatio": 0.1721330275,
    "totalOtherIncomeExpensesNet": -14000000,
    "incomeBeforeTax": 1487000000,
    "incomeBeforeTaxRatio": 0.1705275229,
    "incomeTaxExpense": 263000000,
    "netIncome": 1224000000,
    "netIncomeRatio": 0.1403669725,
    "eps": 1.26,
    "epsdiluted": 1.25,
    "weightedAverageShsOut": 972000000,
    "weightedAverageShsOutDil": 981000000,
    "link": "https://www.sec.gov/Archives/edgar/data/1108524/000110852423000048/0001108524-23-000048-index.htm",
    "finalLink": "https://www.sec.gov/Archives/edgar/data/1108524/000110852423000048/crm-20231031.htm"
  },
  {
    "date": "2023-07-31",
    "symbol": "CRM",
    "reportedCurrency": "USD",
    "cik": "0001108524",
    "fillingDate": "2023-08-31",
    "acceptedDate": "2023-08-30 18:22:33",
    "calendarYear": "2024",
    "period": "Q2",
    "revenue": 8603000000,
    "costOfRevenue": 2113000000,
    "grossProfit": 6490000000,
    "grossProfitRatio": 0.7543880042,
    "researchAndDevelopmentExpenses": 1220000000,
    "generalAndAdministrativeExpenses": 632000000,
    "sellingAndMarketingExpenses": 3113000000,
    "sellingGeneralAndAdministrativeExpenses": 3745000000,
    "otherExpenses": 49000000,
    "operatingExpenses": 5014000000,
    "costAndExpenses": 7127000000,
    "interestIncome": 0,
    "interestExpense": 0,
    "depreciationAndAmortization": 890000000,
    "ebitda": 2415000000,
    "ebitdaratio": 0.2807160293,
    "operatingIncome": 1476000000,
    "operatingIncomeRatio": 0.1715680577,
    "totalOtherIncomeExpensesNet": 16000000,
    "incomeBeforeTax": 1492000000,
    "incomeBeforeTaxRatio": 0.173427874,
    "incomeTaxExpense": 225000000,
    "netIncome": 1267000000,
    "netIncomeRatio": 0.1472742067,
    "eps": 1.3,
    "epsdiluted": 1.28,
    "weightedAverageShsOut": 975000000,
    "weightedAverageShsOutDil": 986000000,
    "link": "https://www.sec.gov/Archives/edgar/data/1108524/000110852423000040/0001108524-23-000040-index.htm",
    "finalLink": "https://www.sec.gov/Archives/edgar/data/1108524/000110852423000040/crm-20230731.htm"
  },
  {
    "date": "2023-04-30",
    "symbol": "CRM",
    "reportedCurrency": "USD",
    "cik": "0001108524",
    "fillingDate": "2023-06-01",
    "acceptedDate": "2023-05-31 18:24:31",
    "calendarYear": "2024",
    "period": "Q1",
    "revenue": 8247000000,
    "costOfRevenue": 2125000000,
    "grossProfit": 6122000000,
    "grossProfitRatio": 0.7423305444,
    "researchAndDevelopmentExpenses": 1207000000,
    "generalAndAdministrativeExpenses": 638000000,
    "sellingAndMarketingExpenses": 3154000000,
    "sellingGeneralAndAdministrativeExpenses": 3792000000,
    "otherExpenses": 711000000,
    "operatingExpenses": 5710000000,
    "costAndExpenses": 7835000000,
    "interestIncome": 0,
    "interestExpense": 0,
    "depreciationAndAmortization": 1254000000,
    "ebitda": 2377000000,
    "ebitdaratio": 0.2882260216,
    "operatingIncome": 412000000,
    "operatingIncomeRatio": 0.0499575603,
    "totalOtherIncomeExpensesNet": -86000000,
    "incomeBeforeTax": 326000000,
    "incomeBeforeTaxRatio": 0.0395295259,
    "incomeTaxExpense": 127000000,
    "netIncome": 199000000,
    "netIncomeRatio": 0.0241299867,
    "eps": 0.2,
    "epsdiluted": 0.2,
    "weightedAverageShsOut": 988000000,
    "weightedAverageShsOutDil": 988000000,
    "link": "https://www.sec.gov/Archives/edgar/data/1108524/000110852423000023/0001108524-23-000023-index.htm",
    "finalLink": "https://www.sec.gov/Archives/edgar/data/1108524/000110852423000023/crm-20230430.htm"
  },
  {
    "date": "2023-01-31",
    "symbol": "CRM",
    "reportedCurrency": "USD",
    "cik": "0001108524",
    "fillingDate": "2023-03-08",
    "acceptedDate": "2023-03-08 16:41:15",
    "calendarYear": "2023",
    "period": "Q4",
    "revenue": 8384000000,
    "costOfRevenue": 2100000000,
    "grossProfit": 6284000000,
    "grossProfitRatio": 0.7495229008,
    "researchAndDevelopmentExpenses": 1128000000,
    "generalAndAdministrativeExpenses": 586000000,
    "sellingAndMarketingExpenses": 3385000000,
    "sellingGeneralAndAdministrativeExpenses": 3971000000,
    "otherExpenses": 828000000,
    "operatingExpenses": 5927000000,
    "costAndExpenses": 8027000000,
    "interestIncome": 0,
    "interestExpense": 0,
    "depreciationAndAmortization": 1032000000,
    "ebitda": 2217000000,
    "ebitdaratio": 0.2644322519,
    "operatingIncome": 357000000,
    "operatingIncomeRatio": 0.0425811069,
    "totalOtherIncomeExpensesNet": -324000000,
    "incomeBeforeTax": 33000000,
    "incomeBeforeTaxRatio": 0.0039360687,
    "incomeTaxExpense": 131000000,
    "netIncome": -98000000,
    "netIncomeRatio": -0.0116889313,
    "eps": -0.0996,
    "epsdiluted": -0.0996,
    "weightedAverageShsOut": 984000000,
    "weightedAverageShsOutDil": 984000000,
    "link": "https://www.sec.gov/Archives/edgar/data/1108524/000110852423000011/0001108524-23-000011-index.htm",
    "finalLink": "https://www.sec.gov/Archives/edgar/data/1108524/000110852423000011/crm-20230131.htm"
  },
  {
    "date": "2022-10-31",
    "symbol": "CRM",
    "reportedCurrency": "USD",
    "cik": "0001108524",
    "fillingDate": "2022-12-01",
    "acceptedDate": "2022-11-30 18:11:05",
    "calendarYear": "2023",
    "period": "Q3",
    "revenue": 7837000000,
    "costOfRevenue": 2088000000,
    "grossProfit": 5749000000,
    "grossProfitRatio": 0.7335715197,
    "researchAndDevelopmentExpenses": 1280000000,
    "generalAndAdministrativeExpenses": 664000000,
    "sellingAndMarketingExpenses": 3345000000,
    "sellingGeneralAndAdministrativeExpenses": 4009000000,
    "otherExpenses": 0,
    "operatingExpenses": 5289000000,
    "costAndExpenses": 7377000000,
    "interestIncome": 0,
    "interestExpense": 0,
    "depreciationAndAmortization": 941000000,
    "ebitda": 1401000000,
    "ebitdaratio": 0.1787673855,
    "operatingIncome": 460000000,
    "operatingIncomeRatio": 0.0586959296,
    "totalOtherIncomeExpensesNet": 15000000,
    "incomeBeforeTax": 475000000,
    "incomeBeforeTaxRatio": 0.0606099273,
    "incomeTaxExpense": 265000000,
    "netIncome": 210000000,
    "netIncomeRatio": 0.0267959678,
    "eps": 0.21,
    "epsdiluted": 0.21,
    "weightedAverageShsOut": 997000000,
    "weightedAverageShsOutDil": 1000000000,
    "link": "https://www.sec.gov/Archives/edgar/data/1108524/000110852422000060/0001108524-22-000060-index.htm",
    "finalLink": "https://www.sec.gov/Archives/edgar/data/1108524/000110852422000060/crm-20221031.htm"
  },
  {
    "date": "2022-07-31",
    "symbol": "CRM",
    "reportedCurrency": "USD",
    "cik": "0001108524",
    "fillingDate": "2022-08-25",
    "acceptedDate": "2022-08-25 16:17:51",
    "calendarYear": "2023",
    "period": "Q2",
    "revenue": 7720000000,
    "costOfRevenue": 2127000000,
    "grossProfit": 5593000000,
    "grossProfitRatio": 0.7244818653,
    "researchAndDevelopmentExpenses": 1329000000,
    "generalAndAdministrativeExpenses": 647000000,
    "sellingAndMarketingExpenses": 3424000000,
    "sellingGeneralAndAdministrativeExpenses": 4071000000,
    "otherExpenses": 0,
    "operatingExpenses": 5400000000,
    "costAndExpenses": 7527000000,
    "interestIncome": 0,
    "interestExpense": 0,
    "depreciationAndAmortization": 907000000,
    "ebitda": 1100000000,
    "ebitdaratio": 0.1424870466,
    "operatingIncome": 193000000,
    "operatingIncomeRatio": 0.025,
    "totalOtherIncomeExpensesNet": -12000000,
    "incomeBeforeTax": 181000000,
    "incomeBeforeTaxRatio": 0.0234455959,
    "incomeTaxExpense": 113000000,
    "netIncome": 68000000,
    "netIncomeRatio": 0.0088082902,
    "eps": 0.0682,
    "epsdiluted": 0.0679,
    "weightedAverageShsOut": 997000000,
    "weightedAverageShsOutDil": 1001000000,
    "link": "https://www.sec.gov/Archives/edgar/data/1108524/000110852422000041/0001108524-22-000041-index.htm",
    "finalLink": "https://www.sec.gov/Archives/edgar/data/1108524/000110852422000041/crm-20220731.htm"
  },
  {
    "date": "2022-04-30",
    "symbol": "CRM",
    "reportedCurrency": "USD",
    "cik": "0001108524",
    "fillingDate": "2022-06-01",
    "acceptedDate": "2022-06-01 16:52:04",
    "calendarYear": "2023",
    "period": "Q1",
    "revenue": 7411000000,
    "costOfRevenue": 2045000000,
    "grossProfit": 5366000000,
    "grossProfitRatio": 0.7240588315,
    "researchAndDevelopmentExpenses": 1318000000,
    "generalAndAdministrativeExpenses": 656000000,
    "sellingAndMarketingExpenses": 3372000000,
    "sellingGeneralAndAdministrativeExpenses": 4028000000,
    "otherExpenses": 0,
    "operatingExpenses": 5346000000,
    "costAndExpenses": 7391000000,
    "interestIncome": 0,
    "interestExpense": 0,
    "depreciationAndAmortization": 906000000,
    "ebitda": 926000000,
    "ebitdaratio": 0.1249493995,
    "operatingIncome": 20000000,
    "operatingIncomeRatio": 0.0026986911,
    "totalOtherIncomeExpensesNet": -49000000,
    "incomeBeforeTax": -29000000,
    "incomeBeforeTaxRatio": -0.0039131021,
    "incomeTaxExpense": -57000000,
    "netIncome": 28000000,
    "netIncomeRatio": 0.0037781676,
    "eps": 0.0283,
    "epsdiluted": 0.028,
    "weightedAverageShsOut": 991000000,
    "weightedAverageShsOutDil": 1001000000,
    "link": "https://www.sec.gov/Archives/edgar/data/1108524/000110852422000022/0001108524-22-000022-index.htm",
    "finalLink": "https://www.sec.gov/Archives/edgar/data/1108524/000110852422000022/crm-20220430.htm"
  },
  {
    "date": "2022-01-31",
    "symbol": "CRM",
    "reportedCurrency": "USD",
    "cik": "0001108524",
    "fillingDate": "2022-03-11",
    "acceptedDate": "2022-03-11 08:06:16",
    "calendarYear": "2022",
    "period": "Q4",
    "revenue": 7326000000,
    "costOfRevenue": 2014000000,
    "grossProfit": 5312000000,
    "grossProfitRatio": 0.7250887251,
    "researchAndDevelopmentExpenses": 1291000000,
    "generalAndAdministrativeExpenses": 733000000,
    "sellingAndMarketingExpenses": 3464000000,
    "sellingGeneralAndAdministrativeExpenses": 4197000000,
    "otherExpenses": 0,
    "operatingExpenses": 5488000000,
    "costAndExpenses": 7502000000,
    "interestIncome": 0,
    "interestExpense": 0,
    "depreciationAndAmortization": 931000000,
    "ebitda": 755000000,
    "ebitdaratio": 0.1030576031,
    "operatingIncome": -176000000,
    "operatingIncomeRatio": -0.024024024,
    "totalOtherIncomeExpensesNet": -21000000,
    "incomeBeforeTax": -197000000,
    "incomeBeforeTaxRatio": -0.0268905269,
    "incomeTaxExpense": -169000000,
    "netIncome": -28000000,
    "netIncomeRatio": -0.0038220038,
    "eps": -0.0284,
    "epsdiluted": -0.0284,
    "weightedAverageShsOut": 985000000,
    "weightedAverageShsOutDil": 986000000,
    "link": "https://www.sec.gov/Archives/edgar/data/1108524/000110852422000013/0001108524-22-000013-index.htm",
    "finalLink": "https://www.sec.gov/Archives/edgar/data/1108524/000110852422000013/crm-20220131.htm"
  },
  {
    "date": "2021-10-31",
    "symbol": "CRM",
    "reportedCurrency": "USD",
    "cik": "0001108524",
    "fillingDate": "2021-12-02",
    "acceptedDate": "2021-12-02 16:16:46",
    "calendarYear": "2022",
    "period": "Q3",
    "revenue": 6863000000,
    "costOfRevenue": 1844000000,
    "grossProfit": 5019000000,
    "grossProfitRatio": 0.731312837,
    "researchAndDevelopmentExpenses": 1203000000,
    "generalAndAdministrativeExpenses": 667000000,
    "sellingAndMarketingExpenses": 3111000000,
    "sellingGeneralAndAdministrativeExpenses": 3778000000,
    "otherExpenses": 0,
    "operatingExpenses": 4981000000,
    "costAndExpenses": 6825000000,
    "interestIncome": 0,
    "interestExpense": 0,
    "depreciationAndAmortization": 963000000,
    "ebitda": 1001000000,
    "ebitdaratio": 0.1458545825,
    "operatingIncome": 38000000,
    "operatingIncomeRatio": 0.0055369372,
    "totalOtherIncomeExpensesNet": 261000000,
    "incomeBeforeTax": 299000000,
    "incomeBeforeTaxRatio": 0.0435669532,
    "incomeTaxExpense": -169000000,
    "netIncome": 468000000,
    "netIncomeRatio": 0.0681917529,
    "eps": 0.48,
    "epsdiluted": 0.47,
    "weightedAverageShsOut": 980000000,
    "weightedAverageShsOutDil": 1001000000,
    "link": "https://www.sec.gov/Archives/edgar/data/1108524/000110852421000055/0001108524-21-000055-index.htm",
    "finalLink": "https://www.sec.gov/Archives/edgar/data/1108524/000110852421000055/crm-20211031.htm"
  },
  {
    "date": "2021-07-31",
    "symbol": "CRM",
    "reportedCurrency": "USD",
    "cik": "0001108524",
    "fillingDate": "2021-08-27",
    "acceptedDate": "2021-08-27 08:09:35",
    "calendarYear": "2022",
    "period": "Q2",
    "revenue": 6340000000,
    "costOfRevenue": 1613000000,
    "grossProfit": 4727000000,
    "grossProfitRatio": 0.7455835962,
    "researchAndDevelopmentExpenses": 1020000000,
    "generalAndAdministrativeExpenses": 639000000,
    "sellingAndMarketingExpenses": 2736000000,
    "sellingGeneralAndAdministrativeExpenses": 3375000000,
    "otherExpenses": 0,
    "operatingExpenses": 4395000000,
    "costAndExpenses": 6008000000,
    "interestIncome": 0,
    "interestExpense": 0,
    "depreciationAndAmortization": 719000000,
    "ebitda": 1051000000,
    "ebitdaratio": 0.1657728707,
    "operatingIncome": 332000000,
    "operatingIncomeRatio": 0.0523659306,
    "totalOtherIncomeExpensesNet": 494000000,
    "incomeBeforeTax": 826000000,
    "incomeBeforeTaxRatio": 0.1302839117,
    "incomeTaxExpense": 291000000,
    "netIncome": 535000000,
    "netIncomeRatio": 0.084384858,
    "eps": 0.57,
    "epsdiluted": 0.56,
    "weightedAverageShsOut": 933000000,
    "weightedAverageShsOutDil": 950000000,
    "link": "https://www.sec.gov/Archives/edgar/data/1108524/000110852421000047/0001108524-21-000047-index.htm",
    "finalLink": "https://www.sec.gov/Archives/edgar/data/1108524/000110852421000047/crm-20210731.htm"
  },
  {
    "date": "2021-04-30",
    "symbol": "CRM",
    "reportedCurrency": "USD",
    "cik": "0001108524",
    "fillingDate": "2021-06-02",
    "acceptedDate": "2021-06-02 08:08:29",
    "calendarYear": "2022",
    "period": "Q1",
    "revenue": 5963000000,
    "costOfRevenue": 1555000000,
    "grossProfit": 4408000000,
    "grossProfitRatio": 0.7392252222,
    "researchAndDevelopmentExpenses": 951000000,
    "generalAndAdministrativeExpenses": 559000000,
    "sellingAndMarketingExpenses": 2544000000,
    "sellingGeneralAndAdministrativeExpenses": 3103000000,
    "otherExpenses": 0,
    "operatingExpenses": 4054000000,
    "costAndExpenses": 5609000000,
    "interestIncome": 0,
    "interestExpense": 0,
    "depreciationAndAmortization": 685000000,
    "ebitda": 1039000000,
    "ebitdaratio": 0.1742411538,
    "operatingIncome": 354000000,
    "operatingIncomeRatio": 0.0593660909,
    "totalOtherIncomeExpensesNet": 250000000,
    "incomeBeforeTax": 604000000,
    "incomeBeforeTaxRatio": 0.1012912963,
    "incomeTaxExpense": 135000000,
    "netIncome": 469000000,
    "netIncomeRatio": 0.0786516854,
    "eps": 0.51,
    "epsdiluted": 0.5,
    "weightedAverageShsOut": 921000000,
    "weightedAverageShsOutDil": 940000000,
    "link": "https://www.sec.gov/Archives/edgar/data/1108524/000110852421000030/0001108524-21-000030-index.htm",
    "finalLink": "https://www.sec.gov/Archives/edgar/data/1108524/000110852421000030/crm-20210430.htm"
  },
  {
    "date": "2021-01-31",
    "symbol": "CRM",
    "reportedCurrency": "USD",
    "cik": "0001108524",
    "fillingDate": "2021-03-17",
    "acceptedDate": "2022-02-24 16:13:45",
    "calendarYear": "2021",
    "period": "Q4",
    "revenue": 5817000000,
    "costOfRevenue": 1479000000,
    "grossProfit": 4338000000,
    "grossProfitRatio": 0.7457452295,
    "researchAndDevelopmentExpenses": 939000000,
    "generalAndAdministrativeExpenses": 574000000,
    "sellingAndMarketingExpenses": 2632000000,
    "sellingGeneralAndAdministrativeExpenses": 3206000000,
    "otherExpenses": 0,
    "operatingExpenses": 4145000000,
    "costAndExpenses": 5624000000,
    "interestIncome": 0,
    "interestExpense": 0,
    "depreciationAndAmortization": 869000000,
    "ebitda": 1062000000,
    "ebitdaratio": 0.1825683342,
    "operatingIncome": 193000000,
    "operatingIncomeRatio": 0.0331786144,
    "totalOtherIncomeExpensesNet": 232000000,
    "incomeBeforeTax": 425000000,
    "incomeBeforeTaxRatio": 0.0730617157,
    "incomeTaxExpense": 158000000,
    "netIncome": 267000000,
    "netIncomeRatio": 0.0458999484,
    "eps": 0.29,
    "epsdiluted": 0.28,
    "weightedAverageShsOut": 916000000,
    "weightedAverageShsOutDil": 939000000,
    "link": "https://www.sec.gov/Archives/edgar/data/1108524/000110852422000008/0001108524-22-000008-index.htm",
    "finalLink": "https://www.sec.gov/Archives/edgar/data/1108524/000110852422000008/crm-20210131.htm"
  },
  {
    "date": "2020-10-31",
    "symbol": "CRM",
    "reportedCurrency": "USD",
    "cik": "0001108524",
    "fillingDate": "2020-12-04",
    "acceptedDate": "2020-12-04 08:43:26",
    "calendarYear": "2021",
    "period": "Q3",
    "revenue": 5419000000,
    "costOfRevenue": 1394000000,
    "grossProfit": 4025000000,
    "grossProfitRatio": 0.7427569662,
    "researchAndDevelopmentExpenses": 902000000,
    "generalAndAdministrativeExpenses": 522000000,
    "sellingAndMarketingExpenses": 2377000000,
    "sellingGeneralAndAdministrativeExpenses": 2899000000,
    "otherExpenses": 0,
    "operatingExpenses": 3801000000,
    "costAndExpenses": 5195000000,
    "interestIncome": 0,
    "interestExpense": 0,
    "depreciationAndAmortization": 670000000,
    "ebitda": 894000000,
    "ebitdaratio": 0.1649750877,
    "operatingIncome": 224000000,
    "operatingIncomeRatio": 0.0413360399,
    "totalOtherIncomeExpensesNet": 1026000000,
    "incomeBeforeTax": 1250000000,
    "incomeBeforeTaxRatio": 0.2306698653,
    "incomeTaxExpense": 169000000,
    "netIncome": 1081000000,
    "netIncomeRatio": 0.1994832995,
    "eps": 1.19,
    "epsdiluted": 1.15,
    "weightedAverageShsOut": 911000000,
    "weightedAverageShsOutDil": 939000000,
    "link": "https://www.sec.gov/Archives/edgar/data/1108524/000110852420000047/0001108524-20-000047-index.htm",
    "finalLink": "https://www.sec.gov/Archives/edgar/data/1108524/000110852420000047/crm-20201031.htm"
  },
  {
    "date": "2020-07-31",
    "symbol": "CRM",
    "reportedCurrency": "USD",
    "cik": "0001108524",
    "fillingDate": "2020-08-28",
    "acceptedDate": "2020-08-28 07:59:20",
    "calendarYear": "2021",
    "period": "Q2",
    "revenue": 5151000000,
    "costOfRevenue": 1311000000,
    "grossProfit": 3840000000,
    "grossProfitRatio": 0.7454863133,
    "researchAndDevelopmentExpenses": 898000000,
    "generalAndAdministrativeExpenses": 489000000,
    "sellingAndMarketingExpenses": 2275000000,
    "sellingGeneralAndAdministrativeExpenses": 2764000000,
    "otherExpenses": 0,
    "operatingExpenses": 3662000000,
    "costAndExpenses": 4973000000,
    "interestIncome": 0,
    "interestExpense": 0,
    "depreciationAndAmortization": 649000000,
    "ebitda": 827000000,
    "ebitdaratio": 0.1605513493,
    "operatingIncome": 178000000,
    "operatingIncomeRatio": 0.0345563968,
    "totalOtherIncomeExpensesNet": 661000000,
    "incomeBeforeTax": 839000000,
    "incomeBeforeTaxRatio": 0.162880994,
    "incomeTaxExpense": -1786000000,
    "netIncome": 2625000000,
    "netIncomeRatio": 0.5096097845,
    "eps": 2.9,
    "epsdiluted": 2.85,
    "weightedAverageShsOut": 904000000,
    "weightedAverageShsOutDil": 922000000,
    "link": "https://www.sec.gov/Archives/edgar/data/1108524/000110852420000041/0001108524-20-000041-index.htm",
    "finalLink": "https://www.sec.gov/Archives/edgar/data/1108524/000110852420000041/crm-20200731.htm"
  },
  {
    "date": "2020-04-30",
    "symbol": "CRM",
    "reportedCurrency": "USD",
    "cik": "0001108524",
    "fillingDate": "2020-06-01",
    "acceptedDate": "2022-02-24 16:11:16",
    "calendarYear": "2021",
    "period": "Q1",
    "revenue": 4865000000,
    "costOfRevenue": 1254000000,
    "grossProfit": 3611000000,
    "grossProfitRatio": 0.7422404933,
    "researchAndDevelopmentExpenses": 859000000,
    "generalAndAdministrativeExpenses": 502000000,
    "sellingAndMarketingExpenses": 2390000000,
    "sellingGeneralAndAdministrativeExpenses": 2892000000,
    "otherExpenses": 0,
    "operatingExpenses": 3751000000,
    "costAndExpenses": 5005000000,
    "interestIncome": 0,
    "interestExpense": 0,
    "depreciationAndAmortization": 658000000,
    "ebitda": 518000000,
    "ebitdaratio": 0.1064748201,
    "operatingIncome": -140000000,
    "operatingIncomeRatio": -0.0287769784,
    "totalOtherIncomeExpensesNet": 187000000,
    "incomeBeforeTax": 47000000,
    "incomeBeforeTaxRatio": 0.0096608428,
    "incomeTaxExpense": -52000000,
    "netIncome": 99000000,
    "netIncomeRatio": 0.0203494347,
    "eps": 0.11,
    "epsdiluted": 0.11,
    "weightedAverageShsOut": 896000000,
    "weightedAverageShsOutDil": 913000000,
    "link": "https://www.sec.gov/Archives/edgar/data/1108524/000110852422000007/0001108524-22-000007-index.htm",
    "finalLink": "https://www.sec.gov/Archives/edgar/data/1108524/000110852422000007/crm-20200430.htm"
  },
  {
    "date": "2020-01-31",
    "symbol": "CRM",
    "reportedCurrency": "USD",
    "cik": "0001108524",
    "fillingDate": "2020-03-05",
    "acceptedDate": "2020-03-05 16:29:57",
    "calendarYear": "2020",
    "period": "Q4",
    "revenue": 4851000000,
    "costOfRevenue": 1220000000,
    "grossProfit": 3631000000,
    "grossProfitRatio": 0.7485054628,
    "researchAndDevelopmentExpenses": 831000000,
    "generalAndAdministrativeExpenses": 490000000,
    "sellingAndMarketingExpenses": 2346000000,
    "sellingGeneralAndAdministrativeExpenses": 2836000000,
    "otherExpenses": 0,
    "operatingExpenses": 3667000000,
    "costAndExpenses": 4887000000,
    "interestIncome": 0,
    "interestExpense": 0,
    "depreciationAndAmortization": 633000000,
    "ebitda": 597000000,
    "ebitdaratio": 0.1230674088,
    "operatingIncome": -36000000,
    "operatingIncomeRatio": -0.0074211503,
    "totalOtherIncomeExpensesNet": 32000000,
    "incomeBeforeTax": -4000000,
    "incomeBeforeTaxRatio": -0.0008245723,
    "incomeTaxExpense": 244000000,
    "netIncome": -248000000,
    "netIncomeRatio": -0.0511234797,
    "eps": -0.28,
    "epsdiluted": -0.28,
    "weightedAverageShsOut": 889000000,
    "weightedAverageShsOutDil": 889000000,
    "link": "https://www.sec.gov/Archives/edgar/data/1108524/000110852420000014/0001108524-20-000014-index.htm",
    "finalLink": "https://www.sec.gov/Archives/edgar/data/1108524/000110852420000014/crm-20200131.htm"
  },
  {
    "date": "2019-10-31",
    "symbol": "CRM",
    "reportedCurrency": "USD",
    "cik": "0001108524",
    "fillingDate": "2019-12-04",
    "acceptedDate": "2019-12-04 16:20:21",
    "calendarYear": "2020",
    "period": "Q3",
    "revenue": 4513000000,
    "costOfRevenue": 1134000000,
    "grossProfit": 3379000000,
    "grossProfitRatio": 0.7487259029,
    "researchAndDevelopmentExpenses": 774000000,
    "generalAndAdministrativeExpenses": 477000000,
    "sellingAndMarketingExpenses": 2063000000,
    "sellingGeneralAndAdministrativeExpenses": 2540000000,
    "otherExpenses": 0,
    "operatingExpenses": 3314000000,
    "costAndExpenses": 4448000000,
    "interestIncome": 0,
    "interestExpense": 0,
    "depreciationAndAmortization": 608000000,
    "ebitda": 673000000,
    "ebitdaratio": 0.1491247507,
    "operatingIncome": 65000000,
    "operatingIncomeRatio": 0.0144028363,
    "totalOtherIncomeExpensesNet": -1000000,
    "incomeBeforeTax": 64000000,
    "incomeBeforeTaxRatio": 0.0141812542,
    "incomeTaxExpense": 173000000,
    "netIncome": -109000000,
    "netIncomeRatio": -0.0241524485,
    "eps": -0.12,
    "epsdiluted": -0.12,
    "weightedAverageShsOut": 879000000,
    "weightedAverageShsOutDil": 879000000,
    "link": "https://www.sec.gov/Archives/edgar/data/1108524/000110852419000076/0001108524-19-000076-index.htm",
    "finalLink": "https://www.sec.gov/Archives/edgar/data/1108524/000110852419000076/crm-20191031.htm"
  },
  {
    "date": "2019-07-31",
    "symbol": "CRM",
    "reportedCurrency": "USD",
    "cik": "0001108524",
    "fillingDate": "2019-08-23",
    "acceptedDate": "2019-08-23 16:38:05",
    "calendarYear": "2020",
    "period": "Q2",
    "revenue": 3997000000,
    "costOfRevenue": 967000000,
    "grossProfit": 3030000000,
    "grossProfitRatio": 0.7580685514,
    "researchAndDevelopmentExpenses": 607000000,
    "generalAndAdministrativeExpenses": 375000000,
    "sellingAndMarketingExpenses": 1824000000,
    "sellingGeneralAndAdministrativeExpenses": 2199000000,
    "otherExpenses": 166000000,
    "operatingExpenses": 2972000000,
    "costAndExpenses": 3939000000,
    "interestIncome": 31000000,
    "interestExpense": 34000000,
    "depreciationAndAmortization": 395000000,
    "ebitda": 619000000,
    "ebitdaratio": 0.1548661496,
    "operatingIncome": 58000000,
    "operatingIncomeRatio": 0.0145108832,
    "totalOtherIncomeExpensesNet": 106000000,
    "incomeBeforeTax": 164000000,
    "incomeBeforeTaxRatio": 0.0410307731,
    "incomeTaxExpense": 73000000,
    "netIncome": 91000000,
    "netIncomeRatio": 0.0227670753,
    "eps": 0.12,
    "epsdiluted": 0.11,
    "weightedAverageShsOut": 776000000,
    "weightedAverageShsOutDil": 795000000,
    "link": "https://www.sec.gov/Archives/edgar/data/1108524/000110852419000052/0001108524-19-000052-index.htm",
    "finalLink": "https://www.sec.gov/Archives/edgar/data/1108524/000110852419000052/crmq2fy2010-q.htm"
  },
  {
    "date": "2019-04-30",
    "symbol": "CRM",
    "reportedCurrency": "USD",
    "cik": "0001108524",
    "fillingDate": "2019-06-05",
    "acceptedDate": "2019-06-05 16:17:30",
    "calendarYear": "2020",
    "period": "Q1",
    "revenue": 3737000000,
    "costOfRevenue": 914000000,
    "grossProfit": 2823000000,
    "grossProfitRatio": 0.7554187851,
    "researchAndDevelopmentExpenses": 554000000,
    "generalAndAdministrativeExpenses": 362000000,
    "sellingAndMarketingExpenses": 1697000000,
    "sellingGeneralAndAdministrativeExpenses": 2059000000,
    "otherExpenses": 0,
    "operatingExpenses": 2613000000,
    "costAndExpenses": 3527000000,
    "interestIncome": 0,
    "interestExpense": 0,
    "depreciationAndAmortization": 376000000,
    "ebitda": 586000000,
    "ebitdaratio": 0.1568102756,
    "operatingIncome": 210000000,
    "operatingIncomeRatio": 0.0561948087,
    "totalOtherIncomeExpensesNet": 272000000,
    "incomeBeforeTax": 482000000,
    "incomeBeforeTaxRatio": 0.1289804656,
    "incomeTaxExpense": 90000000,
    "netIncome": 392000000,
    "netIncomeRatio": 0.1048969762,
    "eps": 0.51,
    "epsdiluted": 0.49,
    "weightedAverageShsOut": 771000000,
    "weightedAverageShsOutDil": 793000000,
    "link": "https://www.sec.gov/Archives/edgar/data/1108524/000110852419000025/0001108524-19-000025-index.htm",
    "finalLink": "https://www.sec.gov/Archives/edgar/data/1108524/000110852419000025/crmq1fy2010-q.htm"
  },
  {
    "date": "2019-01-31",
    "symbol": "CRM",
    "reportedCurrency": "USD",
    "cik": "0001108524",
    "fillingDate": "2019-03-08",
    "acceptedDate": "2019-03-08 08:04:49",
    "calendarYear": "2019",
    "period": "Q4",
    "revenue": 3603000000,
    "costOfRevenue": 946000000,
    "grossProfit": 2657000000,
    "grossProfitRatio": 0.7374410214,
    "researchAndDevelopmentExpenses": 518000000,
    "generalAndAdministrativeExpenses": 359000000,
    "sellingAndMarketingExpenses": 1643000000,
    "sellingGeneralAndAdministrativeExpenses": 2002000000,
    "otherExpenses": 0,
    "operatingExpenses": 2520000000,
    "costAndExpenses": 3466000000,
    "interestIncome": 16000000,
    "interestExpense": 41000000,
    "depreciationAndAmortization": 273000000,
    "ebitda": 729000000,
    "ebitdaratio": 0.2023313905,
    "operatingIncome": 137000000,
    "operatingIncomeRatio": 0.038023869,
    "totalOtherIncomeExpensesNet": 102000000,
    "incomeBeforeTax": 239000000,
    "incomeBeforeTaxRatio": 0.0663336109,
    "incomeTaxExpense": -123000000,
    "netIncome": 362000000,
    "netIncomeRatio": 0.100471829,
    "eps": 0.47,
    "epsdiluted": 0.46,
    "weightedAverageShsOut": 766000000,
    "weightedAverageShsOutDil": 786000000,
    "link": "https://www.sec.gov/Archives/edgar/data/1108524/000110852419000009/0001108524-19-000009-index.htm",
    "finalLink": "https://www.sec.gov/Archives/edgar/data/1108524/000110852419000009/crmq4fy1910-k.htm"
  },
  {
    "date": "2018-10-31",
    "symbol": "CRM",
    "reportedCurrency": "USD",
    "cik": "0001108524",
    "fillingDate": "2018-11-28",
    "acceptedDate": "2018-11-28 16:36:12",
    "calendarYear": "2019",
    "period": "Q3",
    "revenue": 3392000000,
    "costOfRevenue": 889000000,
    "grossProfit": 2503000000,
    "grossProfitRatio": 0.7379127358,
    "researchAndDevelopmentExpenses": 481000000,
    "generalAndAdministrativeExpenses": 342000000,
    "sellingAndMarketingExpenses": 1588000000,
    "sellingGeneralAndAdministrativeExpenses": 1930000000,
    "otherExpenses": 0,
    "operatingExpenses": 2411000000,
    "costAndExpenses": 3300000000,
    "interestIncome": 13000000,
    "interestExpense": 40000000,
    "depreciationAndAmortization": 257000000,
    "ebitda": 349000000,
    "ebitdaratio": 0.1028891509,
    "operatingIncome": 92000000,
    "operatingIncomeRatio": 0.0271226415,
    "totalOtherIncomeExpensesNet": 36000000,
    "incomeBeforeTax": 128000000,
    "incomeBeforeTaxRatio": 0.0377358491,
    "incomeTaxExpense": 23000000,
    "netIncome": 105000000,
    "netIncomeRatio": 0.0309551887,
    "eps": 0.14,
    "epsdiluted": 0.13,
    "weightedAverageShsOut": 760000000,
    "weightedAverageShsOutDil": 785000000,
    "link": "https://www.sec.gov/Archives/edgar/data/1108524/000110852418000087/0001108524-18-000087-index.htm",
    "finalLink": "https://www.sec.gov/Archives/edgar/data/1108524/000110852418000087/crmq3fy1910-q.htm"
  },
  {
    "date": "2018-07-31",
    "symbol": "CRM",
    "reportedCurrency": "USD",
    "cik": "0001108524",
    "fillingDate": "2018-08-31",
    "acceptedDate": "2018-08-31 16:29:15",
    "calendarYear": "2019",
    "period": "Q2",
    "revenue": 3281000000,
    "costOfRevenue": 849000000,
    "grossProfit": 2432000000,
    "grossProfitRatio": 0.7412374276,
    "researchAndDevelopmentExpenses": 463000000,
    "generalAndAdministrativeExpenses": 350000000,
    "sellingAndMarketingExpenses": 1504000000,
    "sellingGeneralAndAdministrativeExpenses": 1854000000,
    "otherExpenses": 0,
    "operatingExpenses": 2317000000,
    "costAndExpenses": 3166000000,
    "interestIncome": 12000000,
    "interestExpense": 39000000,
    "depreciationAndAmortization": 253000000,
    "ebitda": 705000000,
    "ebitdaratio": 0.2148735142,
    "operatingIncome": 115000000,
    "operatingIncomeRatio": 0.0350502895,
    "totalOtherIncomeExpensesNet": 116000000,
    "incomeBeforeTax": 231000000,
    "incomeBeforeTaxRatio": 0.0704053642,
    "incomeTaxExpense": -68000000,
    "netIncome": 299000000,
    "netIncomeRatio": 0.0911307528,
    "eps": 0.4,
    "epsdiluted": 0.39,
    "weightedAverageShsOut": 747000000,
    "weightedAverageShsOutDil": 774000000,
    "link": "https://www.sec.gov/Archives/edgar/data/1108524/000110852418000057/0001108524-18-000057-index.htm",
    "finalLink": "https://www.sec.gov/Archives/edgar/data/1108524/000110852418000057/crmq2fy1910-q.htm"
  },
  {
    "date": "2018-04-30",
    "symbol": "CRM",
    "reportedCurrency": "USD",
    "cik": "0001108524",
    "fillingDate": "2018-05-31",
    "acceptedDate": "2018-05-31 16:19:40",
    "calendarYear": "2019",
    "period": "Q1",
    "revenue": 3006000000,
    "costOfRevenue": 767000000,
    "grossProfit": 2239000000,
    "grossProfitRatio": 0.744843646,
    "researchAndDevelopmentExpenses": 424000000,
    "generalAndAdministrativeExpenses": 295000000,
    "sellingAndMarketingExpenses": 1329000000,
    "sellingGeneralAndAdministrativeExpenses": 1624000000,
    "otherExpenses": 0,
    "operatingExpenses": 2048000000,
    "costAndExpenses": 2815000000,
    "interestIncome": 20000000,
    "interestExpense": 34000000,
    "depreciationAndAmortization": 197000000,
    "ebitda": 191000000,
    "ebitdaratio": 0.0635395875,
    "operatingIncome": 191000000,
    "operatingIncomeRatio": 0.0635395875,
    "totalOtherIncomeExpensesNet": 194000000,
    "incomeBeforeTax": 385000000,
    "incomeBeforeTaxRatio": 0.128077179,
    "incomeTaxExpense": 41000000,
    "netIncome": 344000000,
    "netIncomeRatio": 0.1144377911,
    "eps": 0.47,
    "epsdiluted": 0.46,
    "weightedAverageShsOut": 729000000,
    "weightedAverageShsOutDil": 754000000,
    "link": "https://www.sec.gov/Archives/edgar/data/1108524/000110852418000035/0001108524-18-000035-index.htm",
    "finalLink": "https://www.sec.gov/Archives/edgar/data/1108524/000110852418000035/crmq1fy1910-q.htm"
  },
  {
    "date": "2018-01-31",
    "symbol": "CRM",
    "reportedCurrency": "USD",
    "cik": "0001108524",
    "fillingDate": "2018-03-09",
    "acceptedDate": "2018-03-09 17:01:46",
    "calendarYear": "2018",
    "period": "Q4",
    "revenue": 2851003000,
    "costOfRevenue": 737792000,
    "grossProfit": 2113211000,
    "grossProfitRatio": 0.7412166876,
    "researchAndDevelopmentExpenses": 396547000,
    "generalAndAdministrativeExpenses": 274490000,
    "sellingAndMarketingExpenses": 1364305000,
    "sellingGeneralAndAdministrativeExpenses": 1638795000,
    "otherExpenses": 0,
    "operatingExpenses": 2035342000,
    "costAndExpenses": 2773134000,
    "interestIncome": 12047000,
    "interestExpense": 21561000,
    "depreciationAndAmortization": 187689000,
    "ebitda": 297467000,
    "ebitdaratio": 0.1043376664,
    "operatingIncome": 77869000,
    "operatingIncomeRatio": 0.0273128439,
    "totalOtherIncomeExpensesNet": 10348000,
    "incomeBeforeTax": 88217000,
    "incomeBeforeTaxRatio": 0.0309424438,
    "incomeTaxExpense": 20662000,
    "netIncome": 67555000,
    "netIncomeRatio": 0.0236951697,
    "eps": 0.09,
    "epsdiluted": 0.09,
    "weightedAverageShsOut": 724127000,
    "weightedAverageShsOutDil": 749464000,
    "link": "https://www.sec.gov/Archives/edgar/data/1108524/000110852418000011/0001108524-18-000011-index.htm",
    "finalLink": "https://www.sec.gov/Archives/edgar/data/1108524/000110852418000011/crmq4fy1810-k.htm"
  },
  {
    "date": "2017-10-31",
    "symbol": "CRM",
    "reportedCurrency": "USD",
    "cik": "0001108524",
    "fillingDate": "2017-11-22",
    "acceptedDate": "2017-11-22 16:19:37",
    "calendarYear": "2018",
    "period": "Q3",
    "revenue": 2679841000,
    "costOfRevenue": 714000000,
    "grossProfit": 1987000000,
    "grossProfitRatio": 0.7414619002,
    "researchAndDevelopmentExpenses": 394000000,
    "generalAndAdministrativeExpenses": 271000000,
    "sellingAndMarketingExpenses": 1167000000,
    "sellingGeneralAndAdministrativeExpenses": 1438000000,
    "otherExpenses": 0,
    "operatingExpenses": 1832000000,
    "costAndExpenses": 2546000000,
    "interestIncome": 10000000,
    "interestExpense": 21000000,
    "depreciationAndAmortization": 188000000,
    "ebitda": 355000000,
    "ebitdaratio": 0.1324705458,
    "operatingIncome": 155000000,
    "operatingIncomeRatio": 0.0578392524,
    "totalOtherIncomeExpensesNet": -9000000,
    "incomeBeforeTax": 146000000,
    "incomeBeforeTaxRatio": 0.0544808442,
    "incomeTaxExpense": 39000000,
    "netIncome": 107000000,
    "netIncomeRatio": 0.039927742,
    "eps": 0.07,
    "epsdiluted": 0.07,
    "weightedAverageShsOut": 717000000,
    "weightedAverageShsOutDil": 738000000,
    "link": "https://www.sec.gov/Archives/edgar/data/1108524/000110852417000040/0001108524-17-000040-index.htm",
    "finalLink": "https://www.sec.gov/Archives/edgar/data/1108524/000110852417000040/crmq3fy1810-q.htm"
  },
  {
    "date": "2017-07-31",
    "symbol": "CRM",
    "reportedCurrency": "USD",
    "cik": "0001108524",
    "fillingDate": "2017-08-25",
    "acceptedDate": "2017-08-25 16:19:47",
    "calendarYear": "2018",
    "period": "Q2",
    "revenue": 2561589000,
    "costOfRevenue": 670000000,
    "grossProfit": 1907000000,
    "grossProfitRatio": 0.7444597865,
    "researchAndDevelopmentExpenses": 387000000,
    "generalAndAdministrativeExpenses": 283000000,
    "sellingAndMarketingExpenses": 1153000000,
    "sellingGeneralAndAdministrativeExpenses": 1436000000,
    "otherExpenses": 0,
    "operatingExpenses": 1823000000,
    "costAndExpenses": 2493000000,
    "interestIncome": 8000000,
    "interestExpense": 22000000,
    "depreciationAndAmortization": 192000000,
    "ebitda": 277000000,
    "ebitdaratio": 0.1081360046,
    "operatingIncome": 84000000,
    "operatingIncomeRatio": 0.0327921458,
    "totalOtherIncomeExpensesNet": -21000000,
    "incomeBeforeTax": 63000000,
    "incomeBeforeTaxRatio": 0.0245941094,
    "incomeTaxExpense": 17000000,
    "netIncome": 46000000,
    "netIncomeRatio": 0.0179576037,
    "eps": 0.02,
    "epsdiluted": 0.02,
    "weightedAverageShsOut": 712000000,
    "weightedAverageShsOutDil": 729000000,
    "link": "https://www.sec.gov/Archives/edgar/data/1108524/000110852417000020/0001108524-17-000020-index.htm",
    "finalLink": "https://www.sec.gov/Archives/edgar/data/1108524/000110852417000020/crmq2fy1810-q.htm"
  },
  {
    "date": "2017-04-30",
    "symbol": "CRM",
    "reportedCurrency": "USD",
    "cik": "0001108524",
    "fillingDate": "2017-05-22",
    "acceptedDate": "2017-05-22 16:06:44",
    "calendarYear": "2018",
    "period": "Q1",
    "revenue": 2387579000,
    "costOfRevenue": 651000000,
    "grossProfit": 1746000000,
    "grossProfitRatio": 0.731284703,
    "researchAndDevelopmentExpenses": 376000000,
    "generalAndAdministrativeExpenses": 260000000,
    "sellingAndMarketingExpenses": 1106000000,
    "sellingGeneralAndAdministrativeExpenses": 1366000000,
    "otherExpenses": 0,
    "operatingExpenses": 1742000000,
    "costAndExpenses": 2393000000,
    "interestIncome": 6000000,
    "interestExpense": 22000000,
    "depreciationAndAmortization": 185000000,
    "ebitda": 197000000,
    "ebitdaratio": 0.0825103588,
    "operatingIncome": 4000000,
    "operatingIncomeRatio": 0.0016753372,
    "totalOtherIncomeExpensesNet": -14000000,
    "incomeBeforeTax": -10000000,
    "incomeBeforeTaxRatio": -0.0041883431,
    "incomeTaxExpense": -11000000,
    "netIncome": 1000000,
    "netIncomeRatio": 0.0004188343,
    "eps": -0.01,
    "epsdiluted": -0.01,
    "weightedAverageShsOut": 706000000,
    "weightedAverageShsOutDil": 722000000,
    "link": "https://www.sec.gov/Archives/edgar/data/1108524/000110852417000012/0001108524-17-000012-index.htm",
    "finalLink": "https://www.sec.gov/Archives/edgar/data/1108524/000110852417000012/crmq1fy1810-q.htm"
  },
  {
    "date": "2017-01-31",
    "symbol": "CRM",
    "reportedCurrency": "USD",
    "cik": "0001108524",
    "fillingDate": "2017-03-06",
    "acceptedDate": "2017-03-06 16:38:50",
    "calendarYear": "2017",
    "period": "Q4",
    "revenue": 2293988000,
    "costOfRevenue": 625957000,
    "grossProfit": 1668031000,
    "grossProfitRatio": 0.7271315282,
    "researchAndDevelopmentExpenses": 344192000,
    "generalAndAdministrativeExpenses": 257941000,
    "sellingAndMarketingExpenses": 1089243000,
    "sellingGeneralAndAdministrativeExpenses": 1347184000,
    "otherExpenses": 0,
    "operatingExpenses": 1691376000,
    "costAndExpenses": 2317333000,
    "interestIncome": 3940000,
    "interestExpense": 24323000,
    "depreciationAndAmortization": 180766000,
    "ebitda": 181620000,
    "ebitdaratio": 0.0791721666,
    "operatingIncome": -23345000,
    "operatingIncomeRatio": -0.0101766007,
    "totalOtherIncomeExpensesNet": -124000,
    "incomeBeforeTax": -23469000,
    "incomeBeforeTaxRatio": -0.0102306551,
    "incomeTaxExpense": 27971000,
    "netIncome": -51440000,
    "netIncomeRatio": -0.0224238313,
    "eps": -0.07,
    "epsdiluted": -0.07,
    "weightedAverageShsOut": 700994000,
    "weightedAverageShsOutDil": 700994000,
    "link": "https://www.sec.gov/Archives/edgar/data/1108524/000110852417000006/0001108524-17-000006-index.htm",
    "finalLink": "https://www.sec.gov/Archives/edgar/data/1108524/000110852417000006/crm-2017131x10k.htm"
  },
  {
    "date": "2016-10-31",
    "symbol": "CRM",
    "reportedCurrency": "USD",
    "cik": "0001108524",
    "fillingDate": "2016-11-21",
    "acceptedDate": "2016-11-21 17:18:34",
    "calendarYear": "2017",
    "period": "Q3",
    "revenue": 2144775000,
    "costOfRevenue": 585522000,
    "grossProfit": 1559253000,
    "grossProfitRatio": 0.7270007343,
    "researchAndDevelopmentExpenses": 311459000,
    "generalAndAdministrativeExpenses": 246765000,
    "sellingAndMarketingExpenses": 997993000,
    "sellingGeneralAndAdministrativeExpenses": 1244758000,
    "otherExpenses": 0,
    "operatingExpenses": 1556217000,
    "costAndExpenses": 2141739000,
    "interestIncome": 3642000,
    "interestExpense": 21946000,
    "depreciationAndAmortization": 169346000,
    "ebitda": 178706000,
    "ebitdaratio": 0.0833215605,
    "operatingIncome": 3036000,
    "operatingIncomeRatio": 0.0014155331,
    "totalOtherIncomeExpensesNet": -15622000,
    "incomeBeforeTax": -12586000,
    "incomeBeforeTaxRatio": -0.0058682146,
    "incomeTaxExpense": 24723000,
    "netIncome": -37309000,
    "netIncomeRatio": -0.0173952979,
    "eps": -0.05,
    "epsdiluted": -0.05,
    "weightedAverageShsOut": 690468000,
    "weightedAverageShsOutDil": 690468000,
    "link": "https://www.sec.gov/Archives/edgar/data/1108524/000110852416000128/0001108524-16-000128-index.htm",
    "finalLink": "https://www.sec.gov/Archives/edgar/data/1108524/000110852416000128/crmq3fy1710-q.htm"
  },
  {
    "date": "2016-07-31",
    "symbol": "CRM",
    "reportedCurrency": "USD",
    "cik": "0001108524",
    "fillingDate": "2016-09-01",
    "acceptedDate": "2016-08-31 18:25:50",
    "calendarYear": "2017",
    "period": "Q2",
    "revenue": 2036618000,
    "costOfRevenue": 525579000,
    "grossProfit": 1511039000,
    "grossProfitRatio": 0.7419354047,
    "researchAndDevelopmentExpenses": 291506000,
    "generalAndAdministrativeExpenses": 252051000,
    "sellingAndMarketingExpenses": 934931000,
    "sellingGeneralAndAdministrativeExpenses": 1186982000,
    "otherExpenses": 0,
    "operatingExpenses": 1478488000,
    "costAndExpenses": 2004067000,
    "interestIncome": 6546000,
    "interestExpense": 20708000,
    "depreciationAndAmortization": 149361000,
    "ebitda": 194352000,
    "ebitdaratio": 0.0954287942,
    "operatingIncome": 32551000,
    "operatingIncomeRatio": 0.0159828696,
    "totalOtherIncomeExpensesNet": -8268000,
    "incomeBeforeTax": 24283000,
    "incomeBeforeTaxRatio": 0.0119231982,
    "incomeTaxExpense": -205339000,
    "netIncome": 229622000,
    "netIncomeRatio": 0.1127467203,
    "eps": 0.34,
    "epsdiluted": 0.33,
    "weightedAverageShsOut": 681126000,
    "weightedAverageShsOutDil": 695968000,
    "link": "https://www.sec.gov/Archives/edgar/data/1108524/000110852416000085/0001108524-16-000085-index.htm",
    "finalLink": "https://www.sec.gov/Archives/edgar/data/1108524/000110852416000085/crmq2fy1710-q.htm"
  },
  {
    "date": "2016-04-30",
    "symbol": "CRM",
    "reportedCurrency": "USD",
    "cik": "0001108524",
    "fillingDate": "2016-05-20",
    "acceptedDate": "2016-05-20 16:56:10",
    "calendarYear": "2017",
    "period": "Q1",
    "revenue": 1916603000,
    "costOfRevenue": 496981000,
    "grossProfit": 1419622000,
    "grossProfitRatio": 0.7406969518,
    "researchAndDevelopmentExpenses": 260970000,
    "generalAndAdministrativeExpenses": 210806000,
    "sellingAndMarketingExpenses": 895860000,
    "sellingGeneralAndAdministrativeExpenses": 1106666000,
    "otherExpenses": 0,
    "operatingExpenses": 1367636000,
    "costAndExpenses": 1864617000,
    "interestIncome": 7773000,
    "interestExpense": 22011000,
    "depreciationAndAmortization": 132772000,
    "ebitda": 191938000,
    "ebitdaratio": 0.1001448918,
    "operatingIncome": 51986000,
    "operatingIncomeRatio": 0.0271240314,
    "totalOtherIncomeExpensesNet": -14831000,
    "incomeBeforeTax": 37155000,
    "incomeBeforeTaxRatio": 0.0193858613,
    "incomeTaxExpense": -1604000,
    "netIncome": 38759000,
    "netIncomeRatio": 0.0202227587,
    "eps": 0.06,
    "epsdiluted": 0.06,
    "weightedAverageShsOut": 677514000,
    "weightedAverageShsOutDil": 686799000,
    "link": "https://www.sec.gov/Archives/edgar/data/1108524/000110852416000066/0001108524-16-000066-index.htm",
    "finalLink": "https://www.sec.gov/Archives/edgar/data/1108524/000110852416000066/crmq1fy1710-q.htm"
  },
  {
    "date": "2016-01-31",
    "symbol": "CRM",
    "reportedCurrency": "USD",
    "cik": "0001108524",
    "fillingDate": "2016-03-07",
    "acceptedDate": "2016-03-04 17:53:06",
    "calendarYear": "2016",
    "period": "Q4",
    "revenue": 1809398000,
    "costOfRevenue": 443679000,
    "grossProfit": 1365719000,
    "grossProfitRatio": 0.7547919253,
    "researchAndDevelopmentExpenses": 250860000,
    "generalAndAdministrativeExpenses": 203924000,
    "sellingAndMarketingExpenses": 890375000,
    "sellingGeneralAndAdministrativeExpenses": 1094299000,
    "otherExpenses": 0,
    "operatingExpenses": 1345159000,
    "costAndExpenses": 1788838000,
    "interestIncome": 4227000,
    "interestExpense": 19465000,
    "depreciationAndAmortization": 131912000,
    "ebitda": 147234000,
    "ebitdaratio": 0.0813718154,
    "operatingIncome": 20560000,
    "operatingIncomeRatio": 0.0113628953,
    "totalOtherIncomeExpensesNet": -24703000,
    "incomeBeforeTax": -4143000,
    "incomeBeforeTaxRatio": -0.0022897118,
    "incomeTaxExpense": 21366000,
    "netIncome": -25509000,
    "netIncomeRatio": -0.0140980591,
    "eps": -0.04,
    "epsdiluted": -0.04,
    "weightedAverageShsOut": 643029997,
    "weightedAverageShsOutDil": 669025000,
    "link": "https://www.sec.gov/Archives/edgar/data/1108524/000110852416000053/0001108524-16-000053-index.htm",
    "finalLink": "https://www.sec.gov/Archives/edgar/data/1108524/000110852416000053/crm-2016131x10k.htm"
  },
  {
    "date": "2015-10-31",
    "symbol": "CRM",
    "reportedCurrency": "USD",
    "cik": "0001108524",
    "fillingDate": "2015-11-20",
    "acceptedDate": "2015-11-20 17:06:41",
    "calendarYear": "2016",
    "period": "Q3",
    "revenue": 1711967000,
    "costOfRevenue": 423683000,
    "grossProfit": 1288284000,
    "grossProfitRatio": 0.7525168417,
    "researchAndDevelopmentExpenses": 239212000,
    "generalAndAdministrativeExpenses": 186818000,
    "sellingAndMarketingExpenses": 818820000,
    "sellingGeneralAndAdministrativeExpenses": 1005638000,
    "otherExpenses": 0,
    "operatingExpenses": 1244850000,
    "costAndExpenses": 1668533000,
    "interestIncome": 3700000,
    "interestExpense": 18249000,
    "depreciationAndAmortization": 134236000,
    "ebitda": 195876000,
    "ebitdaratio": 0.1144157568,
    "operatingIncome": 43434000,
    "operatingIncomeRatio": 0.0253708161,
    "totalOtherIncomeExpensesNet": -43000,
    "incomeBeforeTax": 43391000,
    "incomeBeforeTaxRatio": 0.0253456988,
    "incomeTaxExpense": 68548000,
    "netIncome": -25157000,
    "netIncomeRatio": -0.0146947926,
    "eps": -0.04,
    "epsdiluted": -0.04,
    "weightedAverageShsOut": 664131000,
    "weightedAverageShsOutDil": 664131000,
    "link": "https://www.sec.gov/Archives/edgar/data/1108524/000110852415000034/0001108524-15-000034-index.htm",
    "finalLink": "https://www.sec.gov/Archives/edgar/data/1108524/000110852415000034/crmq3fy1610-q.htm"
  },
  {
    "date": "2015-07-31",
    "symbol": "CRM",
    "reportedCurrency": "USD",
    "cik": "0001108524",
    "fillingDate": "2015-08-25",
    "acceptedDate": "2015-08-24 21:22:07",
    "calendarYear": "2016",
    "period": "Q2",
    "revenue": 1634684000,
    "costOfRevenue": 405384000,
    "grossProfit": 1229300000,
    "grossProfitRatio": 0.7520107862,
    "researchAndDevelopmentExpenses": 234100000,
    "generalAndAdministrativeExpenses": 181685000,
    "sellingAndMarketingExpenses": 793691000,
    "sellingGeneralAndAdministrativeExpenses": 975376000,
    "otherExpenses": 0,
    "operatingExpenses": 1209476000,
    "costAndExpenses": 1614860000,
    "interestIncome": 3169000,
    "interestExpense": 18096000,
    "depreciationAndAmortization": 131675000,
    "ebitda": 156729000,
    "ebitdaratio": 0.095877246,
    "operatingIncome": 19824000,
    "operatingIncomeRatio": 0.0121271145,
    "totalOtherIncomeExpensesNet": -12866000,
    "incomeBeforeTax": 6958000,
    "incomeBeforeTaxRatio": 0.0042564802,
    "incomeTaxExpense": 7810000,
    "netIncome": -852000,
    "netIncomeRatio": -0.0005212017,
    "eps": -0.0013,
    "epsdiluted": -0.0013,
    "weightedAverageShsOut": 659366000,
    "weightedAverageShsOutDil": 659366000,
    "link": "https://www.sec.gov/Archives/edgar/data/1108524/000110852415000025/0001108524-15-000025-index.htm",
    "finalLink": "https://www.sec.gov/Archives/edgar/data/1108524/000110852415000025/crmq2fy1610-q.htm"
  },
  {
    "date": "2015-04-30",
    "symbol": "CRM",
    "reportedCurrency": "USD",
    "cik": "0001108524",
    "fillingDate": "2015-05-22",
    "acceptedDate": "2015-05-22 17:13:44",
    "calendarYear": "2016",
    "period": "Q1",
    "revenue": 1511167000,
    "costOfRevenue": 381802000,
    "grossProfit": 1129365000,
    "grossProfitRatio": 0.7473462562,
    "researchAndDevelopmentExpenses": 222128000,
    "generalAndAdministrativeExpenses": 139194000,
    "sellingAndMarketingExpenses": 736938000,
    "sellingGeneralAndAdministrativeExpenses": 876132000,
    "otherExpenses": 0,
    "operatingExpenses": 1098260000,
    "costAndExpenses": 1480062000,
    "interestIncome": 3049000,
    "interestExpense": 16675000,
    "depreciationAndAmortization": 127927000,
    "ebitda": 162675000,
    "ebitdaratio": 0.1076485921,
    "operatingIncome": 31105000,
    "operatingIncomeRatio": 0.0205834299,
    "totalOtherIncomeExpensesNet": -13032000,
    "incomeBeforeTax": 18073000,
    "incomeBeforeTaxRatio": 0.0119596312,
    "incomeTaxExpense": 13981000,
    "netIncome": 4092000,
    "netIncomeRatio": 0.002707841,
    "eps": 0.01,
    "epsdiluted": 0.01,
    "weightedAverageShsOut": 653809000,
    "weightedAverageShsOutDil": 664310000,
    "link": "https://www.sec.gov/Archives/edgar/data/1108524/000110852415000014/0001108524-15-000014-index.htm",
    "finalLink": "https://www.sec.gov/Archives/edgar/data/1108524/000110852415000014/crmq1fy1610-q.htm"
  },
  {
    "date": "2015-01-31",
    "symbol": "CRM",
    "reportedCurrency": "USD",
    "cik": "0001108524",
    "fillingDate": "2015-03-06",
    "acceptedDate": "2015-03-05 18:19:38",
    "calendarYear": "2015",
    "period": "Q4",
    "revenue": 1444608000,
    "costOfRevenue": 355923000,
    "grossProfit": 1088685000,
    "grossProfitRatio": 0.7536196671,
    "researchAndDevelopmentExpenses": 205990000,
    "generalAndAdministrativeExpenses": 181371000,
    "sellingAndMarketingExpenses": 736140000,
    "sellingGeneralAndAdministrativeExpenses": 917511000,
    "otherExpenses": 0,
    "operatingExpenses": 1123501000,
    "costAndExpenses": 1479424000,
    "interestIncome": 3078000,
    "interestExpense": 16882000,
    "depreciationAndAmortization": 117938000,
    "ebitda": 81322000,
    "ebitdaratio": 0.056293472,
    "operatingIncome": -34816000,
    "operatingIncomeRatio": -0.0241006557,
    "totalOtherIncomeExpensesNet": -18682000,
    "incomeBeforeTax": -53498000,
    "incomeBeforeTaxRatio": -0.0370328837,
    "incomeTaxExpense": 12267000,
    "netIncome": -65765000,
    "netIncomeRatio": -0.0455244606,
    "eps": -0.1,
    "epsdiluted": -0.1,
    "weightedAverageShsOut": 637219000,
    "weightedAverageShsOutDil": 637219000,
    "link": "https://www.sec.gov/Archives/edgar/data/1108524/000110852415000008/0001108524-15-000008-index.htm",
    "finalLink": "https://www.sec.gov/Archives/edgar/data/1108524/000110852415000008/crm-2015131x10k.htm"
  },
  {
    "date": "2014-10-31",
    "symbol": "CRM",
    "reportedCurrency": "USD",
    "cik": "0001108524",
    "fillingDate": "2014-11-26",
    "acceptedDate": "2014-11-25 18:27:42",
    "calendarYear": "2015",
    "period": "Q3",
    "revenue": 1383655000,
    "costOfRevenue": 333211000,
    "grossProfit": 1050444000,
    "grossProfitRatio": 0.7591805761,
    "researchAndDevelopmentExpenses": 195460000,
    "generalAndAdministrativeExpenses": 167383000,
    "sellingAndMarketingExpenses": 709643000,
    "sellingGeneralAndAdministrativeExpenses": 877026000,
    "otherExpenses": 0,
    "operatingExpenses": 1072486000,
    "costAndExpenses": 1405697000,
    "interestIncome": 2720000,
    "interestExpense": 17682000,
    "depreciationAndAmortization": 111954000,
    "ebitda": 107787000,
    "ebitdaratio": 0.0779001991,
    "operatingIncome": -22042000,
    "operatingIncomeRatio": -0.0159302716,
    "totalOtherIncomeExpensesNet": 193000,
    "incomeBeforeTax": -21849000,
    "incomeBeforeTaxRatio": -0.015790786,
    "incomeTaxExpense": 17075000,
    "netIncome": -38924000,
    "netIncomeRatio": -0.02813129,
    "eps": -0.06,
    "epsdiluted": -0.06,
    "weightedAverageShsOut": 629548000,
    "weightedAverageShsOutDil": 629548000,
    "link": "https://www.sec.gov/Archives/edgar/data/1108524/000110852414000023/0001108524-14-000023-index.htm",
    "finalLink": "https://www.sec.gov/Archives/edgar/data/1108524/000110852414000023/crm-20141031x10q.htm"
  },
  {
    "date": "2014-07-31",
    "symbol": "CRM",
    "reportedCurrency": "USD",
    "cik": "0001108524",
    "fillingDate": "2014-08-26",
    "acceptedDate": "2014-08-26 17:03:45",
    "calendarYear": "2015",
    "period": "Q2",
    "revenue": 1318551000,
    "costOfRevenue": 307831000,
    "grossProfit": 1010720000,
    "grossProfitRatio": 0.7665384198,
    "researchAndDevelopmentExpenses": 203109000,
    "generalAndAdministrativeExpenses": 169087000,
    "sellingAndMarketingExpenses": 671958000,
    "sellingGeneralAndAdministrativeExpenses": 841045000,
    "otherExpenses": 0,
    "operatingExpenses": 1044154000,
    "costAndExpenses": 1351985000,
    "interestIncome": 2567000,
    "interestExpense": 18314000,
    "depreciationAndAmortization": 107596000,
    "ebitda": 72941000,
    "ebitdaratio": 0.0553190586,
    "operatingIncome": -33434000,
    "operatingIncomeRatio": -0.0253566225,
    "totalOtherIncomeExpensesNet": -19535000,
    "incomeBeforeTax": -52969000,
    "incomeBeforeTaxRatio": -0.0401721283,
    "incomeTaxExpense": 8119000,
    "netIncome": -61088000,
    "netIncomeRatio": -0.0463296452,
    "eps": -0.1,
    "epsdiluted": -0.1,
    "weightedAverageShsOut": 610880000,
    "weightedAverageShsOutDil": 617016000,
    "link": "https://www.sec.gov/Archives/edgar/data/1108524/000110852414000009/0001108524-14-000009-index.htm",
    "finalLink": "https://www.sec.gov/Archives/edgar/data/1108524/000110852414000009/crm-2014731x10q.htm"
  },
  {
    "date": "2014-04-30",
    "symbol": "CRM",
    "reportedCurrency": "USD",
    "cik": "0001108524",
    "fillingDate": "2014-05-30",
    "acceptedDate": "2014-05-29 21:40:13",
    "calendarYear": "2015",
    "period": "Q1",
    "revenue": 1226772000,
    "costOfRevenue": 292305000,
    "grossProfit": 934467000,
    "grossProfitRatio": 0.7617283407,
    "researchAndDevelopmentExpenses": 188358000,
    "generalAndAdministrativeExpenses": 162095000,
    "sellingAndMarketingExpenses": 639355000,
    "sellingGeneralAndAdministrativeExpenses": 801450000,
    "otherExpenses": 0,
    "operatingExpenses": 989808000,
    "costAndExpenses": 1282113000,
    "interestIncome": 1764000,
    "interestExpense": 20359000,
    "depreciationAndAmortization": 110808000,
    "ebitda": 46398000,
    "ebitdaratio": 0.0378212088,
    "operatingIncome": -55341000,
    "operatingIncomeRatio": -0.045111072,
    "totalOtherIncomeExpensesNet": -29428000,
    "incomeBeforeTax": -84769000,
    "incomeBeforeTaxRatio": -0.0690992295,
    "incomeTaxExpense": 12142000,
    "netIncome": -96911000,
    "netIncomeRatio": -0.0789967492,
    "eps": -0.16,
    "epsdiluted": -0.16,
    "weightedAverageShsOut": 605693750,
    "weightedAverageShsOutDil": 612512000,
    "link": "https://www.sec.gov/Archives/edgar/data/1108524/000144530514002370/0001445305-14-002370-index.htm",
    "finalLink": "https://www.sec.gov/Archives/edgar/data/1108524/000144530514002370/crm-2014430x10q.htm"
  },
  {
    "date": "2014-01-31",
    "symbol": "CRM",
    "reportedCurrency": "USD",
    "cik": "0001108524",
    "fillingDate": "2014-03-05",
    "acceptedDate": "2014-03-05 17:19:50",
    "calendarYear": "2014",
    "period": "Q4",
    "revenue": 1145242000,
    "costOfRevenue": 273530000,
    "grossProfit": 871712000,
    "grossProfitRatio": 0.7611596501,
    "researchAndDevelopmentExpenses": 173090000,
    "generalAndAdministrativeExpenses": 162576000,
    "sellingAndMarketingExpenses": 639792000,
    "sellingGeneralAndAdministrativeExpenses": 802368000,
    "otherExpenses": 0,
    "operatingExpenses": 975458000,
    "costAndExpenses": 1248988000,
    "interestIncome": 1483000,
    "interestExpense": 22743000,
    "depreciationAndAmortization": 114813000,
    "ebitda": 14409000,
    "ebitdaratio": 0.0125816203,
    "operatingIncome": -103746000,
    "operatingIncomeRatio": -0.090588714,
    "totalOtherIncomeExpensesNet": -19401000,
    "incomeBeforeTax": -123147000,
    "incomeBeforeTaxRatio": -0.1075292384,
    "incomeTaxExpense": -6524000,
    "netIncome": -116623000,
    "netIncomeRatio": -0.1018326258,
    "eps": -0.19,
    "epsdiluted": -0.19,
    "weightedAverageShsOut": 589579741,
    "weightedAverageShsOutDil": 607374000,
    "link": "https://www.sec.gov/Archives/edgar/data/1108524/000119312514084762/0001193125-14-084762-index.htm",
    "finalLink": "https://www.sec.gov/Archives/edgar/data/1108524/000119312514084762/d648028d10k.htm"
  },
  {
    "date": "2013-10-31",
    "symbol": "CRM",
    "reportedCurrency": "USD",
    "cik": "0001108524",
    "fillingDate": "2013-11-25",
    "acceptedDate": "2013-11-25 17:08:28",
    "calendarYear": "2014",
    "period": "Q3",
    "revenue": 1076034000,
    "costOfRevenue": 268187000,
    "grossProfit": 807847000,
    "grossProfitRatio": 0.7507634517,
    "researchAndDevelopmentExpenses": 170690000,
    "generalAndAdministrativeExpenses": 153859000,
    "sellingAndMarketingExpenses": 581229000,
    "sellingGeneralAndAdministrativeExpenses": 735088000,
    "otherExpenses": 0,
    "operatingExpenses": 905778000,
    "costAndExpenses": 1173965000,
    "interestIncome": 1258000,
    "interestExpense": 22929000,
    "depreciationAndAmortization": 114347000,
    "ebitda": 13235000,
    "ebitdaratio": 0.0122997972,
    "operatingIncome": -97931000,
    "operatingIncomeRatio": -0.0910110647,
    "totalOtherIncomeExpensesNet": -26110000,
    "incomeBeforeTax": -124041000,
    "incomeBeforeTaxRatio": -0.1152760972,
    "incomeTaxExpense": 393000,
    "netIncome": -124434000,
    "netIncomeRatio": -0.1156413273,
    "eps": -0.21,
    "epsdiluted": -0.21,
    "weightedAverageShsOut": 592542857,
    "weightedAverageShsOutDil": 600467000,
    "link": "https://www.sec.gov/Archives/edgar/data/1108524/000119312513453124/0001193125-13-453124-index.htm",
    "finalLink": "https://www.sec.gov/Archives/edgar/data/1108524/000119312513453124/d596888d10q.htm"
  },
  {
    "date": "2013-07-31",
    "symbol": "CRM",
    "reportedCurrency": "USD",
    "cik": "0001108524",
    "fillingDate": "2013-08-30",
    "acceptedDate": "2013-08-30 17:02:28",
    "calendarYear": "2014",
    "period": "Q2",
    "revenue": 957094000,
    "costOfRevenue": 217717000,
    "grossProfit": 739377000,
    "grossProfitRatio": 0.7725228661,
    "researchAndDevelopmentExpenses": 148079000,
    "generalAndAdministrativeExpenses": 150534000,
    "sellingAndMarketingExpenses": 480621000,
    "sellingGeneralAndAdministrativeExpenses": 631155000,
    "otherExpenses": 0,
    "operatingExpenses": 779234000,
    "costAndExpenses": 996951000,
    "interestIncome": 3374000,
    "interestExpense": 19656000,
    "depreciationAndAmortization": 77966000,
    "ebitda": 40818000,
    "ebitdaratio": 0.0426478486,
    "operatingIncome": -39857000,
    "operatingIncomeRatio": -0.0416437675,
    "totalOtherIncomeExpensesNet": -16947000,
    "incomeBeforeTax": -56804000,
    "incomeBeforeTaxRatio": -0.0593504922,
    "incomeTaxExpense": -133407000,
    "netIncome": 76603000,
    "netIncomeRatio": 0.0800370705,
    "eps": 0.13,
    "epsdiluted": 0.12,
    "weightedAverageShsOut": 593955000,
    "weightedAverageShsOutDil": 624656000,
    "link": "https://www.sec.gov/Archives/edgar/data/1108524/000119312513354101/0001193125-13-354101-index.htm",
    "finalLink": "https://www.sec.gov/Archives/edgar/data/1108524/000119312513354101/d548588d10q.htm"
  },
  {
    "date": "2013-04-30",
    "symbol": "CRM",
    "reportedCurrency": "USD",
    "cik": "0001108524",
    "fillingDate": "2013-05-24",
    "acceptedDate": "2013-05-24 16:05:38",
    "calendarYear": "2014",
    "period": "Q1",
    "revenue": 892633000,
    "costOfRevenue": 208994000,
    "grossProfit": 683639000,
    "grossProfitRatio": 0.7658679435,
    "researchAndDevelopmentExpenses": 131939000,
    "generalAndAdministrativeExpenses": 129750000,
    "sellingAndMarketingExpenses": 466490000,
    "sellingGeneralAndAdministrativeExpenses": 596240000,
    "otherExpenses": 0,
    "operatingExpenses": 728179000,
    "costAndExpenses": 937173000,
    "interestIncome": 3397000,
    "interestExpense": 11883000,
    "depreciationAndAmortization": 62297000,
    "ebitda": 20237000,
    "ebitdaratio": 0.0226711314,
    "operatingIncome": -44540000,
    "operatingIncomeRatio": -0.0498973262,
    "totalOtherIncomeExpensesNet": -9403000,
    "incomeBeforeTax": -53943000,
    "incomeBeforeTaxRatio": -0.0604313307,
    "incomeTaxExpense": 13778000,
    "netIncome": -67721000,
    "netIncomeRatio": -0.0758665655,
    "eps": -0.12,
    "epsdiluted": -0.12,
    "weightedAverageShsOut": 564341666,
    "weightedAverageShsOutDil": 588385000,
    "link": "https://www.sec.gov/Archives/edgar/data/1108524/000119312513235664/0001193125-13-235664-index.htm",
    "finalLink": "https://www.sec.gov/Archives/edgar/data/1108524/000119312513235664/d511576d10q.htm"
  },
  {
    "date": "2013-01-31",
    "symbol": "CRM",
    "reportedCurrency": "USD",
    "cik": "0001108524",
    "fillingDate": "2013-03-08",
    "acceptedDate": "2013-03-08 17:07:01",
    "calendarYear": "2013",
    "period": "Q4",
    "revenue": 834681000,
    "costOfRevenue": 183362000,
    "grossProfit": 651319000,
    "grossProfitRatio": 0.7803208651,
    "researchAndDevelopmentExpenses": 121187000,
    "generalAndAdministrativeExpenses": 115369000,
    "sellingAndMarketingExpenses": 435570000,
    "sellingGeneralAndAdministrativeExpenses": 550939000,
    "otherExpenses": 0,
    "operatingExpenses": 672126000,
    "costAndExpenses": 855488000,
    "interestIncome": 2382000,
    "interestExpense": 8355000,
    "depreciationAndAmortization": 57395000,
    "ebitda": 39707000,
    "ebitdaratio": 0.0475714674,
    "operatingIncome": -20807000,
    "operatingIncomeRatio": -0.0249280863,
    "totalOtherIncomeExpensesNet": -5236000,
    "incomeBeforeTax": -26043000,
    "incomeBeforeTaxRatio": -0.0312011415,
    "incomeTaxExpense": -5199000,
    "netIncome": -20844000,
    "netIncomeRatio": -0.0249724146,
    "eps": -0.035,
    "epsdiluted": -0.035,
    "weightedAverageShsOut": 579880000,
    "weightedAverageShsOutDil": 579880000,
    "link": "https://www.sec.gov/Archives/edgar/data/1108524/000119312513098852/0001193125-13-098852-index.htm",
    "finalLink": "https://www.sec.gov/Archives/edgar/data/1108524/000119312513098852/d466584d10k.htm"
  },
  {
    "date": "2012-10-31",
    "symbol": "CRM",
    "reportedCurrency": "USD",
    "cik": "0001108524",
    "fillingDate": "2012-11-28",
    "acceptedDate": "2012-11-28 16:55:47",
    "calendarYear": "2013",
    "period": "Q3",
    "revenue": 788398000,
    "costOfRevenue": 186248000,
    "grossProfit": 602150000,
    "grossProfitRatio": 0.7637639872,
    "researchAndDevelopmentExpenses": 114074000,
    "generalAndAdministrativeExpenses": 113757000,
    "sellingAndMarketingExpenses": 428507000,
    "sellingGeneralAndAdministrativeExpenses": 542264000,
    "otherExpenses": 0,
    "operatingExpenses": 656338000,
    "costAndExpenses": 842586000,
    "interestIncome": 4063000,
    "interestExpense": 8190000,
    "depreciationAndAmortization": 59960000,
    "ebitda": 5299000,
    "ebitdaratio": 0.0067212246,
    "operatingIncome": -54188000,
    "operatingIncomeRatio": -0.0687317827,
    "totalOtherIncomeExpensesNet": -8663000,
    "incomeBeforeTax": -62851000,
    "incomeBeforeTaxRatio": -0.0797198877,
    "incomeTaxExpense": 157446000,
    "netIncome": -220297000,
    "netIncomeRatio": -0.2794235906,
    "eps": -0.39,
    "epsdiluted": -0.39,
    "weightedAverageShsOut": 564864102,
    "weightedAverageShsOutDil": 568812000,
    "link": "https://www.sec.gov/Archives/edgar/data/1108524/000119312512483959/0001193125-12-483959-index.htm",
    "finalLink": "https://www.sec.gov/Archives/edgar/data/1108524/000119312512483959/d434718d10q.htm"
  },
  {
    "date": "2012-07-31",
    "symbol": "CRM",
    "reportedCurrency": "USD",
    "cik": "0001108524",
    "fillingDate": "2012-08-31",
    "acceptedDate": "2012-08-31 17:01:27",
    "calendarYear": "2013",
    "period": "Q2",
    "revenue": 731649000,
    "costOfRevenue": 162418000,
    "grossProfit": 569231000,
    "grossProfitRatio": 0.7780110408,
    "researchAndDevelopmentExpenses": 99442000,
    "generalAndAdministrativeExpenses": 103095000,
    "sellingAndMarketingExpenses": 380160000,
    "sellingGeneralAndAdministrativeExpenses": 483255000,
    "otherExpenses": 0,
    "operatingExpenses": 582697000,
    "costAndExpenses": 745115000,
    "interestIncome": 4915000,
    "interestExpense": 8033000,
    "depreciationAndAmortization": 49999000,
    "ebitda": 44000000,
    "ebitdaratio": 0.0601381263,
    "operatingIncome": -13466000,
    "operatingIncomeRatio": -0.0184050002,
    "totalOtherIncomeExpensesNet": -566000,
    "incomeBeforeTax": -14032000,
    "incomeBeforeTaxRatio": -0.0191785952,
    "incomeTaxExpense": -4203000,
    "netIncome": -9829000,
    "netIncomeRatio": -0.0134340374,
    "eps": -0.0175,
    "epsdiluted": -0.0175,
    "weightedAverageShsOut": 557700000,
    "weightedAverageShsOutDil": 557700000,
    "link": "https://www.sec.gov/Archives/edgar/data/1108524/000119312512377656/0001193125-12-377656-index.htm",
    "finalLink": "https://www.sec.gov/Archives/edgar/data/1108524/000119312512377656/d378216d10q.htm"
  },
  {
    "date": "2012-04-30",
    "symbol": "CRM",
    "reportedCurrency": "USD",
    "cik": "0001108524",
    "fillingDate": "2012-05-25",
    "acceptedDate": "2012-05-25 15:39:38",
    "calendarYear": "2013",
    "period": "Q1",
    "revenue": 695467000,
    "costOfRevenue": 151551000,
    "grossProfit": 543916000,
    "grossProfitRatio": 0.7820874319,
    "researchAndDevelopmentExpenses": 94776000,
    "generalAndAdministrativeExpenses": 101600000,
    "sellingAndMarketingExpenses": 369789000,
    "sellingGeneralAndAdministrativeExpenses": 471389000,
    "otherExpenses": 0,
    "operatingExpenses": 566165000,
    "costAndExpenses": 717716000,
    "interestIncome": 4749000,
    "interestExpense": 6370000,
    "depreciationAndAmortization": 49441000,
    "ebitda": 30943000,
    "ebitdaratio": 0.0444924058,
    "operatingIncome": -22249000,
    "operatingIncomeRatio": -0.0319914532,
    "totalOtherIncomeExpensesNet": -2619000,
    "incomeBeforeTax": -24868000,
    "incomeBeforeTaxRatio": -0.0357572681,
    "incomeTaxExpense": -5393000,
    "netIncome": -19475000,
    "netIncomeRatio": -0.0280027665,
    "eps": -0.035,
    "epsdiluted": -0.035,
    "weightedAverageShsOut": 552600000,
    "weightedAverageShsOutDil": 552600000,
    "link": "https://www.sec.gov/Archives/edgar/data/1108524/000119312512249119/0001193125-12-249119-index.htm",
    "finalLink": "https://www.sec.gov/Archives/edgar/data/1108524/000119312512249119/d334385d10q.htm"
  },
  {
    "date": "2012-01-31",
    "symbol": "CRM",
    "reportedCurrency": "USD",
    "cik": "0001108524",
    "fillingDate": "2012-03-09",
    "acceptedDate": "2012-03-09 17:17:10",
    "calendarYear": "2012",
    "period": "Q4",
    "revenue": 631913000,
    "costOfRevenue": 136345000,
    "grossProfit": 495568000,
    "grossProfitRatio": 0.7842345386,
    "researchAndDevelopmentExpenses": 80613000,
    "generalAndAdministrativeExpenses": 93765000,
    "sellingAndMarketingExpenses": 327567000,
    "sellingGeneralAndAdministrativeExpenses": 421332000,
    "otherExpenses": 0,
    "operatingExpenses": 501945000,
    "costAndExpenses": 638290000,
    "interestIncome": 2488000,
    "interestExpense": 5669000,
    "depreciationAndAmortization": 45901000,
    "ebitda": 44035000,
    "ebitdaratio": 0.0696852257,
    "operatingIncome": -6377000,
    "operatingIncomeRatio": -0.0100915791,
    "totalOtherIncomeExpensesNet": -1158000,
    "incomeBeforeTax": -7535000,
    "incomeBeforeTaxRatio": -0.0119241098,
    "incomeTaxExpense": -3457000,
    "netIncome": -4078000,
    "netIncomeRatio": -0.00645342,
    "eps": -0.0075349958,
    "epsdiluted": -0.0075349958,
    "weightedAverageShsOut": 541208000,
    "weightedAverageShsOutDil": 541208000,
    "link": "https://www.sec.gov/Archives/edgar/data/1108524/000119312512107281/0001193125-12-107281-index.htm",
    "finalLink": "https://www.sec.gov/Archives/edgar/data/1108524/000119312512107281/d279348d10k.htm"
  },
  {
    "date": "2011-10-31",
    "symbol": "CRM",
    "reportedCurrency": "USD",
    "cik": "0001108524",
    "fillingDate": "2011-11-29",
    "acceptedDate": "2011-11-29 17:10:32",
    "calendarYear": "2012",
    "period": "Q3",
    "revenue": 584260000,
    "costOfRevenue": 128565000,
    "grossProfit": 455695000,
    "grossProfitRatio": 0.7799524184,
    "researchAndDevelopmentExpenses": 76049000,
    "generalAndAdministrativeExpenses": 85232000,
    "sellingAndMarketingExpenses": 304571000,
    "sellingGeneralAndAdministrativeExpenses": 389803000,
    "otherExpenses": 0,
    "operatingExpenses": 465852000,
    "costAndExpenses": 594417000,
    "interestIncome": 5136000,
    "interestExpense": 3859000,
    "depreciationAndAmortization": 41553000,
    "ebitda": 36562000,
    "ebitdaratio": 0.0625783042,
    "operatingIncome": -10157000,
    "operatingIncomeRatio": -0.0173843837,
    "totalOtherIncomeExpensesNet": 1307000,
    "incomeBeforeTax": -8850000,
    "incomeBeforeTaxRatio": -0.0151473659,
    "incomeTaxExpense": -5094000,
    "netIncome": -3756000,
    "netIncomeRatio": -0.0064286448,
    "eps": -0.0075,
    "epsdiluted": -0.0075,
    "weightedAverageShsOut": 543388000,
    "weightedAverageShsOutDil": 543388000,
    "link": "https://www.sec.gov/Archives/edgar/data/1108524/000119312511324675/0001193125-11-324675-index.htm",
    "finalLink": "https://www.sec.gov/Archives/edgar/data/1108524/000119312511324675/d238283d10q.htm"
  },
  {
    "date": "2011-07-31",
    "symbol": "CRM",
    "reportedCurrency": "USD",
    "cik": "0001108524",
    "fillingDate": "2011-09-06",
    "acceptedDate": "2011-09-06 15:52:57",
    "calendarYear": "2012",
    "period": "Q2",
    "revenue": 546002000,
    "costOfRevenue": 120910000,
    "grossProfit": 425092000,
    "grossProfitRatio": 0.7785539247,
    "researchAndDevelopmentExpenses": 73393000,
    "generalAndAdministrativeExpenses": 84446000,
    "sellingAndMarketingExpenses": 283001000,
    "sellingGeneralAndAdministrativeExpenses": 367447000,
    "otherExpenses": 0,
    "operatingExpenses": 440840000,
    "costAndExpenses": 561750000,
    "interestIncome": 5255000,
    "interestExpense": 3846000,
    "depreciationAndAmortization": 40239000,
    "ebitda": 26372000,
    "ebitdaratio": 0.0483001894,
    "operatingIncome": -15748000,
    "operatingIncomeRatio": -0.0288423852,
    "totalOtherIncomeExpensesNet": -1965000,
    "incomeBeforeTax": -17713000,
    "incomeBeforeTaxRatio": -0.0324412731,
    "incomeTaxExpense": -13445000,
    "netIncome": -4268000,
    "netIncomeRatio": -0.0078168212,
    "eps": -0.0075,
    "epsdiluted": -0.0075,
    "weightedAverageShsOut": 540372000,
    "weightedAverageShsOutDil": 540372000,
    "link": "https://www.sec.gov/Archives/edgar/data/1108524/000119312511241110/0001193125-11-241110-index.htm",
    "finalLink": "https://www.sec.gov/Archives/edgar/data/1108524/000119312511241110/d10q.htm"
  },
  {
    "date": "2011-04-30",
    "symbol": "CRM",
    "reportedCurrency": "USD",
    "cik": "0001108524",
    "fillingDate": "2011-05-26",
    "acceptedDate": "2011-05-26 16:45:57",
    "calendarYear": "2012",
    "period": "Q1",
    "revenue": 504364000,
    "costOfRevenue": 103066000,
    "grossProfit": 401298000,
    "grossProfitRatio": 0.7956515532,
    "researchAndDevelopmentExpenses": 65292000,
    "generalAndAdministrativeExpenses": 84338000,
    "sellingAndMarketingExpenses": 254471000,
    "sellingGeneralAndAdministrativeExpenses": 338809000,
    "otherExpenses": 0,
    "operatingExpenses": 404101000,
    "costAndExpenses": 507167000,
    "interestIncome": 8055000,
    "interestExpense": 3671000,
    "depreciationAndAmortization": 29593000,
    "ebitda": 34045000,
    "ebitdaratio": 0.0675008526,
    "operatingIncome": -2803000,
    "operatingIncomeRatio": -0.0055574942,
    "totalOtherIncomeExpensesNet": 3584000,
    "incomeBeforeTax": 781000,
    "incomeBeforeTaxRatio": 0.0015484848,
    "incomeTaxExpense": 251000,
    "netIncome": 530000,
    "netIncomeRatio": 0.0010508284,
    "eps": 0.0009928515,
    "epsdiluted": 0.0009393033,
    "weightedAverageShsOut": 533816000,
    "weightedAverageShsOutDil": 564248000,
    "link": "https://www.sec.gov/Archives/edgar/data/1108524/000119312511151778/0001193125-11-151778-index.htm",
    "finalLink": "https://www.sec.gov/Archives/edgar/data/1108524/000119312511151778/d10q.htm"
  },
  {
    "date": "2011-01-31",
    "symbol": "CRM",
    "reportedCurrency": "USD",
    "cik": "0001108524",
    "fillingDate": "2011-06-24",
    "acceptedDate": "2011-06-24 16:32:04",
    "calendarYear": "2011",
    "period": "Q4",
    "revenue": 456867000,
    "costOfRevenue": 92311000,
    "grossProfit": 364556000,
    "grossProfitRatio": 0.7979477616,
    "researchAndDevelopmentExpenses": 57530000,
    "generalAndAdministrativeExpenses": 74200000,
    "sellingAndMarketingExpenses": 233217000,
    "sellingGeneralAndAdministrativeExpenses": 307417000,
    "otherExpenses": 0,
    "operatingExpenses": 364947000,
    "costAndExpenses": 457258000,
    "interestIncome": -36000,
    "interestExpense": 3290000,
    "depreciationAndAmortization": 23738000,
    "ebitda": 31407000,
    "ebitdaratio": 0.0687442954,
    "operatingIncome": -391000,
    "operatingIncomeRatio": -0.0008558289,
    "totalOtherIncomeExpensesNet": 4770000,
    "incomeBeforeTax": 4379000,
    "incomeBeforeTaxRatio": 0.0095848464,
    "incomeTaxExpense": -6491000,
    "netIncome": 10913000,
    "netIncomeRatio": 0.0238866016,
    "eps": 0.020950761,
    "epsdiluted": 0.0198882883,
    "weightedAverageShsOut": 520888000,
    "weightedAverageShsOutDil": 548714894,
    "link": "https://www.sec.gov/Archives/edgar/data/1108524/000119312511173291/0001193125-11-173291-index.htm",
    "finalLink": "https://www.sec.gov/Archives/edgar/data/1108524/000119312511173291/d10ka.htm"
  },
  {
    "date": "2010-10-31",
    "symbol": "CRM",
    "reportedCurrency": "USD",
    "cik": "0001108524",
    "fillingDate": "2010-11-24",
    "acceptedDate": "2010-11-24 17:02:26",
    "calendarYear": "2011",
    "period": "Q3",
    "revenue": 429087000,
    "costOfRevenue": 82131000,
    "grossProfit": 346956000,
    "grossProfitRatio": 0.8085912647,
    "researchAndDevelopmentExpenses": 47305000,
    "generalAndAdministrativeExpenses": 63951000,
    "sellingAndMarketingExpenses": 200544000,
    "sellingGeneralAndAdministrativeExpenses": 264495000,
    "otherExpenses": 0,
    "operatingExpenses": 311800000,
    "costAndExpenses": 393931000,
    "interestIncome": 11699000,
    "interestExpense": 7374000,
    "depreciationAndAmortization": 19710000,
    "ebitda": 65644000,
    "ebitdaratio": 0.152985292,
    "operatingIncome": 35156000,
    "operatingIncomeRatio": 0.0819321023,
    "totalOtherIncomeExpensesNet": 3404000,
    "incomeBeforeTax": 38560000,
    "incomeBeforeTaxRatio": 0.0898652255,
    "incomeTaxExpense": 16192000,
    "netIncome": 21072000,
    "netIncomeRatio": 0.049108922,
    "eps": 0.04,
    "epsdiluted": 0.0375,
    "weightedAverageShsOut": 523552000,
    "weightedAverageShsOutDil": 561920000,
    "link": "https://www.sec.gov/Archives/edgar/data/1108524/000119312510268895/0001193125-10-268895-index.htm",
    "finalLink": "https://www.sec.gov/Archives/edgar/data/1108524/000119312510268895/d10q.htm"
  },
  {
    "date": "2010-07-31",
    "symbol": "CRM",
    "reportedCurrency": "USD",
    "cik": "0001108524",
    "fillingDate": "2010-09-09",
    "acceptedDate": "2010-09-09 10:33:11",
    "calendarYear": "2011",
    "period": "Q2",
    "revenue": 394372000,
    "costOfRevenue": 77790000,
    "grossProfit": 316582000,
    "grossProfitRatio": 0.8027496881,
    "researchAndDevelopmentExpenses": 42930000,
    "generalAndAdministrativeExpenses": 61569000,
    "sellingAndMarketingExpenses": 182401000,
    "sellingGeneralAndAdministrativeExpenses": 243970000,
    "otherExpenses": 0,
    "operatingExpenses": 286900000,
    "costAndExpenses": 364690000,
    "interestIncome": 8735000,
    "interestExpense": 7185000,
    "depreciationAndAmortization": 17793000,
    "ebitda": 54445000,
    "ebitdaratio": 0.1380549329,
    "operatingIncome": 29682000,
    "operatingIncomeRatio": 0.075263964,
    "totalOtherIncomeExpensesNet": -215000,
    "incomeBeforeTax": 29467000,
    "incomeBeforeTaxRatio": 0.0747187934,
    "incomeTaxExpense": 12884000,
    "netIncome": 14744000,
    "netIncomeRatio": 0.0373860213,
    "eps": 0.0275,
    "epsdiluted": 0.0275,
    "weightedAverageShsOut": 517848000,
    "weightedAverageShsOutDil": 536704000,
    "link": "https://www.sec.gov/Archives/edgar/data/1108524/000119312510207193/0001193125-10-207193-index.htm",
    "finalLink": "https://www.sec.gov/Archives/edgar/data/1108524/000119312510207193/d10q.htm"
  },
  {
    "date": "2010-04-30",
    "symbol": "CRM",
    "reportedCurrency": "USD",
    "cik": "0001108524",
    "fillingDate": "2010-05-28",
    "acceptedDate": "2010-05-28 15:43:29",
    "calendarYear": "2011",
    "period": "Q1",
    "revenue": 376813000,
    "costOfRevenue": 71581000,
    "grossProfit": 305232000,
    "grossProfitRatio": 0.8100357472,
    "researchAndDevelopmentExpenses": 40122000,
    "generalAndAdministrativeExpenses": 56193000,
    "sellingAndMarketingExpenses": 175867000,
    "sellingGeneralAndAdministrativeExpenses": 232060000,
    "otherExpenses": 0,
    "operatingExpenses": 272182000,
    "costAndExpenses": 343763000,
    "interestIncome": 7875000,
    "interestExpense": 7060000,
    "depreciationAndAmortization": 14505000,
    "ebitda": 53457000,
    "ebitdaratio": 0.1418661246,
    "operatingIncome": 33050000,
    "operatingIncomeRatio": 0.0877092882,
    "totalOtherIncomeExpensesNet": -1158000,
    "incomeBeforeTax": 31892000,
    "incomeBeforeTaxRatio": 0.0846361458,
    "incomeTaxExpense": 12016000,
    "netIncome": 17745000,
    "netIncomeRatio": 0.0470923243,
    "eps": 0.035,
    "epsdiluted": 0.0325,
    "weightedAverageShsOut": 512128000,
    "weightedAverageShsOutDil": 529004000,
    "link": "https://www.sec.gov/Archives/edgar/data/1108524/000095013010001306/0000950130-10-001306-index.htm",
    "finalLink": "https://www.sec.gov/Archives/edgar/data/1108524/000095013010001306/d10q.htm"
  },
  {
    "date": "2010-01-31",
    "symbol": "CRM",
    "reportedCurrency": "USD",
    "cik": "0001108524",
    "fillingDate": "2010-03-11",
    "acceptedDate": "2010-03-11 15:32:20",
    "calendarYear": "2010",
    "period": "Q4",
    "revenue": 354049000,
    "costOfRevenue": 68059000,
    "grossProfit": 285990000,
    "grossProfitRatio": 0.807769546,
    "researchAndDevelopmentExpenses": 36447000,
    "generalAndAdministrativeExpenses": 55472000,
    "sellingAndMarketingExpenses": 168552000,
    "sellingGeneralAndAdministrativeExpenses": 224024000,
    "otherExpenses": 0,
    "operatingExpenses": 260471000,
    "costAndExpenses": 328530000,
    "interestIncome": 0,
    "interestExpense": 0,
    "depreciationAndAmortization": 15287000,
    "ebitda": 69915000,
    "ebitdaratio": 0.1974726662,
    "operatingIncome": 25519000,
    "operatingIncomeRatio": 0.0720775938,
    "totalOtherIncomeExpensesNet": 9159000,
    "incomeBeforeTax": 34678000,
    "incomeBeforeTaxRatio": 0.0979468944,
    "incomeTaxExpense": 12263000,
    "netIncome": 20394000,
    "netIncomeRatio": 0.0576021963,
    "eps": 0.0409643104,
    "epsdiluted": 0.0397965874,
    "weightedAverageShsOut": 497848000,
    "weightedAverageShsOutDil": 512456000,
    "link": "https://www.sec.gov/Archives/edgar/data/1108524/000119312510053838/0001193125-10-053838-index.htm",
    "finalLink": "https://www.sec.gov/Archives/edgar/data/1108524/000119312510053838/d10k.htm"
  },
  {
    "date": "2009-10-31",
    "symbol": "CRM",
    "reportedCurrency": "USD",
    "cik": "0001108524",
    "fillingDate": "2009-11-25",
    "acceptedDate": "2009-11-25 15:34:43",
    "calendarYear": "2010",
    "period": "Q3",
    "revenue": 330549000,
    "costOfRevenue": 65570000,
    "grossProfit": 264979000,
    "grossProfitRatio": 0.8016330408,
    "researchAndDevelopmentExpenses": 32763000,
    "generalAndAdministrativeExpenses": 49909000,
    "sellingAndMarketingExpenses": 152166000,
    "sellingGeneralAndAdministrativeExpenses": 202075000,
    "otherExpenses": 0,
    "operatingExpenses": 234838000,
    "costAndExpenses": 300408000,
    "interestIncome": 7503000,
    "interestExpense": 292000,
    "depreciationAndAmortization": 13601000,
    "ebitda": 50909000,
    "ebitdaratio": 0.1540134746,
    "operatingIncome": 30141000,
    "operatingIncomeRatio": 0.0911846655,
    "totalOtherIncomeExpensesNet": 6875000,
    "incomeBeforeTax": 37016000,
    "incomeBeforeTaxRatio": 0.1119833973,
    "incomeTaxExpense": 15573000,
    "netIncome": 20691000,
    "netIncomeRatio": 0.0625958632,
    "eps": 0.0425,
    "epsdiluted": 0.04,
    "weightedAverageShsOut": 498244000,
    "weightedAverageShsOutDil": 514384000,
    "link": "https://www.sec.gov/Archives/edgar/data/1108524/000119312509242413/0001193125-09-242413-index.htm",
    "finalLink": "https://www.sec.gov/Archives/edgar/data/1108524/000119312509242413/d10q.htm"
  },
  {
    "date": "2009-07-31",
    "symbol": "CRM",
    "reportedCurrency": "USD",
    "cik": "0001108524",
    "fillingDate": "2009-08-25",
    "acceptedDate": "2009-08-25 13:09:38",
    "calendarYear": "2010",
    "period": "Q2",
    "revenue": 316061000,
    "costOfRevenue": 62496000,
    "grossProfit": 253565000,
    "grossProfitRatio": 0.8022660183,
    "researchAndDevelopmentExpenses": 31103000,
    "generalAndAdministrativeExpenses": 46759000,
    "sellingAndMarketingExpenses": 146214000,
    "sellingGeneralAndAdministrativeExpenses": 192973000,
    "otherExpenses": 0,
    "operatingExpenses": 224076000,
    "costAndExpenses": 286572000,
    "interestIncome": 7747000,
    "interestExpense": 293000,
    "depreciationAndAmortization": 12144000,
    "ebitda": 48308000,
    "ebitdaratio": 0.152843913,
    "operatingIncome": 29489000,
    "operatingIncomeRatio": 0.0933016095,
    "totalOtherIncomeExpensesNet": 6382000,
    "incomeBeforeTax": 35871000,
    "incomeBeforeTaxRatio": 0.1134939141,
    "incomeTaxExpense": 14030000,
    "netIncome": 21198000,
    "netIncomeRatio": 0.0670693316,
    "eps": 0.0425,
    "epsdiluted": 0.0425,
    "weightedAverageShsOut": 495384000,
    "weightedAverageShsOutDil": 506264000,
    "link": "https://www.sec.gov/Archives/edgar/data/1108524/000119312509180950/0001193125-09-180950-index.htm",
    "finalLink": "https://www.sec.gov/Archives/edgar/data/1108524/000119312509180950/d10q.htm"
  },
  {
    "date": "2009-04-30",
    "symbol": "CRM",
    "reportedCurrency": "USD",
    "cik": "0001108524",
    "fillingDate": "2009-05-27",
    "acceptedDate": "2009-05-27 17:12:59",
    "calendarYear": "2010",
    "period": "Q1",
    "revenue": 304924000,
    "costOfRevenue": 61800000,
    "grossProfit": 243124000,
    "grossProfitRatio": 0.7973265469,
    "researchAndDevelopmentExpenses": 31584000,
    "generalAndAdministrativeExpenses": 43150000,
    "sellingAndMarketingExpenses": 138267000,
    "sellingGeneralAndAdministrativeExpenses": 181417000,
    "otherExpenses": 0,
    "operatingExpenses": 213001000,
    "costAndExpenses": 274801000,
    "interestIncome": 5334000,
    "interestExpense": 208000,
    "depreciationAndAmortization": 12145000,
    "ebitda": 47169000,
    "ebitdaratio": 0.154691005,
    "operatingIncome": 30123000,
    "operatingIncomeRatio": 0.0987885506,
    "totalOtherIncomeExpensesNet": 4693000,
    "incomeBeforeTax": 34816000,
    "incomeBeforeTaxRatio": 0.1141792709,
    "incomeTaxExpense": 15823000,
    "netIncome": 18436000,
    "netIncomeRatio": 0.0604609673,
    "eps": 0.0375,
    "epsdiluted": 0.0375,
    "weightedAverageShsOut": 492824000,
    "weightedAverageShsOutDil": 501396000,
    "link": "https://www.sec.gov/Archives/edgar/data/1108524/000119312509119430/0001193125-09-119430-index.htm",
    "finalLink": "https://www.sec.gov/Archives/edgar/data/1108524/000119312509119430/d10q.htm"
  },
  {
    "date": "2009-01-31",
    "symbol": "CRM",
    "reportedCurrency": "USD",
    "cik": "0001108524",
    "fillingDate": "2009-03-09",
    "acceptedDate": "2009-03-09 17:24:17",
    "calendarYear": "2009",
    "period": "Q4",
    "revenue": 289583000,
    "costOfRevenue": 58734000,
    "grossProfit": 230849000,
    "grossProfitRatio": 0.7971773205,
    "researchAndDevelopmentExpenses": 29460000,
    "generalAndAdministrativeExpenses": 0,
    "sellingAndMarketingExpenses": 0,
    "sellingGeneralAndAdministrativeExpenses": 185299000,
    "otherExpenses": 0,
    "operatingExpenses": 214759000,
    "costAndExpenses": 273493000,
    "interestIncome": 0,
    "interestExpense": 0,
    "depreciationAndAmortization": 26351000,
    "ebitda": 66860000,
    "ebitdaratio": 0.230883719,
    "operatingIncome": 16090000,
    "operatingIncomeRatio": 0.0555626539,
    "totalOtherIncomeExpensesNet": 5649000,
    "incomeBeforeTax": 21739000,
    "incomeBeforeTaxRatio": 0.0750700145,
    "incomeTaxExpense": 7864000,
    "netIncome": 13753000,
    "netIncomeRatio": 0.0474924288,
    "eps": 0.028372379,
    "epsdiluted": 0.0274559204,
    "weightedAverageShsOut": 484732000,
    "weightedAverageShsOutDil": 500912000,
    "link": "https://www.sec.gov/Archives/edgar/data/1108524/000119312509048665/0001193125-09-048665-index.htm",
    "finalLink": "https://www.sec.gov/Archives/edgar/data/1108524/000119312509048665/d10k.htm"
  },
  {
    "date": "2008-10-31",
    "symbol": "CRM",
    "reportedCurrency": "USD",
    "cik": "0001108524",
    "fillingDate": "2008-11-25",
    "acceptedDate": "2008-11-25 16:57:06",
    "calendarYear": "2009",
    "period": "Q3",
    "revenue": 276487000,
    "costOfRevenue": 56348000,
    "grossProfit": 220139000,
    "grossProfitRatio": 0.796200183,
    "researchAndDevelopmentExpenses": 26270000,
    "generalAndAdministrativeExpenses": 0,
    "sellingAndMarketingExpenses": 0,
    "sellingGeneralAndAdministrativeExpenses": 177736000,
    "otherExpenses": 0,
    "operatingExpenses": 204006000,
    "costAndExpenses": 260354000,
    "interestIncome": 0,
    "interestExpense": 0,
    "depreciationAndAmortization": 22694000,
    "ebitda": 16133000,
    "ebitdaratio": 0.0583499405,
    "operatingIncome": 16133000,
    "operatingIncomeRatio": 0.0583499405,
    "totalOtherIncomeExpensesNet": 4374000,
    "incomeBeforeTax": 20507000,
    "incomeBeforeTaxRatio": 0.0741698525,
    "incomeTaxExpense": 8824000,
    "netIncome": 10124000,
    "netIncomeRatio": 0.0366165498,
    "eps": 0.02,
    "epsdiluted": 0.02,
    "weightedAverageShsOut": 486540000,
    "weightedAverageShsOutDil": 500532000,
    "link": "https://www.sec.gov/Archives/edgar/data/1108524/000119312508243442/0001193125-08-243442-index.htm",
    "finalLink": "https://www.sec.gov/Archives/edgar/data/1108524/000119312508243442/d10q.htm"
  },
  {
    "date": "2008-07-31",
    "symbol": "CRM",
    "reportedCurrency": "USD",
    "cik": "0001108524",
    "fillingDate": "2008-08-22",
    "acceptedDate": "2008-08-22 16:58:34",
    "calendarYear": "2009",
    "period": "Q2",
    "revenue": 263077000,
    "costOfRevenue": 54091000,
    "grossProfit": 208986000,
    "grossProfitRatio": 0.7943909958,
    "researchAndDevelopmentExpenses": 24033000,
    "generalAndAdministrativeExpenses": 0,
    "sellingAndMarketingExpenses": 0,
    "sellingGeneralAndAdministrativeExpenses": 168855000,
    "otherExpenses": 0,
    "operatingExpenses": 192888000,
    "costAndExpenses": 246979000,
    "interestIncome": 0,
    "interestExpense": 0,
    "depreciationAndAmortization": 37500000,
    "ebitda": 16098000,
    "ebitdaratio": 0.0611912102,
    "operatingIncome": 16098000,
    "operatingIncomeRatio": 0.0611912102,
    "totalOtherIncomeExpensesNet": 5868000,
    "incomeBeforeTax": 21966000,
    "incomeBeforeTaxRatio": 0.0834964668,
    "incomeTaxExpense": 10558000,
    "netIncome": 9996000,
    "netIncomeRatio": 0.0379964801,
    "eps": 0.02,
    "epsdiluted": 0.02,
    "weightedAverageShsOut": 483452000,
    "weightedAverageShsOutDil": 502504000,
    "link": "https://www.sec.gov/Archives/edgar/data/1108524/000119312508183002/0001193125-08-183002-index.htm",
    "finalLink": "https://www.sec.gov/Archives/edgar/data/1108524/000119312508183002/d10q.htm"
  },
  {
    "date": "2008-04-30",
    "symbol": "CRM",
    "reportedCurrency": "USD",
    "cik": "0001108524",
    "fillingDate": "2008-05-23",
    "acceptedDate": "2008-05-23 17:03:13",
    "calendarYear": "2009",
    "period": "Q1",
    "revenue": 247622000,
    "costOfRevenue": 51298000,
    "grossProfit": 196324000,
    "grossProfitRatio": 0.79283747,
    "researchAndDevelopmentExpenses": 19767000,
    "generalAndAdministrativeExpenses": 38432000,
    "sellingAndMarketingExpenses": 122704000,
    "sellingGeneralAndAdministrativeExpenses": 161136000,
    "otherExpenses": 0,
    "operatingExpenses": 180903000,
    "costAndExpenses": 232201000,
    "interestIncome": 7052000,
    "interestExpense": 330000,
    "depreciationAndAmortization": 8158000,
    "ebitda": 29868000,
    "ebitdaratio": 0.1206193311,
    "operatingIncome": 15421000,
    "operatingIncomeRatio": 0.0622763729,
    "totalOtherIncomeExpensesNet": 5959000,
    "incomeBeforeTax": 21380000,
    "incomeBeforeTaxRatio": 0.0863412782,
    "incomeTaxExpense": 10311000,
    "netIncome": 9555000,
    "netIncomeRatio": 0.0385870399,
    "eps": 0.02,
    "epsdiluted": 0.02,
    "weightedAverageShsOut": 479112000,
    "weightedAverageShsOutDil": 497656000,
    "link": "https://www.sec.gov/Archives/edgar/data/1108524/000119312508121851/0001193125-08-121851-index.htm",
    "finalLink": "https://www.sec.gov/Archives/edgar/data/1108524/000119312508121851/d10q.htm"
  },
  {
    "date": "2008-01-31",
    "symbol": "CRM",
    "reportedCurrency": "USD",
    "cik": "0001108524",
    "fillingDate": "2008-02-29",
    "acceptedDate": "2008-02-29 16:53:44",
    "calendarYear": "2008",
    "period": "Q4",
    "revenue": 216906000,
    "costOfRevenue": 46731000,
    "grossProfit": 170175000,
    "grossProfitRatio": 0.7845564438,
    "researchAndDevelopmentExpenses": 17703000,
    "generalAndAdministrativeExpenses": 0,
    "sellingAndMarketingExpenses": 0,
    "sellingGeneralAndAdministrativeExpenses": 141742000,
    "otherExpenses": 0,
    "operatingExpenses": 159445000,
    "costAndExpenses": 206176000,
    "interestIncome": 0,
    "interestExpense": 0,
    "depreciationAndAmortization": 19036000,
    "ebitda": 29766000,
    "ebitdaratio": 0.1372299521,
    "operatingIncome": 10730000,
    "operatingIncomeRatio": 0.0494684333,
    "totalOtherIncomeExpensesNet": 6720000,
    "incomeBeforeTax": 17450000,
    "incomeBeforeTaxRatio": 0.0804495957,
    "incomeTaxExpense": 8296000,
    "netIncome": 7379000,
    "netIncomeRatio": 0.0340193448,
    "eps": 0.0157886854,
    "epsdiluted": 0.0150687785,
    "weightedAverageShsOut": 467360000,
    "weightedAverageShsOutDil": 489688000,
    "link": "https://www.sec.gov/Archives/edgar/data/1108524/000119312508043828/0001193125-08-043828-index.htm",
    "finalLink": "https://www.sec.gov/Archives/edgar/data/1108524/000119312508043828/d10k.htm"
  },
  {
    "date": "2007-10-31",
    "symbol": "CRM",
    "reportedCurrency": "USD",
    "cik": "0001108524",
    "fillingDate": "2007-11-19",
    "acceptedDate": "2007-11-19 17:01:20",
    "calendarYear": "2008",
    "period": "Q3",
    "revenue": 192803000,
    "costOfRevenue": 44281000,
    "grossProfit": 148522000,
    "grossProfitRatio": 0.7703303372,
    "researchAndDevelopmentExpenses": 16892000,
    "generalAndAdministrativeExpenses": 0,
    "sellingAndMarketingExpenses": 0,
    "sellingGeneralAndAdministrativeExpenses": 125512000,
    "otherExpenses": 0,
    "operatingExpenses": 142404000,
    "costAndExpenses": 186685000,
    "interestIncome": 0,
    "interestExpense": 0,
    "depreciationAndAmortization": 17802000,
    "ebitda": 6118000,
    "ebitdaratio": 0.0317318714,
    "operatingIncome": 6118000,
    "operatingIncomeRatio": 0.0317318714,
    "totalOtherIncomeExpensesNet": 8113000,
    "incomeBeforeTax": 14231000,
    "incomeBeforeTaxRatio": 0.0738110922,
    "incomeTaxExpense": 6594000,
    "netIncome": 6512000,
    "netIncomeRatio": 0.0337754081,
    "eps": 0.015,
    "epsdiluted": 0.0125,
    "weightedAverageShsOut": 469444000,
    "weightedAverageShsOutDil": 488676000,
    "link": "https://www.sec.gov/Archives/edgar/data/1108524/000119312507250417/0001193125-07-250417-index.htm",
    "finalLink": "https://www.sec.gov/Archives/edgar/data/1108524/000119312507250417/d10q.htm"
  },
  {
    "date": "2007-07-31",
    "symbol": "CRM",
    "reportedCurrency": "USD",
    "cik": "0001108524",
    "fillingDate": "2007-08-17",
    "acceptedDate": "2007-08-17 17:15:42",
    "calendarYear": "2008",
    "period": "Q2",
    "revenue": 176579000,
    "costOfRevenue": 41412000,
    "grossProfit": 135167000,
    "grossProfitRatio": 0.7654760759,
    "researchAndDevelopmentExpenses": 15096000,
    "generalAndAdministrativeExpenses": 0,
    "sellingAndMarketingExpenses": 0,
    "sellingGeneralAndAdministrativeExpenses": 116724000,
    "otherExpenses": 0,
    "operatingExpenses": 131820000,
    "costAndExpenses": 173232000,
    "interestIncome": 0,
    "interestExpense": 0,
    "depreciationAndAmortization": 15689000,
    "ebitda": 3347000,
    "ebitdaratio": 0.0189546888,
    "operatingIncome": 3347000,
    "operatingIncomeRatio": 0.0189546888,
    "totalOtherIncomeExpensesNet": 5895000,
    "incomeBeforeTax": 9242000,
    "incomeBeforeTaxRatio": 0.0523391796,
    "incomeTaxExpense": 4653000,
    "netIncome": 3735000,
    "netIncomeRatio": 0.0211520056,
    "eps": 0.0075,
    "epsdiluted": 0.0075,
    "weightedAverageShsOut": 465176000,
    "weightedAverageShsOutDil": 485332000,
    "link": "https://www.sec.gov/Archives/edgar/data/1108524/000119312507185336/0001193125-07-185336-index.htm",
    "finalLink": "https://www.sec.gov/Archives/edgar/data/1108524/000119312507185336/d10q.htm"
  },
  {
    "date": "2007-04-30",
    "symbol": "CRM",
    "reportedCurrency": "USD",
    "cik": "0001108524",
    "fillingDate": "2007-05-18",
    "acceptedDate": "2007-05-18 17:10:03",
    "calendarYear": "2008",
    "period": "Q1",
    "revenue": 162412000,
    "costOfRevenue": 39167000,
    "grossProfit": 123245000,
    "grossProfitRatio": 0.7588417112,
    "researchAndDevelopmentExpenses": 14121000,
    "generalAndAdministrativeExpenses": 0,
    "sellingAndMarketingExpenses": 0,
    "sellingGeneralAndAdministrativeExpenses": 109010000,
    "otherExpenses": 0,
    "operatingExpenses": 123131000,
    "costAndExpenses": 162298000,
    "interestIncome": 0,
    "interestExpense": 0,
    "depreciationAndAmortization": 13887000,
    "ebitda": 114000,
    "ebitdaratio": 0.0007019186,
    "operatingIncome": 114000,
    "operatingIncomeRatio": 0.0007019186,
    "totalOtherIncomeExpensesNet": 5176000,
    "incomeBeforeTax": 5290000,
    "incomeBeforeTaxRatio": 0.0325714849,
    "incomeTaxExpense": 3842000,
    "netIncome": 730000,
    "netIncomeRatio": 0.0044947418,
    "eps": 0.0025,
    "epsdiluted": 0.0025,
    "weightedAverageShsOut": 459948000,
    "weightedAverageShsOutDil": 482540000,
    "link": "https://www.sec.gov/Archives/edgar/data/1108524/000119312507118825/0001193125-07-118825-index.htm",
    "finalLink": "https://www.sec.gov/Archives/edgar/data/1108524/000119312507118825/d10q.htm"
  },
  {
    "date": "2007-01-31",
    "symbol": "CRM",
    "reportedCurrency": "USD",
    "cik": "0001108524",
    "fillingDate": "2007-03-09",
    "acceptedDate": "2007-03-09 17:16:13",
    "calendarYear": "2007",
    "period": "Q4",
    "revenue": 144222000,
    "costOfRevenue": 33839000,
    "grossProfit": 110383000,
    "grossProfitRatio": 0.7653686677,
    "researchAndDevelopmentExpenses": 13331000,
    "generalAndAdministrativeExpenses": 0,
    "sellingAndMarketingExpenses": 0,
    "sellingGeneralAndAdministrativeExpenses": 99128000,
    "otherExpenses": 0,
    "operatingExpenses": 112459000,
    "costAndExpenses": 146298000,
    "interestIncome": 0,
    "interestExpense": 0,
    "depreciationAndAmortization": 10513000,
    "ebitda": 8437000,
    "ebitdaratio": 0.0585000901,
    "operatingIncome": -2076000,
    "operatingIncomeRatio": -0.0143944752,
    "totalOtherIncomeExpensesNet": 5966000,
    "incomeBeforeTax": 3890000,
    "incomeBeforeTaxRatio": 0.0269723066,
    "incomeTaxExpense": 2659000,
    "netIncome": 516000,
    "netIncomeRatio": 0.0035778175,
    "eps": 0.0011478298,
    "epsdiluted": 0.0010736222,
    "weightedAverageShsOut": 449544000,
    "weightedAverageShsOutDil": 480616000,
    "link": "https://www.sec.gov/Archives/edgar/data/1108524/000119312507051045/0001193125-07-051045-index.htm",
    "finalLink": "https://www.sec.gov/Archives/edgar/data/1108524/000119312507051045/d10k.htm"
  },
  {
    "date": "2006-10-31",
    "symbol": "CRM",
    "reportedCurrency": "USD",
    "cik": "0001108524",
    "fillingDate": "2006-11-17",
    "acceptedDate": "2006-11-17 17:17:51",
    "calendarYear": "2007",
    "period": "Q3",
    "revenue": 130053000,
    "costOfRevenue": 31360000,
    "grossProfit": 98693000,
    "grossProfitRatio": 0.7588675386,
    "researchAndDevelopmentExpenses": 11450000,
    "generalAndAdministrativeExpenses": 0,
    "sellingAndMarketingExpenses": 0,
    "sellingGeneralAndAdministrativeExpenses": 87366000,
    "otherExpenses": 0,
    "operatingExpenses": 98816000,
    "costAndExpenses": 130176000,
    "interestIncome": 0,
    "interestExpense": 0,
    "depreciationAndAmortization": 9166000,
    "ebitda": 9043000,
    "ebitdaratio": 0.0695331903,
    "operatingIncome": -123000,
    "operatingIncomeRatio": -0.0009457683,
    "totalOtherIncomeExpensesNet": 4441000,
    "incomeBeforeTax": 4318000,
    "incomeBeforeTaxRatio": 0.0332018485,
    "incomeTaxExpense": 3418000,
    "netIncome": 339000,
    "netIncomeRatio": 0.0026066296,
    "eps": 0.0007507641,
    "epsdiluted": 0.0007046118,
    "weightedAverageShsOut": 451540000,
    "weightedAverageShsOutDil": 481116000,
    "link": "https://www.sec.gov/Archives/edgar/data/1108524/000119312506238445/0001193125-06-238445-index.htm",
    "finalLink": "https://www.sec.gov/Archives/edgar/data/1108524/000119312506238445/d10q.htm"
  },
  {
    "date": "2006-07-31",
    "symbol": "CRM",
    "reportedCurrency": "USD",
    "cik": "0001108524",
    "fillingDate": "2006-08-18",
    "acceptedDate": "2006-08-18 17:04:12",
    "calendarYear": "2007",
    "period": "Q2",
    "revenue": 118137000,
    "costOfRevenue": 29131000,
    "grossProfit": 89006000,
    "grossProfitRatio": 0.7534134099,
    "researchAndDevelopmentExpenses": 11008000,
    "generalAndAdministrativeExpenses": 0,
    "sellingAndMarketingExpenses": 0,
    "sellingGeneralAndAdministrativeExpenses": 79277000,
    "otherExpenses": 0,
    "operatingExpenses": 90285000,
    "costAndExpenses": 119416000,
    "interestIncome": 0,
    "interestExpense": 0,
    "depreciationAndAmortization": 8754000,
    "ebitda": 7475000,
    "ebitdaratio": 0.0632739954,
    "operatingIncome": -1279000,
    "operatingIncomeRatio": -0.0108264134,
    "totalOtherIncomeExpensesNet": 3307000,
    "incomeBeforeTax": 2028000,
    "incomeBeforeTaxRatio": 0.0171665101,
    "incomeTaxExpense": 1713000,
    "netIncome": -145000,
    "netIncomeRatio": -0.0012273885,
    "eps": -0.0003241295,
    "epsdiluted": -0.0003241295,
    "weightedAverageShsOut": 447352000,
    "weightedAverageShsOutDil": 447352000,
    "link": "https://www.sec.gov/Archives/edgar/data/1108524/000119312506176211/0001193125-06-176211-index.htm",
    "finalLink": "https://www.sec.gov/Archives/edgar/data/1108524/000119312506176211/d10q.htm"
  },
  {
    "date": "2006-04-30",
    "symbol": "CRM",
    "reportedCurrency": "USD",
    "cik": "0001108524",
    "fillingDate": "2006-05-19",
    "acceptedDate": "2006-05-19 17:03:53",
    "calendarYear": "2007",
    "period": "Q1",
    "revenue": 104686000,
    "costOfRevenue": 24560000,
    "grossProfit": 80126000,
    "grossProfitRatio": 0.7653936534,
    "researchAndDevelopmentExpenses": 8825000,
    "generalAndAdministrativeExpenses": 0,
    "sellingAndMarketingExpenses": 0,
    "sellingGeneralAndAdministrativeExpenses": 71421000,
    "otherExpenses": 0,
    "operatingExpenses": 80246000,
    "costAndExpenses": 104806000,
    "interestIncome": 0,
    "interestExpense": 0,
    "depreciationAndAmortization": 7452000,
    "ebitda": 7332000,
    "ebitdaratio": 0.0700380185,
    "operatingIncome": -120000,
    "operatingIncomeRatio": -0.0011462851,
    "totalOtherIncomeExpensesNet": 2380000,
    "incomeBeforeTax": 2260000,
    "incomeBeforeTaxRatio": 0.021588369,
    "incomeTaxExpense": 2005000,
    "netIncome": -229000,
    "netIncomeRatio": -0.002187494,
    "eps": -0.0005159656,
    "epsdiluted": -0.0005159656,
    "weightedAverageShsOut": 443828000,
    "weightedAverageShsOutDil": 443828000,
    "link": "https://www.sec.gov/Archives/edgar/data/1108524/000119312506116421/0001193125-06-116421-index.htm",
    "finalLink": "https://www.sec.gov/Archives/edgar/data/1108524/000119312506116421/d10q.htm"
  },
  {
    "date": "2006-01-31",
    "symbol": "CRM",
    "reportedCurrency": "USD",
    "cik": "0001108524",
    "fillingDate": "2006-03-15",
    "acceptedDate": "2006-03-15 17:09:23",
    "calendarYear": "2006",
    "period": "Q4",
    "revenue": 91064000,
    "costOfRevenue": 21340000,
    "grossProfit": 69724000,
    "grossProfitRatio": 0.7656593165,
    "researchAndDevelopmentExpenses": 6956000,
    "generalAndAdministrativeExpenses": 0,
    "sellingAndMarketingExpenses": 0,
    "sellingGeneralAndAdministrativeExpenses": 57801000,
    "otherExpenses": -285000,
    "operatingExpenses": 64472000,
    "costAndExpenses": 85812000,
    "interestIncome": 0,
    "interestExpense": 0,
    "depreciationAndAmortization": 6197000,
    "ebitda": 11449000,
    "ebitdaratio": 0.125724765,
    "operatingIncome": 5252000,
    "operatingIncomeRatio": 0.057673724,
    "totalOtherIncomeExpensesNet": 2302000,
    "incomeBeforeTax": 7554000,
    "incomeBeforeTaxRatio": 0.0829526487,
    "incomeTaxExpense": 1330000,
    "netIncome": 5957000,
    "netIncomeRatio": 0.0654155319,
    "eps": 0.0138826743,
    "epsdiluted": 0.0125424257,
    "weightedAverageShsOut": 429096000,
    "weightedAverageShsOutDil": 474948000,
    "link": "https://www.sec.gov/Archives/edgar/data/1108524/000119312506055150/0001193125-06-055150-index.htm",
    "finalLink": "https://www.sec.gov/Archives/edgar/data/1108524/000119312506055150/d10k.htm"
  },
  {
    "date": "2005-10-31",
    "symbol": "CRM",
    "reportedCurrency": "USD",
    "cik": "0001108524",
    "fillingDate": "2005-11-18",
    "acceptedDate": "2005-11-18 14:27:25",
    "calendarYear": "2006",
    "period": "Q3",
    "revenue": 82673000,
    "costOfRevenue": 19584000,
    "grossProfit": 63089000,
    "grossProfitRatio": 0.7631149226,
    "researchAndDevelopmentExpenses": 6602000,
    "generalAndAdministrativeExpenses": 0,
    "sellingAndMarketingExpenses": 0,
    "sellingGeneralAndAdministrativeExpenses": 50100000,
    "otherExpenses": 0,
    "operatingExpenses": 56702000,
    "costAndExpenses": 76286000,
    "interestIncome": 0,
    "interestExpense": 0,
    "depreciationAndAmortization": 5119000,
    "ebitda": 6387000,
    "ebitdaratio": 0.077256178,
    "operatingIncome": 6387000,
    "operatingIncomeRatio": 0.077256178,
    "totalOtherIncomeExpensesNet": 1950000,
    "incomeBeforeTax": 8337000,
    "incomeBeforeTaxRatio": 0.1008430806,
    "incomeTaxExpense": -5101000,
    "netIncome": 13097000,
    "netIncomeRatio": 0.1584193146,
    "eps": 0.03,
    "epsdiluted": 0.0275,
    "weightedAverageShsOut": 431124000,
    "weightedAverageShsOutDil": 474620000,
    "link": "https://www.sec.gov/Archives/edgar/data/1108524/000119312505229314/0001193125-05-229314-index.htm",
    "finalLink": "https://www.sec.gov/Archives/edgar/data/1108524/000119312505229314/d10q.htm"
  },
  {
    "date": "2005-07-31",
    "symbol": "CRM",
    "reportedCurrency": "USD",
    "cik": "0001108524",
    "fillingDate": "2005-08-19",
    "acceptedDate": "2005-08-19 16:04:41",
    "calendarYear": "2006",
    "period": "Q2",
    "revenue": 71943000,
    "costOfRevenue": 16237000,
    "grossProfit": 55706000,
    "grossProfitRatio": 0.7743074378,
    "researchAndDevelopmentExpenses": 5470000,
    "generalAndAdministrativeExpenses": 0,
    "sellingAndMarketingExpenses": 0,
    "sellingGeneralAndAdministrativeExpenses": 46043000,
    "otherExpenses": 0,
    "operatingExpenses": 51513000,
    "costAndExpenses": 67750000,
    "interestIncome": 0,
    "interestExpense": 0,
    "depreciationAndAmortization": 4794000,
    "ebitda": 4193000,
    "ebitdaratio": 0.0582822512,
    "operatingIncome": 4193000,
    "operatingIncomeRatio": 0.0582822512,
    "totalOtherIncomeExpensesNet": 2359000,
    "incomeBeforeTax": 6552000,
    "incomeBeforeTaxRatio": 0.0910720987,
    "incomeTaxExpense": 1310000,
    "netIncome": 5040000,
    "netIncomeRatio": 0.0700554606,
    "eps": 0.0125,
    "epsdiluted": 0.01,
    "weightedAverageShsOut": 426456000,
    "weightedAverageShsOutDil": 471896000,
    "link": "https://www.sec.gov/Archives/edgar/data/1108524/000119312505171607/0001193125-05-171607-index.htm",
    "finalLink": "https://www.sec.gov/Archives/edgar/data/1108524/000119312505171607/d10q.htm"
  },
  {
    "date": "2005-04-30",
    "symbol": "CRM",
    "reportedCurrency": "USD",
    "cik": "0001108524",
    "fillingDate": "2005-05-20",
    "acceptedDate": "2005-05-20 06:06:34",
    "calendarYear": "2006",
    "period": "Q1",
    "revenue": 64177000,
    "costOfRevenue": 11965000,
    "grossProfit": 52212000,
    "grossProfitRatio": 0.8135624912,
    "researchAndDevelopmentExpenses": 4302000,
    "generalAndAdministrativeExpenses": 0,
    "sellingAndMarketingExpenses": 0,
    "sellingGeneralAndAdministrativeExpenses": 43925000,
    "otherExpenses": -285000,
    "operatingExpenses": 47942000,
    "costAndExpenses": 59907000,
    "interestIncome": 0,
    "interestExpense": 0,
    "depreciationAndAmortization": 4523000,
    "ebitda": 4270000,
    "ebitdaratio": 0.0665347399,
    "operatingIncome": 4270000,
    "operatingIncomeRatio": 0.0665347399,
    "totalOtherIncomeExpensesNet": 1485000,
    "incomeBeforeTax": 5755000,
    "incomeBeforeTaxRatio": 0.0896738707,
    "incomeTaxExpense": 1151000,
    "netIncome": 4380000,
    "netIncomeRatio": 0.0682487496,
    "eps": 0.01,
    "epsdiluted": 0.01,
    "weightedAverageShsOut": 420884000,
    "weightedAverageShsOutDil": 465468000,
    "link": "https://www.sec.gov/Archives/edgar/data/1108524/000119312505111788/0001193125-05-111788-index.htm",
    "finalLink": "https://www.sec.gov/Archives/edgar/data/1108524/000119312505111788/d10q.htm"
  },
  {
    "date": "2005-01-31",
    "symbol": "CRM",
    "reportedCurrency": "USD",
    "cik": "0001108524",
    "fillingDate": "2005-03-25",
    "acceptedDate": "2005-03-25 17:26:13",
    "calendarYear": "2005",
    "period": "Q4",
    "revenue": 54594000,
    "costOfRevenue": 10004000,
    "grossProfit": 44590000,
    "grossProfitRatio": 0.8167564201,
    "researchAndDevelopmentExpenses": 3159000,
    "generalAndAdministrativeExpenses": 0,
    "sellingAndMarketingExpenses": 0,
    "sellingGeneralAndAdministrativeExpenses": 38210000,
    "otherExpenses": 0,
    "operatingExpenses": 41369000,
    "costAndExpenses": 51373000,
    "interestIncome": 0,
    "interestExpense": 0,
    "depreciationAndAmortization": 4795000,
    "ebitda": 8016000,
    "ebitdaratio": 0.1468293219,
    "operatingIncome": 3221000,
    "operatingIncomeRatio": 0.0589991574,
    "totalOtherIncomeExpensesNet": 1318000,
    "incomeBeforeTax": 4539000,
    "incomeBeforeTaxRatio": 0.0831410045,
    "incomeTaxExpense": 603000,
    "netIncome": 3586000,
    "netIncomeRatio": 0.0656848738,
    "eps": 0.0118737004,
    "epsdiluted": 0.008085755,
    "weightedAverageShsOut": 302012000,
    "weightedAverageShsOutDil": 443496000,
    "link": "https://www.sec.gov/Archives/edgar/data/1108524/000119312505061027/0001193125-05-061027-index.htm",
    "finalLink": "https://www.sec.gov/Archives/edgar/data/1108524/000119312505061027/d10k.htm"
  },
  {
    "date": "2004-10-31",
    "symbol": "CRM",
    "reportedCurrency": "USD",
    "cik": "0001108524",
    "fillingDate": "2004-11-22",
    "acceptedDate": "2004-11-22 16:16:58",
    "calendarYear": "2005",
    "period": "Q3",
    "revenue": 46361000,
    "costOfRevenue": 8905000,
    "grossProfit": 37456000,
    "grossProfitRatio": 0.8079204504,
    "researchAndDevelopmentExpenses": 2462000,
    "generalAndAdministrativeExpenses": 0,
    "sellingAndMarketingExpenses": 0,
    "sellingGeneralAndAdministrativeExpenses": 33221000,
    "otherExpenses": 0,
    "operatingExpenses": 35683000,
    "costAndExpenses": 44588000,
    "interestIncome": 0,
    "interestExpense": 0,
    "depreciationAndAmortization": 5055000,
    "ebitda": 1773000,
    "ebitdaratio": 0.0382433511,
    "operatingIncome": 1773000,
    "operatingIncomeRatio": 0.0382433511,
    "totalOtherIncomeExpensesNet": 799000,
    "incomeBeforeTax": 2572000,
    "incomeBeforeTaxRatio": 0.0554776644,
    "incomeTaxExpense": 342000,
    "netIncome": 2153000,
    "netIncomeRatio": 0.0464398956,
    "eps": 0.005,
    "epsdiluted": 0.005,
    "weightedAverageShsOut": 409348000,
    "weightedAverageShsOutDil": 464704000,
    "link": "https://www.sec.gov/Archives/edgar/data/1108524/000119312504201626/0001193125-04-201626-index.htm",
    "finalLink": "https://www.sec.gov/Archives/edgar/data/1108524/000119312504201626/d10q.htm"
  },
  {
    "date": "2004-07-31",
    "symbol": "CRM",
    "reportedCurrency": "USD",
    "cik": "0001108524",
    "fillingDate": "2004-08-25",
    "acceptedDate": "2004-08-25 16:51:33",
    "calendarYear": "2005",
    "period": "Q2",
    "revenue": 40581000,
    "costOfRevenue": 8182000,
    "grossProfit": 32399000,
    "grossProfitRatio": 0.7983785515,
    "researchAndDevelopmentExpenses": 2074000,
    "generalAndAdministrativeExpenses": 0,
    "sellingAndMarketingExpenses": 0,
    "sellingGeneralAndAdministrativeExpenses": 29160000,
    "otherExpenses": 0,
    "operatingExpenses": 31234000,
    "costAndExpenses": 39416000,
    "interestIncome": 0,
    "interestExpense": 0,
    "depreciationAndAmortization": 4554000,
    "ebitda": 1165000,
    "ebitdaratio": 0.0287080161,
    "operatingIncome": 1165000,
    "operatingIncomeRatio": 0.0287080161,
    "totalOtherIncomeExpensesNet": 353000,
    "incomeBeforeTax": 1518000,
    "incomeBeforeTaxRatio": 0.0374066681,
    "incomeTaxExpense": 202000,
    "netIncome": 1170000,
    "netIncomeRatio": 0.0288312264,
    "eps": 0.005,
    "epsdiluted": 0.0025,
    "weightedAverageShsOut": 258096000,
    "weightedAverageShsOutDil": 430996000,
    "link": "https://www.sec.gov/Archives/edgar/data/1108524/000119312504146497/0001193125-04-146497-index.htm",
    "finalLink": "https://www.sec.gov/Archives/edgar/data/1108524/000119312504146497/d10q.htm"
  },
  {
    "date": "2004-04-30",
    "symbol": "CRM",
    "reportedCurrency": "USD",
    "cik": "0001108524",
    "fillingDate": "2004-04-30",
    "acceptedDate": "2004-04-30 00:00:00",
    "calendarYear": "2005",
    "period": "Q1",
    "revenue": 34839000,
    "costOfRevenue": 6363000,
    "grossProfit": 28476000,
    "grossProfitRatio": 0.8173598553,
    "researchAndDevelopmentExpenses": 2127000,
    "generalAndAdministrativeExpenses": 0,
    "sellingAndMarketingExpenses": 0,
    "sellingGeneralAndAdministrativeExpenses": 25988000,
    "otherExpenses": 0,
    "operatingExpenses": 28115000,
    "costAndExpenses": 34478000,
    "interestIncome": 0,
    "interestExpense": 0,
    "depreciationAndAmortization": 4341000,
    "ebitda": 4702000,
    "ebitdaratio": 0.1349636901,
    "operatingIncome": 361000,
    "operatingIncomeRatio": 0.0103619507,
    "totalOtherIncomeExpensesNet": 163000,
    "incomeBeforeTax": 524000,
    "incomeBeforeTaxRatio": 0.0150406154,
    "incomeTaxExpense": 70000,
    "netIncome": 437000,
    "netIncomeRatio": 0.012543414,
    "eps": 0.0025,
    "epsdiluted": 0.0025,
    "weightedAverageShsOut": 126752000,
    "weightedAverageShsOutDil": 401592000,
    "link": null,
    "finalLink": null
  },
  {
    "date": "2004-01-31",
    "symbol": "CRM",
    "reportedCurrency": "USD",
    "cik": "0001108524",
    "fillingDate": "2004-01-31",
    "acceptedDate": "2004-01-31 00:00:00",
    "calendarYear": "2004",
    "period": "Q4",
    "revenue": 24005000,
    "costOfRevenue": 0,
    "grossProfit": 0,
    "grossProfitRatio": 0,
    "researchAndDevelopmentExpenses": 0,
    "generalAndAdministrativeExpenses": 0,
    "sellingAndMarketingExpenses": 0,
    "sellingGeneralAndAdministrativeExpenses": 0,
    "otherExpenses": 0,
    "operatingExpenses": 0,
    "costAndExpenses": 0,
    "interestIncome": 0,
    "interestExpense": 0,
    "depreciationAndAmortization": 0,
    "ebitda": -68300000,
    "ebitdaratio": -2.8452405749,
    "operatingIncome": -68300000,
    "operatingIncomeRatio": -2.8452405749,
    "totalOtherIncomeExpensesNet": 68300000,
    "incomeBeforeTax": 0,
    "incomeBeforeTaxRatio": 0,
    "incomeTaxExpense": 0,
    "netIncome": 878000,
    "netIncomeRatio": 0.0365757134,
    "eps": 0.0074142881,
    "epsdiluted": 0.0023006215,
    "weightedAverageShsOut": 118420000,
    "weightedAverageShsOutDil": 381636000,
    "link": null,
    "finalLink": null
  },
  {
    "date": "2003-10-31",
    "symbol": "CRM",
    "reportedCurrency": "USD",
    "cik": "0001108524",
    "fillingDate": "2003-10-31",
    "acceptedDate": "2003-10-31 00:00:00",
    "calendarYear": "2004",
    "period": "Q3",
    "revenue": 24006000,
    "costOfRevenue": 0,
    "grossProfit": 0,
    "grossProfitRatio": 0,
    "researchAndDevelopmentExpenses": 0,
    "generalAndAdministrativeExpenses": 0,
    "sellingAndMarketingExpenses": 0,
    "sellingGeneralAndAdministrativeExpenses": 0,
    "otherExpenses": 0,
    "operatingExpenses": 0,
    "costAndExpenses": 0,
    "interestIncome": 0,
    "interestExpense": 0,
    "depreciationAndAmortization": 0,
    "ebitda": 24006000,
    "ebitdaratio": 1,
    "operatingIncome": 24006000,
    "operatingIncomeRatio": 1,
    "totalOtherIncomeExpensesNet": -24006000,
    "incomeBeforeTax": 0,
    "incomeBeforeTaxRatio": 0,
    "incomeTaxExpense": 0,
    "netIncome": 879000,
    "netIncomeRatio": 0.036615846,
    "eps": 0.0075,
    "epsdiluted": 0.0025,
    "weightedAverageShsOut": 117200000,
    "weightedAverageShsOutDil": 351600000,
    "link": null,
    "finalLink": null
  },
  {
    "date": "2003-07-31",
    "symbol": "CRM",
    "reportedCurrency": "USD",
    "cik": "0001108524",
    "fillingDate": "2003-07-31",
    "acceptedDate": "2003-07-31 00:00:00",
    "calendarYear": "2004",
    "period": "Q2",
    "revenue": 24006000,
    "costOfRevenue": 0,
    "grossProfit": 0,
    "grossProfitRatio": 0,
    "researchAndDevelopmentExpenses": 0,
    "generalAndAdministrativeExpenses": 0,
    "sellingAndMarketingExpenses": 0,
    "sellingGeneralAndAdministrativeExpenses": 0,
    "otherExpenses": 0,
    "operatingExpenses": 0,
    "costAndExpenses": 0,
    "interestIncome": 0,
    "interestExpense": 0,
    "depreciationAndAmortization": 0,
    "ebitda": 24006000,
    "ebitdaratio": 1,
    "operatingIncome": 24006000,
    "operatingIncomeRatio": 1,
    "totalOtherIncomeExpensesNet": -24006000,
    "incomeBeforeTax": 0,
    "incomeBeforeTaxRatio": 0,
    "incomeTaxExpense": 0,
    "netIncome": 879000,
    "netIncomeRatio": 0.036615846,
    "eps": 0.0075,
    "epsdiluted": 0.0025,
    "weightedAverageShsOut": 117200000,
    "weightedAverageShsOutDil": 351600000,
    "link": null,
    "finalLink": null
  },
  {
    "date": "2003-04-30",
    "symbol": "CRM",
    "reportedCurrency": "USD",
    "cik": "0001108524",
    "fillingDate": "2003-04-30",
    "acceptedDate": "2003-04-30 00:00:00",
    "calendarYear": "2004",
    "period": "Q1",
    "revenue": 18913000,
    "costOfRevenue": 3355000,
    "grossProfit": 15558000,
    "grossProfitRatio": 0.8226087876,
    "researchAndDevelopmentExpenses": 1240000,
    "generalAndAdministrativeExpenses": 0,
    "sellingAndMarketingExpenses": 0,
    "sellingGeneralAndAdministrativeExpenses": 0,
    "otherExpenses": 0,
    "operatingExpenses": 1240000,
    "costAndExpenses": 4595000,
    "interestIncome": 0,
    "interestExpense": 0,
    "depreciationAndAmortization": 0,
    "ebitda": 14318000,
    "ebitdaratio": 0.7570454185,
    "operatingIncome": 17000,
    "operatingIncomeRatio": 0.0008988526,
    "totalOtherIncomeExpensesNet": 384000,
    "incomeBeforeTax": 401000,
    "incomeBeforeTaxRatio": 0.0212023476,
    "incomeTaxExpense": 49000,
    "netIncome": 368000,
    "netIncomeRatio": 0.019457516,
    "eps": 0.0025,
    "epsdiluted": 0.001,
    "weightedAverageShsOut": 114640000,
    "weightedAverageShsOutDil": 366472000,
    "link": null,
    "finalLink": null
  }
]