[
  {
    "date": "2025-01-31",
    "symbol": "CRM",
    "reportedCurrency": "USD",
    "cik": "0001108524",
    "fillingDate": "2025-03-05",
    "acceptedDate": "2025-03-05 16:16:48",
    "calendarYear": "2025",
    "period": "FY",
    "revenue": 37895000000,
    "costOfRevenue": 8643000000,
    "grossProfit": 29252000000,
    "grossProfitRatio": 0.7719224172,
    "researchAndDevelopmentExpenses": 5493000000,
    "generalAndAdministrativeExpenses": 2836000000,
    "sellingAndMarketingExpenses": 13257000000,
    "sellingGeneralAndAdministrativeExpenses": 16093000000,
    "otherExpenses": 461000000,
    "operatingExpenses": 22047000000,
    "costAndExpenses": 30690000000,
    "interestIncome": 0,
    "interestExpense": 272000000,
    "depreciationAndAmortization": 3477000000,
    "ebitda": 11143000000,
    "ebitdaratio": 0.2940493469,
    "operatingIncome": 7205000000,
    "operatingIncomeRatio": 0.1901306241,
    "totalOtherIncomeExpensesNet": 233000000,
    "incomeBeforeTax": 7438000000,
    "incomeBeforeTaxRatio": 0.1962791925,
    "incomeTaxExpense": 1241000000,
    "netIncome": 6197000000,
    "netIncomeRatio": 0.1635308088,
    "eps": 6.44,
    "epsdiluted": 6.36,
    "weightedAverageShsOut": 962000000,
    "weightedAverageShsOutDil": 974000000,
    "link": "https://www.sec.gov/Archives/edgar/data/1108524/000110852425000006/0001108524-25-000006-index.htm",
    "finalLink": "https://www.sec.gov/Archives/edgar/data/1108524/000110852425000006/crm-20250131.htm"
  },
  {
    "date": "2024-01-31",
    "symbol": "CRM",
    "reportedCurrency": "USD",
    "cik": "0001108524",
    "fillingDate": "2024-03-06",
    "acceptedDate": "2024-03-06 16:32:48",
    "calendarYear": "2024",
    "period": "FY",
    "revenue": 34857000000,
    "costOfRevenue": 8541000000,
    "grossProfit": 26316000000,
    "grossProfitRatio": 0.7549703073,
    "researchAndDevelopmentExpenses": 4906000000,
    "generalAndAdministrativeExpenses": 2534000000,
    "sellingAndMarketingExpenses": 12877000000,
    "sellingGeneralAndAdministrativeExpenses": 15411000000,
    "otherExpenses": 988000000,
    "operatingExpenses": 21305000000,
    "costAndExpenses": 29846000000,
    "interestIncome": 0,
    "interestExpense": 0,
    "depreciationAndAmortization": 3222000000,
    "ebitda": 9221000000,
    "ebitdaratio": 0.2645379694,
    "operatingIncome": 5011000000,
    "operatingIncomeRatio": 0.1437587859,
    "totalOtherIncomeExpensesNet": -61000000,
    "incomeBeforeTax": 4950000000,
    "incomeBeforeTaxRatio": 0.1420087787,
    "incomeTaxExpense": 814000000,
    "netIncome": 4136000000,
    "netIncomeRatio": 0.118656224,
    "eps": 4.25,
    "epsdiluted": 4.2,
    "weightedAverageShsOut": 974000000,
    "weightedAverageShsOutDil": 984000000,
    "link": "https://www.sec.gov/Archives/edgar/data/1108524/000110852424000005/0001108524-24-000005-index.htm",
    "finalLink": "https://www.sec.gov/Archives/edgar/data/1108524/000110852424000005/crm-20240131.htm"
  },
  {
    "date": "2023-01-31",
    "symbol": "CRM",
    "reportedCurrency": "USD",
    "cik": "0001108524",
    "fillingDate": "2023-03-08",
    "acceptedDate": "2023-03-08 16:41:15",
    "calendarYear": "2023",
    "period": "FY",
    "revenue": 31352000000,
    "costOfRevenue": 8360000000,
    "grossProfit": 22992000000,
    "grossProfitRatio": 0.7333503445,
    "researchAndDevelopmentExpenses": 5055000000,
    "generalAndAdministrativeExpenses": 2553000000,
    "sellingAndMarketingExpenses": 13526000000,
    "sellingGeneralAndAdministrativeExpenses": 16079000000,
    "otherExpenses": 828000000,
    "operatingExpenses": 21962000000,
    "costAndExpenses": 30322000000,
    "interestIncome": 0,
    "interestExpense": 0,
    "depreciationAndAmortization": 3786000000,
    "ebitda": 5644000000,
    "ebitdaratio": 0.1800204134,
    "operatingIncome": 1030000000,
    "operatingIncomeRatio": 0.0328527686,
    "totalOtherIncomeExpensesNet": -370000000,
    "incomeBeforeTax": 660000000,
    "incomeBeforeTaxRatio": 0.0210512886,
    "incomeTaxExpense": 452000000,
    "netIncome": 208000000,
    "netIncomeRatio": 0.0066343455,
    "eps": 0.21,
    "epsdiluted": 0.21,
    "weightedAverageShsOut": 992000000,
    "weightedAverageShsOutDil": 997000000,
    "link": "https://www.sec.gov/Archives/edgar/data/1108524/000110852423000011/0001108524-23-000011-index.htm",
    "finalLink": "https://www.sec.gov/Archives/edgar/data/1108524/000110852423000011/crm-20230131.htm"
  },
  {
    "date": "2022-01-31",
    "symbol": "CRM",
    "reportedCurrency": "USD",
    "cik": "0001108524",
    "fillingDate": "2022-03-11",
    "acceptedDate": "2022-03-11 08:06:16",
    "calendarYear": "2022",
    "period": "FY",
    "revenue": 26492000000,
    "costOfRevenue": 7026000000,
    "grossProfit": 19466000000,
    "grossProfitRatio": 0.7347878605,
    "researchAndDevelopmentExpenses": 4465000000,
    "generalAndAdministrativeExpenses": 2598000000,
    "sellingAndMarketingExpenses": 11855000000,
    "sellingGeneralAndAdministrativeExpenses": 14453000000,
    "otherExpenses": 0,
    "operatingExpenses": 18918000000,
    "costAndExpenses": 25944000000,
    "interestIncome": 0,
    "interestExpense": 0,
    "depreciationAndAmortization": 3298000000,
    "ebitda": 3846000000,
    "ebitdaratio": 0.1451759022,
    "operatingIncome": 548000000,
    "operatingIncomeRatio": 0.02068549,
    "totalOtherIncomeExpensesNet": 984000000,
    "incomeBeforeTax": 1532000000,
    "incomeBeforeTaxRatio": 0.0578287785,
    "incomeTaxExpense": 88000000,
    "netIncome": 1444000000,
    "netIncomeRatio": 0.054507021,
    "eps": 1.51,
    "epsdiluted": 1.48,
    "weightedAverageShsOut": 955000000,
    "weightedAverageShsOutDil": 974000000,
    "link": "https://www.sec.gov/Archives/edgar/data/1108524/000110852422000013/0001108524-22-000013-index.htm",
    "finalLink": "https://www.sec.gov/Archives/edgar/data/1108524/000110852422000013/crm-20220131.htm"
  },
  {
    "date": "2021-01-31",
    "symbol": "CRM",
    "reportedCurrency": "USD",
    "cik": "0001108524",
    "fillingDate": "2021-03-17",
    "acceptedDate": "2022-02-24 16:13:45",
    "calendarYear": "2021",
    "period": "FY",
    "revenue": 21252000000,
    "costOfRevenue": 5438000000,
    "grossProfit": 15814000000,
    "grossProfitRatio": 0.7441182006,
    "researchAndDevelopmentExpenses": 3598000000,
    "generalAndAdministrativeExpenses": 2087000000,
    "sellingAndMarketingExpenses": 9674000000,
    "sellingGeneralAndAdministrativeExpenses": 11761000000,
    "otherExpenses": 0,
    "operatingExpenses": 15359000000,
    "costAndExpenses": 20797000000,
    "interestIncome": 0,
    "interestExpense": 0,
    "depreciationAndAmortization": 2846000000,
    "ebitda": 3301000000,
    "ebitdaratio": 0.1553265575,
    "operatingIncome": 455000000,
    "operatingIncomeRatio": 0.0214097497,
    "totalOtherIncomeExpensesNet": 2106000000,
    "incomeBeforeTax": 2561000000,
    "incomeBeforeTaxRatio": 0.1205063053,
    "incomeTaxExpense": -1511000000,
    "netIncome": 4072000000,
    "netIncomeRatio": 0.191605496,
    "eps": 4.48,
    "epsdiluted": 4.38,
    "weightedAverageShsOut": 908000000,
    "weightedAverageShsOutDil": 930000000,
    "link": "https://www.sec.gov/Archives/edgar/data/1108524/000110852422000008/0001108524-22-000008-index.htm",
    "finalLink": "https://www.sec.gov/Archives/edgar/data/1108524/000110852422000008/crm-20210131.htm"
  },
  {
    "date": "2020-01-31",
    "symbol": "CRM",
    "reportedCurrency": "USD",
    "cik": "0001108524",
    "fillingDate": "2020-03-05",
    "acceptedDate": "2020-03-05 16:29:57",
    "calendarYear": "2020",
    "period": "FY",
    "revenue": 17098000000,
    "costOfRevenue": 4235000000,
    "grossProfit": 12863000000,
    "grossProfitRatio": 0.7523102117,
    "researchAndDevelopmentExpenses": 2766000000,
    "generalAndAdministrativeExpenses": 1704000000,
    "sellingAndMarketingExpenses": 7930000000,
    "sellingGeneralAndAdministrativeExpenses": 9634000000,
    "otherExpenses": 166000000,
    "operatingExpenses": 12566000000,
    "costAndExpenses": 16801000000,
    "interestIncome": 0,
    "interestExpense": 0,
    "depreciationAndAmortization": 2135000000,
    "ebitda": 2598000000,
    "ebitdaratio": 0.1519475962,
    "operatingIncome": 297000000,
    "operatingIncomeRatio": 0.0173704527,
    "totalOtherIncomeExpensesNet": 409000000,
    "incomeBeforeTax": 706000000,
    "incomeBeforeTaxRatio": 0.0412913791,
    "incomeTaxExpense": 580000000,
    "netIncome": 126000000,
    "netIncomeRatio": 0.007369283,
    "eps": 0.15,
    "epsdiluted": 0.15,
    "weightedAverageShsOut": 829000000,
    "weightedAverageShsOutDil": 850000000,
    "link": "https://www.sec.gov/Archives/edgar/data/1108524/000110852420000014/0001108524-20-000014-index.htm",
    "finalLink": "https://www.sec.gov/Archives/edgar/data/1108524/000110852420000014/crm-20200131.htm"
  },
  {
    "date": "2019-01-31",
    "symbol": "CRM",
    "reportedCurrency": "USD",
    "cik": "0001108524",
    "fillingDate": "2019-03-08",
    "acceptedDate": "2019-03-08 08:04:49",
    "calendarYear": "2019",
    "period": "FY",
    "revenue": 13282000000,
    "costOfRevenue": 3451000000,
    "grossProfit": 9831000000,
    "grossProfitRatio": 0.7401746725,
    "researchAndDevelopmentExpenses": 1886000000,
    "generalAndAdministrativeExpenses": 1346000000,
    "sellingAndMarketingExpenses": 6064000000,
    "sellingGeneralAndAdministrativeExpenses": 7410000000,
    "otherExpenses": 0,
    "operatingExpenses": 9296000000,
    "costAndExpenses": 12747000000,
    "interestIncome": 61000000,
    "interestExpense": 154000000,
    "depreciationAndAmortization": 982000000,
    "ebitda": 1517000000,
    "ebitdaratio": 0.1142147267,
    "operatingIncome": 535000000,
    "operatingIncomeRatio": 0.0402800783,
    "totalOtherIncomeExpensesNet": 448000000,
    "incomeBeforeTax": 983000000,
    "incomeBeforeTaxRatio": 0.0740099383,
    "incomeTaxExpense": -127000000,
    "netIncome": 1110000000,
    "netIncomeRatio": 0.0835717512,
    "eps": 1.48,
    "epsdiluted": 1.43,
    "weightedAverageShsOut": 751000000,
    "weightedAverageShsOutDil": 775000000,
    "link": "https://www.sec.gov/Archives/edgar/data/1108524/000110852419000009/0001108524-19-000009-index.htm",
    "finalLink": "https://www.sec.gov/Archives/edgar/data/1108524/000110852419000009/crmq4fy1910-k.htm"
  },
  {
    "date": "2018-01-31",
    "symbol": "CRM",
    "reportedCurrency": "USD",
    "cik": "0001108524",
    "fillingDate": "2018-03-09",
    "acceptedDate": "2018-03-09 17:01:46",
    "calendarYear": "2018",
    "period": "FY",
    "revenue": 10480012000,
    "costOfRevenue": 2773000000,
    "grossProfit": 7767000000,
    "grossProfitRatio": 0.7411251056,
    "researchAndDevelopmentExpenses": 1553000000,
    "generalAndAdministrativeExpenses": 1089000000,
    "sellingAndMarketingExpenses": 4671000000,
    "sellingGeneralAndAdministrativeExpenses": 5760000000,
    "otherExpenses": 0,
    "operatingExpenses": 7313000000,
    "costAndExpenses": 10086000000,
    "interestIncome": 36480000,
    "interestExpense": 86943000,
    "depreciationAndAmortization": 784000000,
    "ebitda": 1238000000,
    "ebitdaratio": 0.1181296357,
    "operatingIncome": 454000000,
    "operatingIncomeRatio": 0.0433205611,
    "totalOtherIncomeExpensesNet": -34000000,
    "incomeBeforeTax": 420000000,
    "incomeBeforeTaxRatio": 0.04007629,
    "incomeTaxExpense": 60000000,
    "netIncome": 360000000,
    "netIncomeRatio": 0.0343511057,
    "eps": 0.18,
    "epsdiluted": 0.17,
    "weightedAverageShsOut": 714919000,
    "weightedAverageShsOutDil": 734598000,
    "link": "https://www.sec.gov/Archives/edgar/data/1108524/000110852418000011/0001108524-18-000011-index.htm",
    "finalLink": "https://www.sec.gov/Archives/edgar/data/1108524/000110852418000011/crmq4fy1810-k.htm"
  },
  {
    "date": "2017-01-31",
    "symbol": "CRM",
    "reportedCurrency": "USD",
    "cik": "0001108524",
    "fillingDate": "2017-03-06",
    "acceptedDate": "2017-03-06 16:38:50",
    "calendarYear": "2017",
    "period": "FY",
    "revenue": 8391984000,
    "costOfRevenue": 2234000000,
    "grossProfit": 6203000000,
    "grossProfitRatio": 0.7391577486,
    "researchAndDevelopmentExpenses": 1208000000,
    "generalAndAdministrativeExpenses": 966000000,
    "sellingAndMarketingExpenses": 3811000000,
    "sellingGeneralAndAdministrativeExpenses": 4777000000,
    "otherExpenses": 0,
    "operatingExpenses": 5985000000,
    "costAndExpenses": 8219000000,
    "interestIncome": 22000000,
    "interestExpense": 89000000,
    "depreciationAndAmortization": 632000000,
    "ebitda": 850000000,
    "ebitdaratio": 0.1012871331,
    "operatingIncome": 218000000,
    "operatingIncomeRatio": 0.0259771706,
    "totalOtherIncomeExpensesNet": -39000000,
    "incomeBeforeTax": 179000000,
    "incomeBeforeTaxRatio": 0.0213298786,
    "incomeTaxExpense": -144000000,
    "netIncome": 323000000,
    "netIncomeRatio": 0.0384891106,
    "eps": 0.26,
    "epsdiluted": 0.26,
    "weightedAverageShsOut": 687797000,
    "weightedAverageShsOutDil": 700217000,
    "link": "https://www.sec.gov/Archives/edgar/data/1108524/000110852417000006/0001108524-17-000006-index.htm",
    "finalLink": "https://www.sec.gov/Archives/edgar/data/1108524/000110852417000006/crm-2017131x10k.htm"
  },
  {
    "date": "2016-01-31",
    "symbol": "CRM",
    "reportedCurrency": "USD",
    "cik": "0001108524",
    "fillingDate": "2016-03-07",
    "acceptedDate": "2016-03-04 17:53:06",
    "calendarYear": "2016",
    "period": "FY",
    "revenue": 6667216000,
    "costOfRevenue": 1654548000,
    "grossProfit": 5012668000,
    "grossProfitRatio": 0.7518382485,
    "researchAndDevelopmentExpenses": 946300000,
    "generalAndAdministrativeExpenses": 711621000,
    "sellingAndMarketingExpenses": 3239824000,
    "sellingGeneralAndAdministrativeExpenses": 3951445000,
    "otherExpenses": 0,
    "operatingExpenses": 4897745000,
    "costAndExpenses": 6552293000,
    "interestIncome": 14146000,
    "interestExpense": 72485000,
    "depreciationAndAmortization": 525750000,
    "ebitda": 662514000,
    "ebitdaratio": 0.099368912,
    "operatingIncome": 114923000,
    "operatingIncomeRatio": 0.0172370297,
    "totalOtherIncomeExpensesNet": -50644000,
    "incomeBeforeTax": 64279000,
    "incomeBeforeTaxRatio": 0.0096410556,
    "incomeTaxExpense": 111705000,
    "netIncome": -47426000,
    "netIncomeRatio": -0.0071133139,
    "eps": -0.07,
    "epsdiluted": -0.07,
    "weightedAverageShsOut": 661647000,
    "weightedAverageShsOutDil": 661647000,
    "link": "https://www.sec.gov/Archives/edgar/data/1108524/000110852416000053/0001108524-16-000053-index.htm",
    "finalLink": "https://www.sec.gov/Archives/edgar/data/1108524/000110852416000053/crm-2016131x10k.htm"
  },
  {
    "date": "2015-01-31",
    "symbol": "CRM",
    "reportedCurrency": "USD",
    "cik": "0001108524",
    "fillingDate": "2015-03-06",
    "acceptedDate": "2015-03-05 18:19:38",
    "calendarYear": "2015",
    "period": "FY",
    "revenue": 5373586000,
    "costOfRevenue": 1289270000,
    "grossProfit": 4084316000,
    "grossProfitRatio": 0.7600726963,
    "researchAndDevelopmentExpenses": 792917000,
    "generalAndAdministrativeExpenses": 679936000,
    "sellingAndMarketingExpenses": 2757096000,
    "sellingGeneralAndAdministrativeExpenses": 3437032000,
    "otherExpenses": 0,
    "operatingExpenses": 4229949000,
    "costAndExpenses": 5519219000,
    "interestIncome": 10129000,
    "interestExpense": 73237000,
    "depreciationAndAmortization": 448296000,
    "ebitda": 308448000,
    "ebitdaratio": 0.0574007748,
    "operatingIncome": -145633000,
    "operatingIncomeRatio": -0.0271016413,
    "totalOtherIncomeExpensesNet": -67452000,
    "incomeBeforeTax": -213085000,
    "incomeBeforeTaxRatio": -0.0396541527,
    "incomeTaxExpense": 49603000,
    "netIncome": -262688000,
    "netIncomeRatio": -0.0488850462,
    "eps": -0.42,
    "epsdiluted": -0.42,
    "weightedAverageShsOut": 624148000,
    "weightedAverageShsOutDil": 624148000,
    "link": "https://www.sec.gov/Archives/edgar/data/1108524/000110852415000008/0001108524-15-000008-index.htm",
    "finalLink": "https://www.sec.gov/Archives/edgar/data/1108524/000110852415000008/crm-2015131x10k.htm"
  },
  {
    "date": "2014-01-31",
    "symbol": "CRM",
    "reportedCurrency": "USD",
    "cik": "0001108524",
    "fillingDate": "2014-03-05",
    "acceptedDate": "2014-03-05 17:19:50",
    "calendarYear": "2014",
    "period": "FY",
    "revenue": 4071003000,
    "costOfRevenue": 968428000,
    "grossProfit": 3102575000,
    "grossProfitRatio": 0.7621156261,
    "researchAndDevelopmentExpenses": 623798000,
    "generalAndAdministrativeExpenses": 596719000,
    "sellingAndMarketingExpenses": 2168132000,
    "sellingGeneralAndAdministrativeExpenses": 2764851000,
    "otherExpenses": 0,
    "operatingExpenses": 3388649000,
    "costAndExpenses": 4357077000,
    "interestIncome": 9512000,
    "interestExpense": 77211000,
    "depreciationAndAmortization": 369423000,
    "ebitda": 88699000,
    "ebitdaratio": 0.0217879967,
    "operatingIncome": -286074000,
    "operatingIncomeRatio": -0.0702711347,
    "totalOtherIncomeExpensesNet": -71861000,
    "incomeBeforeTax": -357935000,
    "incomeBeforeTaxRatio": -0.0879230499,
    "incomeTaxExpense": -125760000,
    "netIncome": -232175000,
    "netIncomeRatio": -0.0570313999,
    "eps": -0.39,
    "epsdiluted": -0.39,
    "weightedAverageShsOut": 595320512,
    "weightedAverageShsOutDil": 597613000,
    "link": "https://www.sec.gov/Archives/edgar/data/1108524/000119312514084762/0001193125-14-084762-index.htm",
    "finalLink": "https://www.sec.gov/Archives/edgar/data/1108524/000119312514084762/d648028d10k.htm"
  },
  {
    "date": "2013-01-31",
    "symbol": "CRM",
    "reportedCurrency": "USD",
    "cik": "0001108524",
    "fillingDate": "2013-03-08",
    "acceptedDate": "2013-03-08 17:07:01",
    "calendarYear": "2013",
    "period": "FY",
    "revenue": 3050195000,
    "costOfRevenue": 683579000,
    "grossProfit": 2366616000,
    "grossProfitRatio": 0.775890066,
    "researchAndDevelopmentExpenses": 429479000,
    "generalAndAdministrativeExpenses": 433821000,
    "sellingAndMarketingExpenses": 1614026000,
    "sellingGeneralAndAdministrativeExpenses": 2047847000,
    "otherExpenses": 0,
    "operatingExpenses": 2477326000,
    "costAndExpenses": 3160905000,
    "interestIncome": 17903000,
    "interestExpense": 30948000,
    "depreciationAndAmortization": 216795000,
    "ebitda": 119949000,
    "ebitdaratio": 0.0393250268,
    "operatingIncome": -110710000,
    "operatingIncomeRatio": -0.0362960401,
    "totalOtherIncomeExpensesNet": -17084000,
    "incomeBeforeTax": -127794000,
    "incomeBeforeTaxRatio": -0.0418969935,
    "incomeTaxExpense": 142651000,
    "netIncome": -270445000,
    "netIncomeRatio": -0.0886648231,
    "eps": -0.48,
    "epsdiluted": -0.48,
    "weightedAverageShsOut": 563427083,
    "weightedAverageShsOutDil": 564896000,
    "link": "https://www.sec.gov/Archives/edgar/data/1108524/000119312513098852/0001193125-13-098852-index.htm",
    "finalLink": "https://www.sec.gov/Archives/edgar/data/1108524/000119312513098852/d466584d10k.htm"
  },
  {
    "date": "2012-01-31",
    "symbol": "CRM",
    "reportedCurrency": "USD",
    "cik": "0001108524",
    "fillingDate": "2012-03-09",
    "acceptedDate": "2012-03-09 17:17:10",
    "calendarYear": "2012",
    "period": "FY",
    "revenue": 2266539000,
    "costOfRevenue": 488886000,
    "grossProfit": 1777653000,
    "grossProfitRatio": 0.7843028512,
    "researchAndDevelopmentExpenses": 295347000,
    "generalAndAdministrativeExpenses": 347781000,
    "sellingAndMarketingExpenses": 1169610000,
    "sellingGeneralAndAdministrativeExpenses": 1517391000,
    "otherExpenses": 0,
    "operatingExpenses": 1812738000,
    "costAndExpenses": 2301624000,
    "interestIncome": 20791000,
    "interestExpense": 17045000,
    "depreciationAndAmortization": 157286000,
    "ebitda": 141014000,
    "ebitdaratio": 0.062215563,
    "operatingIncome": -35085000,
    "operatingIncomeRatio": -0.0154795483,
    "totalOtherIncomeExpensesNet": 1768000,
    "incomeBeforeTax": -33317000,
    "incomeBeforeTaxRatio": -0.0146995044,
    "incomeTaxExpense": -21745000,
    "netIncome": -11572000,
    "netIncomeRatio": -0.0051055817,
    "eps": -0.0225,
    "epsdiluted": -0.0225,
    "weightedAverageShsOut": 541208000,
    "weightedAverageShsOutDil": 541208000,
    "link": "https://www.sec.gov/Archives/edgar/data/1108524/000119312512107281/0001193125-12-107281-index.htm",
    "finalLink": "https://www.sec.gov/Archives/edgar/data/1108524/000119312512107281/d279348d10k.htm"
  },
  {
    "date": "2011-01-31",
    "symbol": "CRM",
    "reportedCurrency": "USD",
    "cik": "0001108524",
    "fillingDate": "2011-06-24",
    "acceptedDate": "2011-06-24 16:32:04",
    "calendarYear": "2011",
    "period": "FY",
    "revenue": 1657139000,
    "costOfRevenue": 323813000,
    "grossProfit": 1333326000,
    "grossProfitRatio": 0.8045951486,
    "researchAndDevelopmentExpenses": 187887000,
    "generalAndAdministrativeExpenses": 255913000,
    "sellingAndMarketingExpenses": 792029000,
    "sellingGeneralAndAdministrativeExpenses": 1047942000,
    "otherExpenses": 0,
    "operatingExpenses": 1235829000,
    "costAndExpenses": 1559642000,
    "interestIncome": 28273000,
    "interestExpense": 24909000,
    "depreciationAndAmortization": 75746000,
    "ebitda": 204953000,
    "ebitdaratio": 0.1236788224,
    "operatingIncome": 97497000,
    "operatingIncomeRatio": 0.0588345335,
    "totalOtherIncomeExpensesNet": 6801000,
    "incomeBeforeTax": 104298000,
    "incomeBeforeTaxRatio": 0.0629385948,
    "incomeTaxExpense": 34601000,
    "netIncome": 64474000,
    "netIncomeRatio": 0.0389068147,
    "eps": 0.13,
    "epsdiluted": 0.12,
    "weightedAverageShsOut": 520888000,
    "weightedAverageShsOutDil": 548714894,
    "link": "https://www.sec.gov/Archives/edgar/data/1108524/000119312511173291/0001193125-11-173291-index.htm",
    "finalLink": "https://www.sec.gov/Archives/edgar/data/1108524/000119312511173291/d10ka.htm"
  },
  {
    "date": "2010-01-31",
    "symbol": "CRM",
    "reportedCurrency": "USD",
    "cik": "0001108524",
    "fillingDate": "2010-03-11",
    "acceptedDate": "2010-03-11 15:32:20",
    "calendarYear": "2010",
    "period": "FY",
    "revenue": 1305583000,
    "costOfRevenue": 257925000,
    "grossProfit": 1047658000,
    "grossProfitRatio": 0.8024445784,
    "researchAndDevelopmentExpenses": 131897000,
    "generalAndAdministrativeExpenses": 195290000,
    "sellingAndMarketingExpenses": 605199000,
    "sellingGeneralAndAdministrativeExpenses": 800489000,
    "otherExpenses": 0,
    "operatingExpenses": 932386000,
    "costAndExpenses": 1190311000,
    "interestIncome": 21219000,
    "interestExpense": 2000000,
    "depreciationAndAmortization": 53177000,
    "ebitda": 197558000,
    "ebitdaratio": 0.1513178404,
    "operatingIncome": 115272000,
    "operatingIncomeRatio": 0.0882915908,
    "totalOtherIncomeExpensesNet": 27109000,
    "incomeBeforeTax": 142381000,
    "incomeBeforeTaxRatio": 0.1090554947,
    "incomeTaxExpense": 57689000,
    "netIncome": 80719000,
    "netIncomeRatio": 0.0618260195,
    "eps": 0.16,
    "epsdiluted": 0.16,
    "weightedAverageShsOut": 497848000,
    "weightedAverageShsOutDil": 512456000,
    "link": "https://www.sec.gov/Archives/edgar/data/1108524/000119312510053838/0001193125-10-053838-index.htm",
    "finalLink": "https://www.sec.gov/Archives/edgar/data/1108524/000119312510053838/d10k.htm"
  },
  {
    "date": "2009-01-31",
    "symbol": "CRM",
    "reportedCurrency": "USD",
    "cik": "0001108524",
    "fillingDate": "2009-03-09",
    "acceptedDate": "2009-03-09 17:24:17",
    "calendarYear": "2009",
    "period": "FY",
    "revenue": 1076769000,
    "costOfRevenue": 220471000,
    "grossProfit": 856298000,
    "grossProfitRatio": 0.7952476344,
    "researchAndDevelopmentExpenses": 99530000,
    "generalAndAdministrativeExpenses": 158613000,
    "sellingAndMarketingExpenses": 534413000,
    "sellingGeneralAndAdministrativeExpenses": 693026000,
    "otherExpenses": 0,
    "operatingExpenses": 792556000,
    "costAndExpenses": 1013027000,
    "interestIncome": 25236000,
    "interestExpense": 107000,
    "depreciationAndAmortization": 35971000,
    "ebitda": 121563000,
    "ebitdaratio": 0.1128960808,
    "operatingIncome": 63742000,
    "operatingIncomeRatio": 0.0591974695,
    "totalOtherIncomeExpensesNet": 21850000,
    "incomeBeforeTax": 85592000,
    "incomeBeforeTaxRatio": 0.0794896584,
    "incomeTaxExpense": 37557000,
    "netIncome": 43428000,
    "netIncomeRatio": 0.0403317703,
    "eps": 0.09,
    "epsdiluted": 0.0875,
    "weightedAverageShsOut": 484732000,
    "weightedAverageShsOutDil": 500912000,
    "link": "https://www.sec.gov/Archives/edgar/data/1108524/000119312509048665/0001193125-09-048665-index.htm",
    "finalLink": "https://www.sec.gov/Archives/edgar/data/1108524/000119312509048665/d10k.htm"
  },
  {
    "date": "2008-01-31",
    "symbol": "CRM",
    "reportedCurrency": "USD",
    "cik": "0001108524",
    "fillingDate": "2008-02-29",
    "acceptedDate": "2008-02-29 16:53:44",
    "calendarYear": "2008",
    "period": "FY",
    "revenue": 748700000,
    "costOfRevenue": 171591000,
    "grossProfit": 577109000,
    "grossProfitRatio": 0.7708147456,
    "researchAndDevelopmentExpenses": 63812000,
    "generalAndAdministrativeExpenses": 0,
    "sellingAndMarketingExpenses": 0,
    "sellingGeneralAndAdministrativeExpenses": 492988000,
    "otherExpenses": 0,
    "operatingExpenses": 556800000,
    "costAndExpenses": 728391000,
    "interestIncome": 0,
    "interestExpense": 0,
    "depreciationAndAmortization": 66414000,
    "ebitda": 20309000,
    "ebitdaratio": 0.0271256845,
    "operatingIncome": 20309000,
    "operatingIncomeRatio": 0.0271256845,
    "totalOtherIncomeExpensesNet": 25904000,
    "incomeBeforeTax": 46213000,
    "incomeBeforeTaxRatio": 0.0617243222,
    "incomeTaxExpense": 23385000,
    "netIncome": 18356000,
    "netIncomeRatio": 0.0245171631,
    "eps": 0.04,
    "epsdiluted": 0.0375,
    "weightedAverageShsOut": 467360000,
    "weightedAverageShsOutDil": 489688000,
    "link": "https://www.sec.gov/Archives/edgar/data/1108524/000119312508043828/0001193125-08-043828-index.htm",
    "finalLink": "https://www.sec.gov/Archives/edgar/data/1108524/000119312508043828/d10k.htm"
  },
  {
    "date": "2007-01-31",
    "symbol": "CRM",
    "reportedCurrency": "USD",
    "cik": "0001108524",
    "fillingDate": "2007-03-09",
    "acceptedDate": "2007-03-09 17:16:13",
    "calendarYear": "2007",
    "period": "FY",
    "revenue": 497098000,
    "costOfRevenue": 118890000,
    "grossProfit": 378208000,
    "grossProfitRatio": 0.7608318682,
    "researchAndDevelopmentExpenses": 44614000,
    "generalAndAdministrativeExpenses": 0,
    "sellingAndMarketingExpenses": 0,
    "sellingGeneralAndAdministrativeExpenses": 337192000,
    "otherExpenses": 0,
    "operatingExpenses": 381806000,
    "costAndExpenses": 500696000,
    "interestIncome": 0,
    "interestExpense": 0,
    "depreciationAndAmortization": 35885000,
    "ebitda": 32287000,
    "ebitdaratio": 0.0649509755,
    "operatingIncome": -3598000,
    "operatingIncomeRatio": -0.0072380094,
    "totalOtherIncomeExpensesNet": 16094000,
    "incomeBeforeTax": 12496000,
    "incomeBeforeTaxRatio": 0.0251379004,
    "incomeTaxExpense": 9795000,
    "netIncome": 481000,
    "netIncomeRatio": 0.000967616,
    "eps": 0.0010699731,
    "epsdiluted": 0.001000799,
    "weightedAverageShsOut": 449544000,
    "weightedAverageShsOutDil": 480616000,
    "link": "https://www.sec.gov/Archives/edgar/data/1108524/000119312507051045/0001193125-07-051045-index.htm",
    "finalLink": "https://www.sec.gov/Archives/edgar/data/1108524/000119312507051045/d10k.htm"
  },
  {
    "date": "2006-01-31",
    "symbol": "CRM",
    "reportedCurrency": "USD",
    "cik": "0001108524",
    "fillingDate": "2006-03-15",
    "acceptedDate": "2006-03-15 17:09:23",
    "calendarYear": "2006",
    "period": "FY",
    "revenue": 309857000,
    "costOfRevenue": 69126000,
    "grossProfit": 240731000,
    "grossProfitRatio": 0.776909994,
    "researchAndDevelopmentExpenses": 23330000,
    "generalAndAdministrativeExpenses": 0,
    "sellingAndMarketingExpenses": 0,
    "sellingGeneralAndAdministrativeExpenses": 197584000,
    "otherExpenses": -285000,
    "operatingExpenses": 220629000,
    "costAndExpenses": 289755000,
    "interestIncome": 0,
    "interestExpense": 0,
    "depreciationAndAmortization": 20633000,
    "ebitda": 20102000,
    "ebitdaratio": 0.0648750875,
    "operatingIncome": 20102000,
    "operatingIncomeRatio": 0.0648750875,
    "totalOtherIncomeExpensesNet": 8096000,
    "incomeBeforeTax": 28198000,
    "incomeBeforeTaxRatio": 0.0910032693,
    "incomeTaxExpense": -1310000,
    "netIncome": 28474000,
    "netIncomeRatio": 0.0918940027,
    "eps": 0.0675,
    "epsdiluted": 0.06,
    "weightedAverageShsOut": 429096000,
    "weightedAverageShsOutDil": 474948000,
    "link": "https://www.sec.gov/Archives/edgar/data/1108524/000119312506055150/0001193125-06-055150-index.htm",
    "finalLink": "https://www.sec.gov/Archives/edgar/data/1108524/000119312506055150/d10k.htm"
  },
  {
    "date": "2005-01-31",
    "symbol": "CRM",
    "reportedCurrency": "USD",
    "cik": "0001108524",
    "fillingDate": "2005-03-25",
    "acceptedDate": "2005-03-25 17:26:13",
    "calendarYear": "2005",
    "period": "FY",
    "revenue": 176375000,
    "costOfRevenue": 33454000,
    "grossProfit": 142921000,
    "grossProfitRatio": 0.8103245925,
    "researchAndDevelopmentExpenses": 9822000,
    "generalAndAdministrativeExpenses": 0,
    "sellingAndMarketingExpenses": 0,
    "sellingGeneralAndAdministrativeExpenses": 126579000,
    "otherExpenses": 0,
    "operatingExpenses": 136401000,
    "costAndExpenses": 169855000,
    "interestIncome": 0,
    "interestExpense": 0,
    "depreciationAndAmortization": 18745000,
    "ebitda": 6520000,
    "ebitdaratio": 0.0369666903,
    "operatingIncome": 6520000,
    "operatingIncomeRatio": 0.0369666903,
    "totalOtherIncomeExpensesNet": 2633000,
    "incomeBeforeTax": 9153000,
    "incomeBeforeTaxRatio": 0.0518951099,
    "incomeTaxExpense": 1217000,
    "netIncome": 7346000,
    "netIncomeRatio": 0.0416498937,
    "eps": 0.025,
    "epsdiluted": 0.0175,
    "weightedAverageShsOut": 302012000,
    "weightedAverageShsOutDil": 443496000,
    "link": "https://www.sec.gov/Archives/edgar/data/1108524/000119312505061027/0001193125-05-061027-index.htm",
    "finalLink": "https://www.sec.gov/Archives/edgar/data/1108524/000119312505061027/d10k.htm"
  },
  {
    "date": "2004-01-31",
    "symbol": "CRM",
    "reportedCurrency": "USD",
    "cik": "0001108524",
    "fillingDate": "2004-01-31",
    "acceptedDate": "2004-01-31 00:00:00",
    "calendarYear": "2004",
    "period": "FY",
    "revenue": 96023000,
    "costOfRevenue": 17273000,
    "grossProfit": 78750000,
    "grossProfitRatio": 0.8201160139,
    "researchAndDevelopmentExpenses": 6962000,
    "generalAndAdministrativeExpenses": 0,
    "sellingAndMarketingExpenses": 0,
    "sellingGeneralAndAdministrativeExpenses": 71515000,
    "otherExpenses": -3445000,
    "operatingExpenses": 75032000,
    "costAndExpenses": 92305000,
    "interestIncome": 0,
    "interestExpense": 0,
    "depreciationAndAmortization": 11190000,
    "ebitda": 14908000,
    "ebitdaratio": 0.1552544703,
    "operatingIncome": 3718000,
    "operatingIncomeRatio": 0.03871989,
    "totalOtherIncomeExpensesNet": 521000,
    "incomeBeforeTax": 4239000,
    "incomeBeforeTaxRatio": 0.0441456734,
    "incomeTaxExpense": 541000,
    "netIncome": 3514000,
    "netIncomeRatio": 0.036595399,
    "eps": 0.03,
    "epsdiluted": 0.01,
    "weightedAverageShsOut": 118420000,
    "weightedAverageShsOutDil": 381636000,
    "link": null,
    "finalLink": null
  },
  {
    "date": "2003-01-31",
    "symbol": "CRM",
    "reportedCurrency": "USD",
    "cik": "0001108524",
    "fillingDate": "2003-01-31",
    "acceptedDate": "2003-01-31 00:00:00",
    "calendarYear": "2003",
    "period": "FY",
    "revenue": 50991000,
    "costOfRevenue": 10363000,
    "grossProfit": 40628000,
    "grossProfitRatio": 0.7967680571,
    "researchAndDevelopmentExpenses": 4648000,
    "generalAndAdministrativeExpenses": 0,
    "sellingAndMarketingExpenses": 0,
    "sellingGeneralAndAdministrativeExpenses": 46480000,
    "otherExpenses": 0,
    "operatingExpenses": 51128000,
    "costAndExpenses": 61491000,
    "interestIncome": 0,
    "interestExpense": 0,
    "depreciationAndAmortization": 5549000,
    "ebitda": -4951000,
    "ebitdaratio": -0.0970955659,
    "operatingIncome": -10500000,
    "operatingIncomeRatio": -0.2059186915,
    "totalOtherIncomeExpensesNet": 492000,
    "incomeBeforeTax": -10008000,
    "incomeBeforeTaxRatio": -0.19626993,
    "incomeTaxExpense": 0,
    "netIncome": -9716000,
    "netIncomeRatio": -0.1905434292,
    "eps": -0.0925,
    "epsdiluted": -0.0925,
    "weightedAverageShsOut": 105500000,
    "weightedAverageShsOutDil": 105500000,
    "link": null,
    "finalLink": null
  },
  {
    "date": "2002-01-31",
    "symbol": "CRM",
    "reportedCurrency": "USD",
    "cik": "0001108524",
    "fillingDate": "2002-01-31",
    "acceptedDate": "2002-01-31 00:00:00",
    "calendarYear": "2002",
    "period": "FY",
    "revenue": 22409000,
    "costOfRevenue": 6047000,
    "grossProfit": 16362000,
    "grossProfitRatio": 0.7301530635,
    "researchAndDevelopmentExpenses": 5308000,
    "generalAndAdministrativeExpenses": 0,
    "sellingAndMarketingExpenses": 0,
    "sellingGeneralAndAdministrativeExpenses": 32922000,
    "otherExpenses": 7657000,
    "operatingExpenses": 45887000,
    "costAndExpenses": 51934000,
    "interestIncome": 0,
    "interestExpense": 0,
    "depreciationAndAmortization": 0,
    "ebitda": -29525000,
    "ebitdaratio": -1.317550984,
    "operatingIncome": -29525000,
    "operatingIncomeRatio": -1.317550984,
    "totalOtherIncomeExpensesNet": 491000,
    "incomeBeforeTax": -29034000,
    "incomeBeforeTaxRatio": -1.2956401446,
    "incomeTaxExpense": 0,
    "netIncome": -28609000,
    "netIncomeRatio": -1.2766745504,
    "eps": -0.34,
    "epsdiluted": -0.34,
    "weightedAverageShsOut": 84156000,
    "weightedAverageShsOutDil": 84156000,
    "link": null,
    "finalLink": null
  },
  {
    "date": "2001-01-31",
    "symbol": "CRM",
    "reportedCurrency": "USD",
    "cik": "0001108524",
    "fillingDate": "2001-01-31",
    "acceptedDate": "2001-01-31 00:00:00",
    "calendarYear": "2001",
    "period": "FY",
    "revenue": 5435000,
    "costOfRevenue": 3422000,
    "grossProfit": 2013000,
    "grossProfitRatio": 0.3703771849,
    "researchAndDevelopmentExpenses": 3366000,
    "generalAndAdministrativeExpenses": 0,
    "sellingAndMarketingExpenses": 0,
    "sellingGeneralAndAdministrativeExpenses": 32247000,
    "otherExpenses": 0,
    "operatingExpenses": 35613000,
    "costAndExpenses": 39035000,
    "interestIncome": 0,
    "interestExpense": 0,
    "depreciationAndAmortization": 0,
    "ebitda": -33600000,
    "ebitdaratio": -6.1821527139,
    "operatingIncome": -33600000,
    "operatingIncomeRatio": -6.1821527139,
    "totalOtherIncomeExpensesNet": 1736000,
    "incomeBeforeTax": -31864000,
    "incomeBeforeTaxRatio": -5.8627414903,
    "incomeTaxExpense": 0,
    "netIncome": -31671000,
    "netIncomeRatio": -5.8272309108,
    "eps": -0.59,
    "epsdiluted": -0.59,
    "weightedAverageShsOut": 53256000,
    "weightedAverageShsOutDil": 53256000,
    "link": null,
    "finalLink": null
  }
]