[
  {
    "date": "2025-07-31",
    "symbol": "CRWD",
    "reportedCurrency": "USD",
    "cik": "0001535527",
    "fillingDate": "2025-08-28",
    "acceptedDate": "2025-08-27 21:43:28",
    "calendarYear": "2026",
    "period": "Q2",
    "revenue": 1168952000,
    "costOfRevenue": 310283000,
    "grossProfit": 858669000,
    "grossProfitRatio": 0.7345630958,
    "researchAndDevelopmentExpenses": 346668000,
    "generalAndAdministrativeExpenses": 177956000,
    "sellingAndMarketingExpenses": 447024000,
    "sellingGeneralAndAdministrativeExpenses": 624980000,
    "otherExpenses": 0,
    "operatingExpenses": 971648000,
    "costAndExpenses": 1281931000,
    "interestIncome": 50850000,
    "interestExpense": 6823000,
    "depreciationAndAmortization": 68038000,
    "ebitda": 3187000,
    "ebitdaratio": 0.0027263737,
    "operatingIncome": -112979000,
    "operatingIncomeRatio": -0.0966498197,
    "totalOtherIncomeExpensesNet": 41305000,
    "incomeBeforeTax": -71674000,
    "incomeBeforeTaxRatio": -0.0613147503,
    "incomeTaxExpense": 5971000,
    "netIncome": -77675000,
    "netIncomeRatio": -0.0664484085,
    "eps": -0.31,
    "epsdiluted": -0.31,
    "weightedAverageShsOut": 249909000,
    "weightedAverageShsOutDil": 249909000,
    "link": "https://www.sec.gov/Archives/edgar/data/1535527/000153552725000025/0001535527-25-000025-index.htm",
    "finalLink": "https://www.sec.gov/Archives/edgar/data/1535527/000153552725000025/crwd-20250731.htm"
  },
  {
    "date": "2025-04-30",
    "symbol": "CRWD",
    "reportedCurrency": "USD",
    "cik": "0001535527",
    "fillingDate": "2025-06-04",
    "acceptedDate": "2025-06-03 21:45:41",
    "calendarYear": "2026",
    "period": "Q1",
    "revenue": 1103434000,
    "costOfRevenue": 289143000,
    "grossProfit": 814291000,
    "grossProfitRatio": 0.7379607661,
    "researchAndDevelopmentExpenses": 334129000,
    "generalAndAdministrativeExpenses": 165201000,
    "sellingAndMarketingExpenses": 439617000,
    "sellingGeneralAndAdministrativeExpenses": 604818000,
    "otherExpenses": 0,
    "operatingExpenses": 938947000,
    "costAndExpenses": 1228090000,
    "interestIncome": 45380000,
    "interestExpense": 6715000,
    "depreciationAndAmortization": 64057000,
    "ebitda": -19115000,
    "ebitdaratio": -0.0173231929,
    "operatingIncome": -124656000,
    "operatingIncomeRatio": -0.1129709616,
    "totalOtherIncomeExpensesNet": 34769000,
    "incomeBeforeTax": -89887000,
    "incomeBeforeTaxRatio": -0.0814611477,
    "incomeTaxExpense": 21106000,
    "netIncome": -110207000,
    "netIncomeRatio": -0.0998763859,
    "eps": -0.44,
    "epsdiluted": -0.44,
    "weightedAverageShsOut": 248432000,
    "weightedAverageShsOutDil": 248432000,
    "link": "https://www.sec.gov/Archives/edgar/data/1535527/000153552725000019/0001535527-25-000019-index.htm",
    "finalLink": "https://www.sec.gov/Archives/edgar/data/1535527/000153552725000019/crwd-20250430.htm"
  },
  {
    "date": "2025-01-31",
    "symbol": "CRWD",
    "reportedCurrency": "USD",
    "cik": "0001535527",
    "fillingDate": "2025-03-10",
    "acceptedDate": "2025-03-10 08:44:44",
    "calendarYear": "2025",
    "period": "Q4",
    "revenue": 1058538000,
    "costOfRevenue": 273990000,
    "grossProfit": 784548000,
    "grossProfitRatio": 0.7411618667,
    "researchAndDevelopmentExpenses": 315142000,
    "generalAndAdministrativeExpenses": 145203000,
    "sellingAndMarketingExpenses": 409504000,
    "sellingGeneralAndAdministrativeExpenses": 554707000,
    "otherExpenses": 0,
    "operatingExpenses": 869849000,
    "costAndExpenses": 1143839000,
    "interestIncome": 46597000,
    "interestExpense": 6664000,
    "depreciationAndAmortization": 57440000,
    "ebitda": 17641000,
    "ebitdaratio": 0.0166654386,
    "operatingIncome": -85301000,
    "operatingIncomeRatio": -0.0805837863,
    "totalOtherIncomeExpensesNet": 38838000,
    "incomeBeforeTax": -46463000,
    "incomeBeforeTaxRatio": -0.0438935589,
    "incomeTaxExpense": 46268000,
    "netIncome": -92282000,
    "netIncomeRatio": -0.0871787314,
    "eps": -0.37,
    "epsdiluted": -0.37,
    "weightedAverageShsOut": 246933000,
    "weightedAverageShsOutDil": 246933000,
    "link": "https://www.sec.gov/Archives/edgar/data/1535527/000153552725000009/0001535527-25-000009-index.htm",
    "finalLink": "https://www.sec.gov/Archives/edgar/data/1535527/000153552725000009/crwd-20250131.htm"
  },
  {
    "date": "2024-10-31",
    "symbol": "CRWD",
    "reportedCurrency": "USD",
    "cik": "0001535527",
    "fillingDate": "2024-11-27",
    "acceptedDate": "2024-11-26 21:24:56",
    "calendarYear": "2025",
    "period": "Q3",
    "revenue": 1010178000,
    "costOfRevenue": 255087000,
    "grossProfit": 755091000,
    "grossProfitRatio": 0.7474831168,
    "researchAndDevelopmentExpenses": 275602000,
    "generalAndAdministrativeExpenses": 126945000,
    "sellingAndMarketingExpenses": 408267000,
    "sellingGeneralAndAdministrativeExpenses": 535212000,
    "otherExpenses": 0,
    "operatingExpenses": 810814000,
    "costAndExpenses": 1065901000,
    "interestIncome": 52201000,
    "interestExpense": 6587000,
    "depreciationAndAmortization": 55248000,
    "ebitda": 51297000,
    "ebitdaratio": 0.0507801595,
    "operatingIncome": -55723000,
    "operatingIncomeRatio": -0.0551615656,
    "totalOtherIncomeExpensesNet": 45185000,
    "incomeBeforeTax": -10538000,
    "incomeBeforeTaxRatio": -0.0104318249,
    "incomeTaxExpense": 6281000,
    "netIncome": -16822000,
    "netIncomeRatio": -0.0166525107,
    "eps": -0.0685,
    "epsdiluted": -0.07,
    "weightedAverageShsOut": 245536000,
    "weightedAverageShsOutDil": 245536000,
    "link": "https://www.sec.gov/Archives/edgar/data/1535527/000153552724000026/0001535527-24-000026-index.htm",
    "finalLink": "https://www.sec.gov/Archives/edgar/data/1535527/000153552724000026/crwd-20241031.htm"
  },
  {
    "date": "2024-07-31",
    "symbol": "CRWD",
    "reportedCurrency": "USD",
    "cik": "0001535527",
    "fillingDate": "2024-08-29",
    "acceptedDate": "2024-08-28 21:54:31",
    "calendarYear": "2025",
    "period": "Q2",
    "revenue": 963872000,
    "costOfRevenue": 237401000,
    "grossProfit": 726471000,
    "grossProfitRatio": 0.7537006988,
    "researchAndDevelopmentExpenses": 250908000,
    "generalAndAdministrativeExpenses": 106434000,
    "sellingAndMarketingExpenses": 355471000,
    "sellingGeneralAndAdministrativeExpenses": 461905000,
    "otherExpenses": 0,
    "operatingExpenses": 712813000,
    "costAndExpenses": 950214000,
    "interestIncome": 51526000,
    "interestExpense": 6549000,
    "depreciationAndAmortization": 52584000,
    "ebitda": 116737000,
    "ebitdaratio": 0.1211125544,
    "operatingIncome": 13658000,
    "operatingIncomeRatio": 0.0141699313,
    "totalOtherIncomeExpensesNet": 43946000,
    "incomeBeforeTax": 57604000,
    "incomeBeforeTaxRatio": 0.0597631221,
    "incomeTaxExpense": 10914000,
    "netIncome": 47013000,
    "netIncomeRatio": 0.0487751486,
    "eps": 0.19,
    "epsdiluted": 0.19,
    "weightedAverageShsOut": 244091000,
    "weightedAverageShsOutDil": 251265000,
    "link": "https://www.sec.gov/Archives/edgar/data/1535527/000153552724000020/0001535527-24-000020-index.htm",
    "finalLink": "https://www.sec.gov/Archives/edgar/data/1535527/000153552724000020/crwd-20240731.htm"
  },
  {
    "date": "2024-04-30",
    "symbol": "CRWD",
    "reportedCurrency": "USD",
    "cik": "0001535527",
    "fillingDate": "2024-06-05",
    "acceptedDate": "2024-06-04 21:32:23",
    "calendarYear": "2025",
    "period": "Q1",
    "revenue": 921036000,
    "costOfRevenue": 225003000,
    "grossProfit": 696033000,
    "grossProfitRatio": 0.7557066173,
    "researchAndDevelopmentExpenses": 235249000,
    "generalAndAdministrativeExpenses": 103734000,
    "sellingAndMarketingExpenses": 350114000,
    "sellingGeneralAndAdministrativeExpenses": 453848000,
    "otherExpenses": 0,
    "operatingExpenses": 689097000,
    "costAndExpenses": 914100000,
    "interestIncome": 45850000,
    "interestExpense": 6511000,
    "depreciationAndAmortization": 48684000,
    "ebitda": 109126000,
    "ebitdaratio": 0.1184817966,
    "operatingIncome": 6936000,
    "operatingIncomeRatio": 0.0075306503,
    "totalOtherIncomeExpensesNet": 46995000,
    "incomeBeforeTax": 53931000,
    "incomeBeforeTaxRatio": 0.0585547145,
    "incomeTaxExpense": 7667000,
    "netIncome": 42820000,
    "netIncomeRatio": 0.0464911252,
    "eps": 0.18,
    "epsdiluted": 0.17,
    "weightedAverageShsOut": 242389000,
    "weightedAverageShsOutDil": 250164000,
    "link": "https://www.sec.gov/Archives/edgar/data/1535527/000153552724000013/0001535527-24-000013-index.htm",
    "finalLink": "https://www.sec.gov/Archives/edgar/data/1535527/000153552724000013/crwd-20240430.htm"
  },
  {
    "date": "2024-01-31",
    "symbol": "CRWD",
    "reportedCurrency": "USD",
    "cik": "0001535527",
    "fillingDate": "2024-03-07",
    "acceptedDate": "2024-03-06 21:07:39",
    "calendarYear": "2024",
    "period": "Q4",
    "revenue": 845335000,
    "costOfRevenue": 208572000,
    "grossProfit": 636763000,
    "grossProfitRatio": 0.753267048,
    "researchAndDevelopmentExpenses": 213998000,
    "generalAndAdministrativeExpenses": 102737000,
    "sellingAndMarketingExpenses": 290357000,
    "sellingGeneralAndAdministrativeExpenses": 393094000,
    "otherExpenses": 0,
    "operatingExpenses": 607092000,
    "costAndExpenses": 815664000,
    "interestIncome": 41685000,
    "interestExpense": 6422000,
    "depreciationAndAmortization": 42369000,
    "ebitda": 117341000,
    "ebitdaratio": 0.1388100576,
    "operatingIncome": 29671000,
    "operatingIncomeRatio": 0.0350996942,
    "totalOtherIncomeExpensesNet": 38879000,
    "incomeBeforeTax": 68550000,
    "incomeBeforeTaxRatio": 0.0810921114,
    "incomeTaxExpense": 13609000,
    "netIncome": 53699000,
    "netIncomeRatio": 0.0635239284,
    "eps": 0.22,
    "epsdiluted": 0.22,
    "weightedAverageShsOut": 240856000,
    "weightedAverageShsOutDil": 247936000,
    "link": "https://www.sec.gov/Archives/edgar/data/1535527/000153552724000007/0001535527-24-000007-index.htm",
    "finalLink": "https://www.sec.gov/Archives/edgar/data/1535527/000153552724000007/crwd-20240131.htm"
  },
  {
    "date": "2023-10-31",
    "symbol": "CRWD",
    "reportedCurrency": "USD",
    "cik": "0001535527",
    "fillingDate": "2023-11-29",
    "acceptedDate": "2023-11-28 21:26:26",
    "calendarYear": "2024",
    "period": "Q3",
    "revenue": 786014000,
    "costOfRevenue": 195004000,
    "grossProfit": 591010000,
    "grossProfitRatio": 0.7519077268,
    "researchAndDevelopmentExpenses": 196072000,
    "generalAndAdministrativeExpenses": 105589000,
    "sellingAndMarketingExpenses": 286186000,
    "sellingGeneralAndAdministrativeExpenses": 391775000,
    "otherExpenses": 0,
    "operatingExpenses": 587847000,
    "costAndExpenses": 782851000,
    "interestIncome": 40086000,
    "interestExpense": 6503000,
    "depreciationAndAmortization": 38425000,
    "ebitda": 81175000,
    "ebitdaratio": 0.1032742419,
    "operatingIncome": 3163000,
    "operatingIncomeRatio": 0.0040241014,
    "totalOtherIncomeExpensesNet": 33109000,
    "incomeBeforeTax": 36272000,
    "incomeBeforeTaxRatio": 0.0461467607,
    "incomeTaxExpense": 9603000,
    "netIncome": 26665000,
    "netIncomeRatio": 0.0339243321,
    "eps": 0.11,
    "epsdiluted": 0.11,
    "weightedAverageShsOut": 239297000,
    "weightedAverageShsOutDil": 243799000,
    "link": "https://www.sec.gov/Archives/edgar/data/1535527/000153552723000026/0001535527-23-000026-index.htm",
    "finalLink": "https://www.sec.gov/Archives/edgar/data/1535527/000153552723000026/crwd-20231031.htm"
  },
  {
    "date": "2023-07-31",
    "symbol": "CRWD",
    "reportedCurrency": "USD",
    "cik": "0001535527",
    "fillingDate": "2023-08-31",
    "acceptedDate": "2023-08-30 21:28:30",
    "calendarYear": "2024",
    "period": "Q2",
    "revenue": 731626000,
    "costOfRevenue": 182917000,
    "grossProfit": 548709000,
    "grossProfitRatio": 0.7499856484,
    "researchAndDevelopmentExpenses": 179362000,
    "generalAndAdministrativeExpenses": 153246000,
    "sellingAndMarketingExpenses": 231474000,
    "sellingGeneralAndAdministrativeExpenses": 384720000,
    "otherExpenses": 0,
    "operatingExpenses": 564082000,
    "costAndExpenses": 746999000,
    "interestIncome": 36638000,
    "interestExpense": 6444000,
    "depreciationAndAmortization": 33877000,
    "ebitda": 53408000,
    "ebitdaratio": 0.072999046,
    "operatingIncome": -15373000,
    "operatingIncomeRatio": -0.0210121018,
    "totalOtherIncomeExpensesNet": 28460000,
    "incomeBeforeTax": 13087000,
    "incomeBeforeTaxRatio": 0.0178875546,
    "incomeTaxExpense": 4611000,
    "netIncome": 8472000,
    "netIncomeRatio": 0.0115796869,
    "eps": 0.0356,
    "epsdiluted": 0.035,
    "weightedAverageShsOut": 237911000,
    "weightedAverageShsOutDil": 242144000,
    "link": "https://www.sec.gov/Archives/edgar/data/1535527/000153552723000020/0001535527-23-000020-index.htm",
    "finalLink": "https://www.sec.gov/Archives/edgar/data/1535527/000153552723000020/crwd-20230731.htm"
  },
  {
    "date": "2023-04-30",
    "symbol": "CRWD",
    "reportedCurrency": "USD",
    "cik": "0001535527",
    "fillingDate": "2023-06-01",
    "acceptedDate": "2023-05-31 21:31:12",
    "calendarYear": "2024",
    "period": "Q1",
    "revenue": 692580000,
    "costOfRevenue": 169230000,
    "grossProfit": 523350000,
    "grossProfitRatio": 0.7556527766,
    "researchAndDevelopmentExpenses": 179065000,
    "generalAndAdministrativeExpenses": 82634000,
    "sellingAndMarketingExpenses": 281107000,
    "sellingGeneralAndAdministrativeExpenses": 363741000,
    "otherExpenses": 0,
    "operatingExpenses": 542806000,
    "costAndExpenses": 712036000,
    "interestIncome": 30521000,
    "interestExpense": 6387000,
    "depreciationAndAmortization": 30583000,
    "ebitda": 41878000,
    "ebitdaratio": 0.0604666609,
    "operatingIncome": -19456000,
    "operatingIncomeRatio": -0.0280920616,
    "totalOtherIncomeExpensesNet": 24364000,
    "incomeBeforeTax": 4908000,
    "incomeBeforeTaxRatio": 0.007086546,
    "incomeTaxExpense": 4409000,
    "netIncome": 491000,
    "netIncomeRatio": 0.0007089434,
    "eps": 0.0021,
    "epsdiluted": 0.002,
    "weightedAverageShsOut": 236414000,
    "weightedAverageShsOutDil": 240598000,
    "link": "https://www.sec.gov/Archives/edgar/data/1535527/000153552723000014/0001535527-23-000014-index.htm",
    "finalLink": "https://www.sec.gov/Archives/edgar/data/1535527/000153552723000014/crwd-20230430.htm"
  },
  {
    "date": "2023-01-31",
    "symbol": "CRWD",
    "reportedCurrency": "USD",
    "cik": "0001535527",
    "fillingDate": "2023-03-09",
    "acceptedDate": "2023-03-08 19:41:08",
    "calendarYear": "2023",
    "period": "Q4",
    "revenue": 637367000,
    "costOfRevenue": 175604000,
    "grossProfit": 461763000,
    "grossProfitRatio": 0.7244852652,
    "researchAndDevelopmentExpenses": 191845000,
    "generalAndAdministrativeExpenses": 84979000,
    "sellingAndMarketingExpenses": 246439000,
    "sellingGeneralAndAdministrativeExpenses": 331418000,
    "otherExpenses": 0,
    "operatingExpenses": 523263000,
    "costAndExpenses": 698867000,
    "interestIncome": 27016000,
    "interestExpense": 6352000,
    "depreciationAndAmortization": 27850000,
    "ebitda": -9416000,
    "ebitdaratio": -0.0147732782,
    "operatingIncome": -61500000,
    "operatingIncomeRatio": -0.0964907188,
    "totalOtherIncomeExpensesNet": 17882000,
    "incomeBeforeTax": -43618000,
    "incomeBeforeTaxRatio": -0.0684346695,
    "incomeTaxExpense": 5314000,
    "netIncome": -47481000,
    "netIncomeRatio": -0.0744955418,
    "eps": -0.2,
    "epsdiluted": -0.2,
    "weightedAverageShsOut": 235027000,
    "weightedAverageShsOutDil": 235027000,
    "link": "https://www.sec.gov/Archives/edgar/data/1535527/000153552723000008/0001535527-23-000008-index.htm",
    "finalLink": "https://www.sec.gov/Archives/edgar/data/1535527/000153552723000008/crwd-20230131.htm"
  },
  {
    "date": "2022-10-31",
    "symbol": "CRWD",
    "reportedCurrency": "USD",
    "cik": "0001535527",
    "fillingDate": "2022-11-30",
    "acceptedDate": "2022-11-29 21:54:57",
    "calendarYear": "2023",
    "period": "Q3",
    "revenue": 580882000,
    "costOfRevenue": 158228000,
    "grossProfit": 422654000,
    "grossProfitRatio": 0.7276073282,
    "researchAndDevelopmentExpenses": 155256000,
    "generalAndAdministrativeExpenses": 84148000,
    "sellingAndMarketingExpenses": 239672000,
    "sellingGeneralAndAdministrativeExpenses": 323820000,
    "otherExpenses": 0,
    "operatingExpenses": 479076000,
    "costAndExpenses": 637304000,
    "interestIncome": 16245000,
    "interestExpense": 6334000,
    "depreciationAndAmortization": 25916000,
    "ebitda": -13511000,
    "ebitdaratio": -0.0232594572,
    "operatingIncome": -56422000,
    "operatingIncomeRatio": -0.0971316033,
    "totalOtherIncomeExpensesNet": 10661000,
    "incomeBeforeTax": -45761000,
    "incomeBeforeTaxRatio": -0.0787784782,
    "incomeTaxExpense": 8870000,
    "netIncome": -54956000,
    "netIncomeRatio": -0.094607855,
    "eps": -0.23,
    "epsdiluted": -0.23,
    "weightedAverageShsOut": 233785000,
    "weightedAverageShsOutDil": 233785000,
    "link": "https://www.sec.gov/Archives/edgar/data/1535527/000153552722000025/0001535527-22-000025-index.htm",
    "finalLink": "https://www.sec.gov/Archives/edgar/data/1535527/000153552722000025/crwd-20221031.htm"
  },
  {
    "date": "2022-07-31",
    "symbol": "CRWD",
    "reportedCurrency": "USD",
    "cik": "0001535527",
    "fillingDate": "2022-08-31",
    "acceptedDate": "2022-08-30 21:20:53",
    "calendarYear": "2023",
    "period": "Q2",
    "revenue": 535153000,
    "costOfRevenue": 140567000,
    "grossProfit": 394586000,
    "grossProfitRatio": 0.7373330618,
    "researchAndDevelopmentExpenses": 137864000,
    "generalAndAdministrativeExpenses": 80263000,
    "sellingAndMarketingExpenses": 224766000,
    "sellingGeneralAndAdministrativeExpenses": 305029000,
    "otherExpenses": 0,
    "operatingExpenses": 442893000,
    "costAndExpenses": 583460000,
    "interestIncome": 7727000,
    "interestExpense": 6335000,
    "depreciationAndAmortization": 21909000,
    "ebitda": -15291000,
    "ebitdaratio": -0.028573137,
    "operatingIncome": -48307000,
    "operatingIncomeRatio": -0.0902676431,
    "totalOtherIncomeExpensesNet": 4772000,
    "incomeBeforeTax": -43535000,
    "incomeBeforeTaxRatio": -0.081350567,
    "incomeTaxExpense": 4778000,
    "netIncome": -49285000,
    "netIncomeRatio": -0.0920951578,
    "eps": -0.21,
    "epsdiluted": -0.21,
    "weightedAverageShsOut": 232554000,
    "weightedAverageShsOutDil": 232554000,
    "link": "https://www.sec.gov/Archives/edgar/data/1535527/000153552722000018/0001535527-22-000018-index.htm",
    "finalLink": "https://www.sec.gov/Archives/edgar/data/1535527/000153552722000018/crwd-20220731.htm"
  },
  {
    "date": "2022-04-30",
    "symbol": "CRWD",
    "reportedCurrency": "USD",
    "cik": "0001535527",
    "fillingDate": "2022-06-03",
    "acceptedDate": "2022-06-03 16:18:00",
    "calendarYear": "2023",
    "period": "Q1",
    "revenue": 487834000,
    "costOfRevenue": 126832000,
    "grossProfit": 361002000,
    "grossProfitRatio": 0.7400099214,
    "researchAndDevelopmentExpenses": 123399000,
    "generalAndAdministrativeExpenses": 67954000,
    "sellingAndMarketingExpenses": 193532000,
    "sellingGeneralAndAdministrativeExpenses": 261486000,
    "otherExpenses": 0,
    "operatingExpenses": 384885000,
    "costAndExpenses": 511717000,
    "interestIncome": 1507000,
    "interestExpense": 6298000,
    "depreciationAndAmortization": 20429000,
    "ebitda": -242000,
    "ebitdaratio": -0.0004960704,
    "operatingIncome": -23883000,
    "operatingIncomeRatio": -0.0489572273,
    "totalOtherIncomeExpensesNet": -3086000,
    "incomeBeforeTax": -26969000,
    "incomeBeforeTaxRatio": -0.0552831496,
    "incomeTaxExpense": 3440000,
    "netIncome": -31523000,
    "netIncomeRatio": -0.0646182923,
    "eps": -0.14,
    "epsdiluted": -0.13,
    "weightedAverageShsOut": 225164285,
    "weightedAverageShsOutDil": 231179000,
    "link": "https://www.sec.gov/Archives/edgar/data/1535527/000153552722000012/0001535527-22-000012-index.htm",
    "finalLink": "https://www.sec.gov/Archives/edgar/data/1535527/000153552722000012/crwd-20220430.htm"
  },
  {
    "date": "2022-01-31",
    "symbol": "CRWD",
    "reportedCurrency": "USD",
    "cik": "0001535527",
    "fillingDate": "2022-03-16",
    "acceptedDate": "2022-03-16 16:08:17",
    "calendarYear": "2022",
    "period": "Q4",
    "revenue": 431010000,
    "costOfRevenue": 112620000,
    "grossProfit": 318390000,
    "grossProfitRatio": 0.7387067585,
    "researchAndDevelopmentExpenses": 105018000,
    "generalAndAdministrativeExpenses": 74312000,
    "sellingAndMarketingExpenses": 162594000,
    "sellingGeneralAndAdministrativeExpenses": 236906000,
    "otherExpenses": 0,
    "operatingExpenses": 341924000,
    "costAndExpenses": 454544000,
    "interestIncome": 0,
    "interestExpense": 6302000,
    "depreciationAndAmortization": 20491000,
    "ebitda": -1364000,
    "ebitdaratio": -0.0031646598,
    "operatingIncome": -23534000,
    "operatingIncomeRatio": -0.0546019814,
    "totalOtherIncomeExpensesNet": -4623000,
    "incomeBeforeTax": -28157000,
    "incomeBeforeTaxRatio": -0.0653279506,
    "incomeTaxExpense": 13582000,
    "netIncome": -41980000,
    "netIncomeRatio": -0.0973991323,
    "eps": -0.18,
    "epsdiluted": -0.18,
    "weightedAverageShsOut": 229662000,
    "weightedAverageShsOutDil": 229662000,
    "link": "https://www.sec.gov/Archives/edgar/data/1535527/000153552722000006/0001535527-22-000006-index.htm",
    "finalLink": "https://www.sec.gov/Archives/edgar/data/1535527/000153552722000006/crwd-20220131.htm"
  },
  {
    "date": "2021-10-31",
    "symbol": "CRWD",
    "reportedCurrency": "USD",
    "cik": "0001535527",
    "fillingDate": "2021-12-02",
    "acceptedDate": "2021-12-02 16:10:00",
    "calendarYear": "2022",
    "period": "Q3",
    "revenue": 380051000,
    "costOfRevenue": 101664000,
    "grossProfit": 278387000,
    "grossProfitRatio": 0.7324990593,
    "researchAndDevelopmentExpenses": 97630000,
    "generalAndAdministrativeExpenses": 56061000,
    "sellingAndMarketingExpenses": 164960000,
    "sellingGeneralAndAdministrativeExpenses": 221021000,
    "otherExpenses": 0,
    "operatingExpenses": 318651000,
    "costAndExpenses": 420315000,
    "interestIncome": 1019000,
    "interestExpense": 6403000,
    "depreciationAndAmortization": 17859000,
    "ebitda": -21715000,
    "ebitdaratio": -0.0571370684,
    "operatingIncome": -40264000,
    "operatingIncomeRatio": -0.105943676,
    "totalOtherIncomeExpensesNet": -5713000,
    "incomeBeforeTax": -45977000,
    "incomeBeforeTaxRatio": -0.120975869,
    "incomeTaxExpense": 4473000,
    "netIncome": -50455000,
    "netIncomeRatio": -0.1327584982,
    "eps": -0.22,
    "epsdiluted": -0.22,
    "weightedAverageShsOut": 228293000,
    "weightedAverageShsOutDil": 228293000,
    "link": "https://www.sec.gov/Archives/edgar/data/1535527/000153552721000028/0001535527-21-000028-index.htm",
    "finalLink": "https://www.sec.gov/Archives/edgar/data/1535527/000153552721000028/crwd-20211031.htm"
  },
  {
    "date": "2021-07-31",
    "symbol": "CRWD",
    "reportedCurrency": "USD",
    "cik": "0001535527",
    "fillingDate": "2021-09-01",
    "acceptedDate": "2021-09-01 17:20:18",
    "calendarYear": "2022",
    "period": "Q2",
    "revenue": 337690000,
    "costOfRevenue": 90432000,
    "grossProfit": 247258000,
    "grossProfitRatio": 0.7322040925,
    "researchAndDevelopmentExpenses": 90455000,
    "generalAndAdministrativeExpenses": 50345000,
    "sellingAndMarketingExpenses": 153861000,
    "sellingGeneralAndAdministrativeExpenses": 204206000,
    "otherExpenses": 0,
    "operatingExpenses": 294661000,
    "costAndExpenses": 385093000,
    "interestIncome": 0,
    "interestExpense": 6296000,
    "depreciationAndAmortization": 16088000,
    "ebitda": -30696000,
    "ebitdaratio": -0.0908999378,
    "operatingIncome": -47403000,
    "operatingIncomeRatio": -0.1403743078,
    "totalOtherIncomeExpensesNet": -5677000,
    "incomeBeforeTax": -53080000,
    "incomeBeforeTaxRatio": -0.1571855844,
    "incomeTaxExpense": 4238000,
    "netIncome": -57318000,
    "netIncomeRatio": -0.1697355563,
    "eps": -0.25,
    "epsdiluted": -0.25,
    "weightedAverageShsOut": 226362000,
    "weightedAverageShsOutDil": 226362000,
    "link": "https://www.sec.gov/Archives/edgar/data/1535527/000153552721000022/0001535527-21-000022-index.htm",
    "finalLink": "https://www.sec.gov/Archives/edgar/data/1535527/000153552721000022/crwd-20210731.htm"
  },
  {
    "date": "2021-04-30",
    "symbol": "CRWD",
    "reportedCurrency": "USD",
    "cik": "0001535527",
    "fillingDate": "2021-06-04",
    "acceptedDate": "2021-06-04 16:08:40",
    "calendarYear": "2022",
    "period": "Q1",
    "revenue": 302843000,
    "costOfRevenue": 78505000,
    "grossProfit": 224338000,
    "grossProfitRatio": 0.740773272,
    "researchAndDevelopmentExpenses": 78180000,
    "generalAndAdministrativeExpenses": 42374000,
    "sellingAndMarketingExpenses": 135131000,
    "sellingGeneralAndAdministrativeExpenses": 177505000,
    "otherExpenses": 0,
    "operatingExpenses": 255685000,
    "costAndExpenses": 334190000,
    "interestIncome": 0,
    "interestExpense": 6230000,
    "depreciationAndAmortization": 14372000,
    "ebitda": -12207000,
    "ebitdaratio": -0.0403080144,
    "operatingIncome": -31347000,
    "operatingIncomeRatio": -0.103509079,
    "totalOtherIncomeExpensesNet": -1462000,
    "incomeBeforeTax": -32809000,
    "incomeBeforeTaxRatio": -0.1083366629,
    "incomeTaxExpense": 50062000,
    "netIncome": -85049000,
    "netIncomeRatio": -0.2808352843,
    "eps": -0.38,
    "epsdiluted": -0.38,
    "weightedAverageShsOut": 224153000,
    "weightedAverageShsOutDil": 224153000,
    "link": "https://www.sec.gov/Archives/edgar/data/1535527/000153552721000013/0001535527-21-000013-index.htm",
    "finalLink": "https://www.sec.gov/Archives/edgar/data/1535527/000153552721000013/crwd-20210430.htm"
  },
  {
    "date": "2021-01-31",
    "symbol": "CRWD",
    "reportedCurrency": "USD",
    "cik": "0001535527",
    "fillingDate": "2021-03-18",
    "acceptedDate": "2021-03-18 17:02:10",
    "calendarYear": "2021",
    "period": "Q4",
    "revenue": 264929000,
    "costOfRevenue": 66732000,
    "grossProfit": 198197000,
    "grossProfitRatio": 0.7481136455,
    "researchAndDevelopmentExpenses": 66070000,
    "generalAndAdministrativeExpenses": 35481000,
    "sellingAndMarketingExpenses": 112449000,
    "sellingGeneralAndAdministrativeExpenses": 147930000,
    "otherExpenses": 0,
    "operatingExpenses": 214000000,
    "costAndExpenses": 280732000,
    "interestIncome": 0,
    "interestExpense": 1049000,
    "depreciationAndAmortization": 11836000,
    "ebitda": -3285000,
    "ebitdaratio": -0.0123995486,
    "operatingIncome": -15803000,
    "operatingIncomeRatio": -0.0596499439,
    "totalOtherIncomeExpensesNet": -367000,
    "incomeBeforeTax": -16170000,
    "incomeBeforeTaxRatio": -0.0610352208,
    "incomeTaxExpense": 2832000,
    "netIncome": -19002000,
    "netIncomeRatio": -0.0717248772,
    "eps": -0.0857,
    "epsdiluted": -0.0857,
    "weightedAverageShsOut": 221700000,
    "weightedAverageShsOutDil": 221700000,
    "link": "https://www.sec.gov/Archives/edgar/data/1535527/000153552721000007/0001535527-21-000007-index.htm",
    "finalLink": "https://www.sec.gov/Archives/edgar/data/1535527/000153552721000007/crwd-20210131.htm"
  },
  {
    "date": "2020-10-31",
    "symbol": "CRWD",
    "reportedCurrency": "USD",
    "cik": "0001535527",
    "fillingDate": "2020-12-03",
    "acceptedDate": "2020-12-03 16:07:06",
    "calendarYear": "2021",
    "period": "Q3",
    "revenue": 232460000,
    "costOfRevenue": 61527000,
    "grossProfit": 170933000,
    "grossProfitRatio": 0.735322206,
    "researchAndDevelopmentExpenses": 57539000,
    "generalAndAdministrativeExpenses": 31951000,
    "sellingAndMarketingExpenses": 105602000,
    "sellingGeneralAndAdministrativeExpenses": 137553000,
    "otherExpenses": 0,
    "operatingExpenses": 195092000,
    "costAndExpenses": 256619000,
    "interestIncome": 0,
    "interestExpense": 193000,
    "depreciationAndAmortization": 10479000,
    "ebitda": -13408000,
    "ebitdaratio": -0.0576787404,
    "operatingIncome": -24159000,
    "operatingIncomeRatio": -0.1039275574,
    "totalOtherIncomeExpensesNet": 79000,
    "incomeBeforeTax": -24080000,
    "incomeBeforeTaxRatio": -0.103587714,
    "incomeTaxExpense": 451000,
    "netIncome": -24531000,
    "netIncomeRatio": -0.1055278327,
    "eps": -0.11,
    "epsdiluted": -0.11,
    "weightedAverageShsOut": 219401000,
    "weightedAverageShsOutDil": 219401000,
    "link": "https://www.sec.gov/Archives/edgar/data/1535527/000153552720000025/0001535527-20-000025-index.htm",
    "finalLink": "https://www.sec.gov/Archives/edgar/data/1535527/000153552720000025/crwd-20201031.htm"
  },
  {
    "date": "2020-07-31",
    "symbol": "CRWD",
    "reportedCurrency": "USD",
    "cik": "0001535527",
    "fillingDate": "2020-09-03",
    "acceptedDate": "2020-09-03 16:07:19",
    "calendarYear": "2021",
    "period": "Q2",
    "revenue": 198971000,
    "costOfRevenue": 54391000,
    "grossProfit": 144580000,
    "grossProfitRatio": 0.7266385554,
    "researchAndDevelopmentExpenses": 50483000,
    "generalAndAdministrativeExpenses": 28961000,
    "sellingAndMarketingExpenses": 95127000,
    "sellingGeneralAndAdministrativeExpenses": 124088000,
    "otherExpenses": 0,
    "operatingExpenses": 174571000,
    "costAndExpenses": 228962000,
    "interestIncome": 0,
    "interestExpense": 174000,
    "depreciationAndAmortization": 9523000,
    "ebitda": -19736000,
    "ebitdaratio": -0.0991903343,
    "operatingIncome": -29991000,
    "operatingIncomeRatio": -0.1507305085,
    "totalOtherIncomeExpensesNet": 558000,
    "incomeBeforeTax": -29433000,
    "incomeBeforeTaxRatio": -0.1479260797,
    "incomeTaxExpense": 441000,
    "netIncome": -29874000,
    "netIncomeRatio": -0.1501424831,
    "eps": -0.14,
    "epsdiluted": -0.14,
    "weightedAverageShsOut": 216695000,
    "weightedAverageShsOutDil": 216695000,
    "link": "https://www.sec.gov/Archives/edgar/data/1535527/000153552720000019/0001535527-20-000019-index.htm",
    "finalLink": "https://www.sec.gov/Archives/edgar/data/1535527/000153552720000019/crwd-20200731.htm"
  },
  {
    "date": "2020-04-30",
    "symbol": "CRWD",
    "reportedCurrency": "USD",
    "cik": "0001535527",
    "fillingDate": "2020-06-03",
    "acceptedDate": "2020-06-03 16:08:17",
    "calendarYear": "2021",
    "period": "Q1",
    "revenue": 178078000,
    "costOfRevenue": 46895000,
    "grossProfit": 131183000,
    "grossProfitRatio": 0.7366603399,
    "researchAndDevelopmentExpenses": 40578000,
    "generalAndAdministrativeExpenses": 25043000,
    "sellingAndMarketingExpenses": 88138000,
    "sellingGeneralAndAdministrativeExpenses": 113181000,
    "otherExpenses": 0,
    "operatingExpenses": 153759000,
    "costAndExpenses": 200654000,
    "interestIncome": 0,
    "interestExpense": 143000,
    "depreciationAndAmortization": 8305000,
    "ebitda": -9738000,
    "ebitdaratio": -0.0546839026,
    "operatingIncome": -22576000,
    "operatingIncomeRatio": -0.1267759072,
    "totalOtherIncomeExpensesNet": 4390000,
    "incomeBeforeTax": -18186000,
    "incomeBeforeTaxRatio": -0.1021237885,
    "incomeTaxExpense": 1036000,
    "netIncome": -19222000,
    "netIncomeRatio": -0.1079414639,
    "eps": -0.0902,
    "epsdiluted": -0.0902,
    "weightedAverageShsOut": 213129000,
    "weightedAverageShsOutDil": 213129000,
    "link": "https://www.sec.gov/Archives/edgar/data/1535527/000153552720000012/0001535527-20-000012-index.htm",
    "finalLink": "https://www.sec.gov/Archives/edgar/data/1535527/000153552720000012/crwd-20200430.htm"
  },
  {
    "date": "2020-01-31",
    "symbol": "CRWD",
    "reportedCurrency": "USD",
    "cik": "0001535527",
    "fillingDate": "2020-03-23",
    "acceptedDate": "2020-03-23 16:06:34",
    "calendarYear": "2020",
    "period": "Q4",
    "revenue": 152109000,
    "costOfRevenue": 43417000,
    "grossProfit": 108692000,
    "grossProfitRatio": 0.714566528,
    "researchAndDevelopmentExpenses": 38691000,
    "generalAndAdministrativeExpenses": 25331000,
    "sellingAndMarketingExpenses": 75803000,
    "sellingGeneralAndAdministrativeExpenses": 101134000,
    "otherExpenses": 0,
    "operatingExpenses": 139825000,
    "costAndExpenses": 183242000,
    "interestIncome": 0,
    "interestExpense": 145000,
    "depreciationAndAmortization": 7105000,
    "ebitda": -20825000,
    "ebitdaratio": -0.1369084012,
    "operatingIncome": -31133000,
    "operatingIncomeRatio": -0.2046755945,
    "totalOtherIncomeExpensesNet": 3058000,
    "incomeBeforeTax": -28075000,
    "incomeBeforeTaxRatio": -0.1845715901,
    "incomeTaxExpense": 333000,
    "netIncome": -28408000,
    "netIncomeRatio": -0.1867608097,
    "eps": -0.14,
    "epsdiluted": -0.14,
    "weightedAverageShsOut": 207565000,
    "weightedAverageShsOutDil": 207565000,
    "link": "https://www.sec.gov/Archives/edgar/data/1535527/000153552720000006/0001535527-20-000006-index.htm",
    "finalLink": "https://www.sec.gov/Archives/edgar/data/1535527/000153552720000006/crwd-20200131.htm"
  },
  {
    "date": "2019-10-31",
    "symbol": "CRWD",
    "reportedCurrency": "USD",
    "cik": "0001535527",
    "fillingDate": "2019-12-06",
    "acceptedDate": "2019-12-06 17:15:48",
    "calendarYear": "2020",
    "period": "Q3",
    "revenue": 125119000,
    "costOfRevenue": 37355000,
    "grossProfit": 87764000,
    "grossProfitRatio": 0.7014442251,
    "researchAndDevelopmentExpenses": 35992000,
    "generalAndAdministrativeExpenses": 21615000,
    "sellingAndMarketingExpenses": 68675000,
    "sellingGeneralAndAdministrativeExpenses": 90290000,
    "otherExpenses": 0,
    "operatingExpenses": 126282000,
    "costAndExpenses": 163637000,
    "interestIncome": 0,
    "interestExpense": 132000,
    "depreciationAndAmortization": 5930000,
    "ebitda": -29039000,
    "ebitdaratio": -0.2320910493,
    "operatingIncome": -38518000,
    "operatingIncomeRatio": -0.3078509259,
    "totalOtherIncomeExpensesNet": 3447000,
    "incomeBeforeTax": -35071000,
    "incomeBeforeTaxRatio": -0.2803011533,
    "incomeTaxExpense": 434000,
    "netIncome": -35505000,
    "netIncomeRatio": -0.2837698511,
    "eps": -0.17,
    "epsdiluted": -0.17,
    "weightedAverageShsOut": 204096000,
    "weightedAverageShsOutDil": 204096000,
    "link": "https://www.sec.gov/Archives/edgar/data/1535527/000153552719000011/0001535527-19-000011-index.htm",
    "finalLink": "https://www.sec.gov/Archives/edgar/data/1535527/000153552719000011/crwd-20191031.htm"
  },
  {
    "date": "2019-07-31",
    "symbol": "CRWD",
    "reportedCurrency": "USD",
    "cik": "0001535527",
    "fillingDate": "2019-09-06",
    "acceptedDate": "2019-09-06 16:13:49",
    "calendarYear": "2020",
    "period": "Q2",
    "revenue": 108108000,
    "costOfRevenue": 31582000,
    "grossProfit": 76526000,
    "grossProfitRatio": 0.7078662079,
    "researchAndDevelopmentExpenses": 31630000,
    "generalAndAdministrativeExpenses": 30261000,
    "sellingAndMarketingExpenses": 65274000,
    "sellingGeneralAndAdministrativeExpenses": 95535000,
    "otherExpenses": 0,
    "operatingExpenses": 127165000,
    "costAndExpenses": 158747000,
    "interestIncome": 0,
    "interestExpense": 164000,
    "depreciationAndAmortization": 5459000,
    "ebitda": -45631000,
    "ebitdaratio": -0.4220871721,
    "operatingIncome": -50639000,
    "operatingIncomeRatio": -0.4684112184,
    "totalOtherIncomeExpensesNet": -615000,
    "incomeBeforeTax": -51254000,
    "incomeBeforeTaxRatio": -0.4740999741,
    "incomeTaxExpense": 635000,
    "netIncome": -51889000,
    "netIncomeRatio": -0.47997373,
    "eps": -0.26,
    "epsdiluted": -0.26,
    "weightedAverageShsOut": 200392486,
    "weightedAverageShsOutDil": 200392486,
    "link": "https://www.sec.gov/Archives/edgar/data/1535527/000155837019008521/0001558370-19-008521-index.htm",
    "finalLink": "https://www.sec.gov/Archives/edgar/data/1535527/000155837019008521/crwd-20190731x10q.htm"
  },
  {
    "date": "2019-04-30",
    "symbol": "CRWD",
    "reportedCurrency": "USD",
    "cik": "0001535527",
    "fillingDate": "2019-07-19",
    "acceptedDate": "2019-07-19 14:20:16",
    "calendarYear": "2020",
    "period": "Q1",
    "revenue": 96077000,
    "costOfRevenue": 29273000,
    "grossProfit": 66804000,
    "grossProfitRatio": 0.6953172976,
    "researchAndDevelopmentExpenses": 23875000,
    "generalAndAdministrativeExpenses": 11861000,
    "sellingAndMarketingExpenses": 56843000,
    "sellingGeneralAndAdministrativeExpenses": 68704000,
    "otherExpenses": 0,
    "operatingExpenses": 92579000,
    "costAndExpenses": 121852000,
    "interestIncome": 0,
    "interestExpense": 1000,
    "depreciationAndAmortization": 5019000,
    "ebitda": -20362000,
    "ebitdaratio": -0.2119341778,
    "operatingIncome": -25775000,
    "operatingIncomeRatio": -0.2682744049,
    "totalOtherIncomeExpensesNet": 393000,
    "incomeBeforeTax": -25382000,
    "incomeBeforeTaxRatio": -0.2641839358,
    "incomeTaxExpense": 595000,
    "netIncome": -25977000,
    "netIncomeRatio": -0.2703768852,
    "eps": -0.13,
    "epsdiluted": -0.13,
    "weightedAverageShsOut": 196688971,
    "weightedAverageShsOutDil": 196688971,
    "link": "https://www.sec.gov/Archives/edgar/data/1535527/000155837019006161/0001558370-19-006161-index.htm",
    "finalLink": "https://www.sec.gov/Archives/edgar/data/1535527/000155837019006161/crwd-20190430x10q.htm"
  },
  {
    "date": "2019-01-31",
    "symbol": "CRWD",
    "reportedCurrency": "USD",
    "cik": "0001535527",
    "fillingDate": "2019-01-31",
    "acceptedDate": "2019-01-30 19:00:00",
    "calendarYear": "2019",
    "period": "Q4",
    "revenue": 80455000,
    "costOfRevenue": 26995000,
    "grossProfit": 53460000,
    "grossProfitRatio": 0.6644708222,
    "researchAndDevelopmentExpenses": 22005000,
    "generalAndAdministrativeExpenses": 13349000,
    "sellingAndMarketingExpenses": 49338000,
    "sellingGeneralAndAdministrativeExpenses": 62687000,
    "otherExpenses": 0,
    "operatingExpenses": 84692000,
    "costAndExpenses": 111687000,
    "interestIncome": 0,
    "interestExpense": 0,
    "depreciationAndAmortization": 4764000,
    "ebitda": -26147000,
    "ebitdaratio": -0.3249891244,
    "operatingIncome": -31232000,
    "operatingIncomeRatio": -0.3881921571,
    "totalOtherIncomeExpensesNet": 321000,
    "incomeBeforeTax": -30911000,
    "incomeBeforeTaxRatio": -0.3842023491,
    "incomeTaxExpense": 349000,
    "netIncome": -31260000,
    "netIncomeRatio": -0.3885401777,
    "eps": -0.18,
    "epsdiluted": -0.18,
    "weightedAverageShsOut": 171202000,
    "weightedAverageShsOutDil": 171202000,
    "link": "",
    "finalLink": ""
  },
  {
    "date": "2018-10-31",
    "symbol": "CRWD",
    "reportedCurrency": "USD",
    "cik": "0001535527",
    "fillingDate": "2018-10-31",
    "acceptedDate": "2018-10-31 00:00:00",
    "calendarYear": "2019",
    "period": "Q3",
    "revenue": 66379000,
    "costOfRevenue": 22274000,
    "grossProfit": 44105000,
    "grossProfitRatio": 0.6644420675,
    "researchAndDevelopmentExpenses": 25968000,
    "generalAndAdministrativeExpenses": 13614000,
    "sellingAndMarketingExpenses": 46614000,
    "sellingGeneralAndAdministrativeExpenses": 60228000,
    "otherExpenses": 0,
    "operatingExpenses": 86196000,
    "costAndExpenses": 108470000,
    "interestIncome": 0,
    "interestExpense": 0,
    "depreciationAndAmortization": 3837000,
    "ebitda": -37951000,
    "ebitdaratio": -0.5717320237,
    "operatingIncome": -42091000,
    "operatingIncomeRatio": -0.6341011464,
    "totalOtherIncomeExpensesNet": 303000,
    "incomeBeforeTax": -41788000,
    "incomeBeforeTaxRatio": -0.6295364498,
    "incomeTaxExpense": 535000,
    "netIncome": -42323000,
    "netIncomeRatio": -0.6375962277,
    "eps": -0.25,
    "epsdiluted": -0.25,
    "weightedAverageShsOut": 171202000,
    "weightedAverageShsOutDil": 171202000,
    "link": "",
    "finalLink": ""
  },
  {
    "date": "2018-07-31",
    "symbol": "CRWD",
    "reportedCurrency": "USD",
    "cik": "0001535527",
    "fillingDate": "2018-07-31",
    "acceptedDate": "2018-07-30 20:00:00",
    "calendarYear": "2019",
    "period": "Q2",
    "revenue": 55701000,
    "costOfRevenue": 18575000,
    "grossProfit": 37126000,
    "grossProfitRatio": 0.6665230427,
    "researchAndDevelopmentExpenses": 18963000,
    "generalAndAdministrativeExpenses": 8477000,
    "sellingAndMarketingExpenses": 40113000,
    "sellingGeneralAndAdministrativeExpenses": 48590000,
    "otherExpenses": 0,
    "operatingExpenses": 67553000,
    "costAndExpenses": 86128000,
    "interestIncome": 0,
    "interestExpense": 236000,
    "depreciationAndAmortization": 3648000,
    "ebitda": -28631000,
    "ebitdaratio": -0.5140123158,
    "operatingIncome": -30427000,
    "operatingIncomeRatio": -0.546255902,
    "totalOtherIncomeExpensesNet": -2088000,
    "incomeBeforeTax": -32515000,
    "incomeBeforeTaxRatio": -0.5837417641,
    "incomeTaxExpense": 362000,
    "netIncome": -32877000,
    "netIncomeRatio": -0.5902407497,
    "eps": -0.19,
    "epsdiluted": -0.19,
    "weightedAverageShsOut": 171202000,
    "weightedAverageShsOutDil": 171202000,
    "link": "",
    "finalLink": ""
  },
  {
    "date": "2018-04-30",
    "symbol": "CRWD",
    "reportedCurrency": "USD",
    "cik": "0001535527",
    "fillingDate": "2018-04-30",
    "acceptedDate": "2018-04-30 00:00:00",
    "calendarYear": "2019",
    "period": "Q1",
    "revenue": 47289000,
    "costOfRevenue": 19394000,
    "grossProfit": 27895000,
    "grossProfitRatio": 0.5898834824,
    "researchAndDevelopmentExpenses": 17615000,
    "generalAndAdministrativeExpenses": 6777000,
    "sellingAndMarketingExpenses": 36617000,
    "sellingGeneralAndAdministrativeExpenses": 43394000,
    "otherExpenses": 0,
    "operatingExpenses": 61009000,
    "costAndExpenses": 80403000,
    "interestIncome": 0,
    "interestExpense": 192000,
    "depreciationAndAmortization": 3149000,
    "ebitda": -30155000,
    "ebitdaratio": -0.6376747235,
    "operatingIncome": -33114000,
    "operatingIncomeRatio": -0.7002474148,
    "totalOtherIncomeExpensesNet": -382000,
    "incomeBeforeTax": -33496000,
    "incomeBeforeTaxRatio": -0.7083254034,
    "incomeTaxExpense": 121000,
    "netIncome": -33617000,
    "netIncomeRatio": -0.710884138,
    "eps": -0.2,
    "epsdiluted": -0.2,
    "weightedAverageShsOut": 171202000,
    "weightedAverageShsOutDil": 171202000,
    "link": "",
    "finalLink": ""
  },
  {
    "date": "2018-01-31",
    "symbol": "CRWD",
    "reportedCurrency": "USD",
    "cik": "0001535527",
    "fillingDate": "2018-01-31",
    "acceptedDate": "2018-01-30 19:00:00",
    "calendarYear": "2018",
    "period": "Q4",
    "revenue": 38717000,
    "costOfRevenue": 19170000,
    "grossProfit": 19547000,
    "grossProfitRatio": 0.5048686623,
    "researchAndDevelopmentExpenses": 15928000,
    "generalAndAdministrativeExpenses": 6121000,
    "sellingAndMarketingExpenses": 34265000,
    "sellingGeneralAndAdministrativeExpenses": 40386000,
    "otherExpenses": 53000,
    "operatingExpenses": 56367000,
    "costAndExpenses": 75537000,
    "interestIncome": 0,
    "interestExpense": 190000,
    "depreciationAndAmortization": 2529000,
    "ebitda": -34238000,
    "ebitdaratio": -0.8843143839,
    "operatingIncome": -36767000,
    "operatingIncomeRatio": -0.9496345275,
    "totalOtherIncomeExpensesNet": -243000,
    "incomeBeforeTax": -37010000,
    "incomeBeforeTaxRatio": -0.9559108402,
    "incomeTaxExpense": 483000,
    "netIncome": -41717000,
    "netIncomeRatio": -1.0774853424,
    "eps": -0.24,
    "epsdiluted": -0.24,
    "weightedAverageShsOut": 171202000,
    "weightedAverageShsOutDil": 171202000,
    "link": null,
    "finalLink": null
  }
]