[
  {
    "date": "2025-07-26",
    "symbol": "CSCO",
    "reportedCurrency": "USD",
    "cik": "0000858877",
    "fillingDate": "2025-09-03",
    "acceptedDate": "2025-09-03 16:52:59",
    "calendarYear": "2025",
    "period": "Q4",
    "revenue": 14673000000,
    "costOfRevenue": 5279000000,
    "grossProfit": 9394000000,
    "grossProfitRatio": 0.6402235398,
    "researchAndDevelopmentExpenses": 2380000000,
    "generalAndAdministrativeExpenses": 706000000,
    "sellingAndMarketingExpenses": 2818000000,
    "sellingGeneralAndAdministrativeExpenses": 3524000000,
    "otherExpenses": 0,
    "operatingExpenses": 5904000000,
    "costAndExpenses": 11183000000,
    "interestIncome": 227000000,
    "interestExpense": 368000000,
    "depreciationAndAmortization": 635000000,
    "ebitda": 4357000000,
    "ebitdaratio": 0.2969399577,
    "operatingIncome": 3490000000,
    "operatingIncomeRatio": 0.2378518367,
    "totalOtherIncomeExpensesNet": -136000000,
    "incomeBeforeTax": 3354000000,
    "incomeBeforeTaxRatio": 0.2285831118,
    "incomeTaxExpense": 531000000,
    "netIncome": 2823000000,
    "netIncomeRatio": 0.1923941934,
    "eps": 0.71,
    "epsdiluted": 0.71,
    "weightedAverageShsOut": 3960000000,
    "weightedAverageShsOutDil": 3992000000,
    "link": "https://www.sec.gov/Archives/edgar/data/858877/000085887725000111/0000858877-25-000111-index.htm",
    "finalLink": "https://www.sec.gov/Archives/edgar/data/858877/000085887725000111/csco-20250726.htm"
  },
  {
    "date": "2025-04-26",
    "symbol": "CSCO",
    "reportedCurrency": "USD",
    "cik": "0000858877",
    "fillingDate": "2025-05-20",
    "acceptedDate": "2025-05-20 16:35:37",
    "calendarYear": "2025",
    "period": "Q3",
    "revenue": 14149000000,
    "costOfRevenue": 4871000000,
    "grossProfit": 9278000000,
    "grossProfitRatio": 0.6557353877,
    "researchAndDevelopmentExpenses": 2335000000,
    "generalAndAdministrativeExpenses": 739000000,
    "sellingAndMarketingExpenses": 2724000000,
    "sellingGeneralAndAdministrativeExpenses": 3463000000,
    "otherExpenses": 278000000,
    "operatingExpenses": 6076000000,
    "costAndExpenses": 10947000000,
    "interestIncome": 250000000,
    "interestExpense": 403000000,
    "depreciationAndAmortization": 626000000,
    "ebitda": 3976000000,
    "ebitdaratio": 0.2810092586,
    "operatingIncome": 3202000000,
    "operatingIncomeRatio": 0.226305746,
    "totalOtherIncomeExpensesNet": -255000000,
    "incomeBeforeTax": 2947000000,
    "incomeBeforeTaxRatio": 0.2082832709,
    "incomeTaxExpense": 456000000,
    "netIncome": 2491000000,
    "netIncomeRatio": 0.1760548449,
    "eps": 0.63,
    "epsdiluted": 0.62,
    "weightedAverageShsOut": 3981000000,
    "weightedAverageShsOutDil": 4004000000,
    "link": "https://www.sec.gov/Archives/edgar/data/858877/000085887725000033/0000858877-25-000033-index.htm",
    "finalLink": "https://www.sec.gov/Archives/edgar/data/858877/000085887725000033/csco-20250426.htm"
  },
  {
    "date": "2025-01-25",
    "symbol": "CSCO",
    "reportedCurrency": "USD",
    "cik": "0000858877",
    "fillingDate": "2025-02-18",
    "acceptedDate": "2025-02-18 16:34:49",
    "calendarYear": "2025",
    "period": "Q2",
    "revenue": 13991000000,
    "costOfRevenue": 4880000000,
    "grossProfit": 9111000000,
    "grossProfitRatio": 0.6512043457,
    "researchAndDevelopmentExpenses": 2299000000,
    "generalAndAdministrativeExpenses": 752000000,
    "sellingAndMarketingExpenses": 2672000000,
    "sellingGeneralAndAdministrativeExpenses": 3424000000,
    "otherExpenses": 275000000,
    "operatingExpenses": 5998000000,
    "costAndExpenses": 10878000000,
    "interestIncome": 238000000,
    "interestExpense": 404000000,
    "depreciationAndAmortization": 761000000,
    "ebitda": 4052000000,
    "ebitdaratio": 0.2896147523,
    "operatingIncome": 3113000000,
    "operatingIncomeRatio": 0.2225001787,
    "totalOtherIncomeExpensesNet": -226000000,
    "incomeBeforeTax": 2887000000,
    "incomeBeforeTaxRatio": 0.2063469373,
    "incomeTaxExpense": 459000000,
    "netIncome": 2428000000,
    "netIncomeRatio": 0.1735401329,
    "eps": 0.61,
    "epsdiluted": 0.61,
    "weightedAverageShsOut": 3981000000,
    "weightedAverageShsOutDil": 4005000000,
    "link": "https://www.sec.gov/Archives/edgar/data/858877/000085887725000007/0000858877-25-000007-index.htm",
    "finalLink": "https://www.sec.gov/Archives/edgar/data/858877/000085887725000007/csco-20250125.htm"
  },
  {
    "date": "2024-10-26",
    "symbol": "CSCO",
    "reportedCurrency": "USD",
    "cik": "0000858877",
    "fillingDate": "2024-11-19",
    "acceptedDate": "2024-11-19 16:36:14",
    "calendarYear": "2025",
    "period": "Q1",
    "revenue": 13841000000,
    "costOfRevenue": 4720000000,
    "grossProfit": 9121000000,
    "grossProfitRatio": 0.6589841774,
    "researchAndDevelopmentExpenses": 2286000000,
    "generalAndAdministrativeExpenses": 795000000,
    "sellingAndMarketingExpenses": 2752000000,
    "sellingGeneralAndAdministrativeExpenses": 3547000000,
    "otherExpenses": 930000000,
    "operatingExpenses": 6763000000,
    "costAndExpenses": 11483000000,
    "interestIncome": 286000000,
    "interestExpense": 418000000,
    "depreciationAndAmortization": 789000000,
    "ebitda": 3474000000,
    "ebitdaratio": 0.2509934253,
    "operatingIncome": 2358000000,
    "operatingIncomeRatio": 0.170363413,
    "totalOtherIncomeExpensesNet": -91000000,
    "incomeBeforeTax": 2267000000,
    "incomeBeforeTaxRatio": 0.1637887436,
    "incomeTaxExpense": -444000000,
    "netIncome": 2711000000,
    "netIncomeRatio": 0.1958673506,
    "eps": 0.68,
    "epsdiluted": 0.68,
    "weightedAverageShsOut": 3990000000,
    "weightedAverageShsOutDil": 4013000000,
    "link": "https://www.sec.gov/Archives/edgar/data/858877/000085887724000030/0000858877-24-000030-index.htm",
    "finalLink": "https://www.sec.gov/Archives/edgar/data/858877/000085887724000030/csco-20241026.htm"
  },
  {
    "date": "2024-07-27",
    "symbol": "CSCO",
    "reportedCurrency": "USD",
    "cik": "0000858877",
    "fillingDate": "2024-09-05",
    "acceptedDate": "2024-09-05 16:41:20",
    "calendarYear": "2024",
    "period": "Q4",
    "revenue": 13642000000,
    "costOfRevenue": 4861000000,
    "grossProfit": 8781000000,
    "grossProfitRatio": 0.6436739481,
    "researchAndDevelopmentExpenses": 2179000000,
    "generalAndAdministrativeExpenses": 763000000,
    "sellingAndMarketingExpenses": 2841000000,
    "sellingGeneralAndAdministrativeExpenses": 3604000000,
    "otherExpenses": 380000000,
    "operatingExpenses": 6163000000,
    "costAndExpenses": 11024000000,
    "interestIncome": 270000000,
    "interestExpense": 418000000,
    "depreciationAndAmortization": 823000000,
    "ebitda": 3637000000,
    "ebitdaratio": 0.2666031374,
    "operatingIncome": 2618000000,
    "operatingIncomeRatio": 0.191907345,
    "totalOtherIncomeExpensesNet": -222000000,
    "incomeBeforeTax": 2396000000,
    "incomeBeforeTaxRatio": 0.1756340713,
    "incomeTaxExpense": 234000000,
    "netIncome": 2162000000,
    "netIncomeRatio": 0.1584811611,
    "eps": 0.54,
    "epsdiluted": 0.54,
    "weightedAverageShsOut": 4018004824,
    "weightedAverageShsOutDil": 4035000000,
    "link": "https://www.sec.gov/Archives/edgar/data/858877/000085887724000017/0000858877-24-000017-index.htm",
    "finalLink": "https://www.sec.gov/Archives/edgar/data/858877/000085887724000017/csco-20240727.htm"
  },
  {
    "date": "2024-04-27",
    "symbol": "CSCO",
    "reportedCurrency": "USD",
    "cik": "0000858877",
    "fillingDate": "2024-05-21",
    "acceptedDate": "2024-05-21 16:37:23",
    "calendarYear": "2024",
    "period": "Q3",
    "revenue": 12702000000,
    "costOfRevenue": 4429000000,
    "grossProfit": 8273000000,
    "grossProfitRatio": 0.6513147536,
    "researchAndDevelopmentExpenses": 1948000000,
    "generalAndAdministrativeExpenses": 736000000,
    "sellingAndMarketingExpenses": 2559000000,
    "sellingGeneralAndAdministrativeExpenses": 3295000000,
    "otherExpenses": 839000000,
    "operatingExpenses": 6082000000,
    "costAndExpenses": 10511000000,
    "interestIncome": 411000000,
    "interestExpense": 357000000,
    "depreciationAndAmortization": 861000000,
    "ebitda": 3453000000,
    "ebitdaratio": 0.2718469532,
    "operatingIncome": 2191000000,
    "operatingIncomeRatio": 0.1724925209,
    "totalOtherIncomeExpensesNet": 44000000,
    "incomeBeforeTax": 2235000000,
    "incomeBeforeTaxRatio": 0.1759565423,
    "incomeTaxExpense": 349000000,
    "netIncome": 1886000000,
    "netIncomeRatio": 0.1484805542,
    "eps": 0.47,
    "epsdiluted": 0.46,
    "weightedAverageShsOut": 4042000000,
    "weightedAverageShsOutDil": 4060000000,
    "link": "https://www.sec.gov/Archives/edgar/data/858877/000085887724000007/0000858877-24-000007-index.htm",
    "finalLink": "https://www.sec.gov/Archives/edgar/data/858877/000085887724000007/csco-20240427.htm"
  },
  {
    "date": "2024-01-27",
    "symbol": "CSCO",
    "reportedCurrency": "USD",
    "cik": "0000858877",
    "fillingDate": "2024-02-20",
    "acceptedDate": "2024-02-20 16:37:31",
    "calendarYear": "2024",
    "period": "Q2",
    "revenue": 12791000000,
    "costOfRevenue": 4574000000,
    "grossProfit": 8217000000,
    "grossProfitRatio": 0.6424048159,
    "researchAndDevelopmentExpenses": 1943000000,
    "generalAndAdministrativeExpenses": 642000000,
    "sellingAndMarketingExpenses": 2458000000,
    "sellingGeneralAndAdministrativeExpenses": 3100000000,
    "otherExpenses": 78000000,
    "operatingExpenses": 5121000000,
    "costAndExpenses": 9695000000,
    "interestIncome": 324000000,
    "interestExpense": 120000000,
    "depreciationAndAmortization": 422000000,
    "ebitda": 3703000000,
    "ebitdaratio": 0.28950043,
    "operatingIncome": 3096000000,
    "operatingIncomeRatio": 0.242045188,
    "totalOtherIncomeExpensesNet": 65000000,
    "incomeBeforeTax": 3161000000,
    "incomeBeforeTaxRatio": 0.2471268861,
    "incomeTaxExpense": 527000000,
    "netIncome": 2634000000,
    "netIncomeRatio": 0.2059260417,
    "eps": 0.65,
    "epsdiluted": 0.65,
    "weightedAverageShsOut": 4055000000,
    "weightedAverageShsOutDil": 4073000000,
    "link": "https://www.sec.gov/Archives/edgar/data/858877/000085887724000003/0000858877-24-000003-index.htm",
    "finalLink": "https://www.sec.gov/Archives/edgar/data/858877/000085887724000003/csco-20240127.htm"
  },
  {
    "date": "2023-10-28",
    "symbol": "CSCO",
    "reportedCurrency": "USD",
    "cik": "0000858877",
    "fillingDate": "2023-11-21",
    "acceptedDate": "2023-11-21 16:38:58",
    "calendarYear": "2024",
    "period": "Q1",
    "revenue": 14668000000,
    "costOfRevenue": 5111000000,
    "grossProfit": 9557000000,
    "grossProfitRatio": 0.6515544041,
    "researchAndDevelopmentExpenses": 1913000000,
    "generalAndAdministrativeExpenses": 672000000,
    "sellingAndMarketingExpenses": 2506000000,
    "sellingGeneralAndAdministrativeExpenses": 3178000000,
    "otherExpenses": 190000000,
    "operatingExpenses": 5281000000,
    "costAndExpenses": 10392000000,
    "interestIncome": 360000000,
    "interestExpense": 111000000,
    "depreciationAndAmortization": 401000000,
    "ebitda": 4954000000,
    "ebitdaratio": 0.3377420235,
    "operatingIncome": 4276000000,
    "operatingIncomeRatio": 0.2915189528,
    "totalOtherIncomeExpensesNet": 166000000,
    "incomeBeforeTax": 4442000000,
    "incomeBeforeTaxRatio": 0.3028361058,
    "incomeTaxExpense": 804000000,
    "netIncome": 3638000000,
    "netIncomeRatio": 0.248022907,
    "eps": 0.9,
    "epsdiluted": 0.89,
    "weightedAverageShsOut": 4057000000,
    "weightedAverageShsOutDil": 4087000000,
    "link": "https://www.sec.gov/Archives/edgar/data/858877/000085887723000031/0000858877-23-000031-index.htm",
    "finalLink": "https://www.sec.gov/Archives/edgar/data/858877/000085887723000031/csco-20231028.htm"
  },
  {
    "date": "2023-07-29",
    "symbol": "CSCO",
    "reportedCurrency": "USD",
    "cik": "0000858877",
    "fillingDate": "2023-09-07",
    "acceptedDate": "2023-09-07 16:30:09",
    "calendarYear": "2023",
    "period": "Q4",
    "revenue": 15203000000,
    "costOfRevenue": 5455000000,
    "grossProfit": 9748000000,
    "grossProfitRatio": 0.641189239,
    "researchAndDevelopmentExpenses": 1953000000,
    "generalAndAdministrativeExpenses": 690000000,
    "sellingAndMarketingExpenses": 2579000000,
    "sellingGeneralAndAdministrativeExpenses": 3269000000,
    "otherExpenses": 273000000,
    "operatingExpenses": 5495000000,
    "costAndExpenses": 10950000000,
    "interestIncome": 312000000,
    "interestExpense": 111000000,
    "depreciationAndAmortization": 422000000,
    "ebitda": 5004000000,
    "ebitdaratio": 0.3291455634,
    "operatingIncome": 4253000000,
    "operatingIncomeRatio": 0.2797474183,
    "totalOtherIncomeExpensesNet": 218000000,
    "incomeBeforeTax": 4471000000,
    "incomeBeforeTaxRatio": 0.2940866934,
    "incomeTaxExpense": 513000000,
    "netIncome": 3958000000,
    "netIncomeRatio": 0.2603433533,
    "eps": 0.97,
    "epsdiluted": 0.97,
    "weightedAverageShsOut": 4071000000,
    "weightedAverageShsOutDil": 4093000000,
    "link": "https://www.sec.gov/Archives/edgar/data/858877/000085887723000023/0000858877-23-000023-index.htm",
    "finalLink": "https://www.sec.gov/Archives/edgar/data/858877/000085887723000023/csco-20230729.htm"
  },
  {
    "date": "2023-04-29",
    "symbol": "CSCO",
    "reportedCurrency": "USD",
    "cik": "0000858877",
    "fillingDate": "2023-05-24",
    "acceptedDate": "2023-05-24 16:38:19",
    "calendarYear": "2023",
    "period": "Q3",
    "revenue": 14571000000,
    "costOfRevenue": 5339000000,
    "grossProfit": 9232000000,
    "grossProfitRatio": 0.6335872624,
    "researchAndDevelopmentExpenses": 1962000000,
    "generalAndAdministrativeExpenses": 641000000,
    "sellingAndMarketingExpenses": 2526000000,
    "sellingGeneralAndAdministrativeExpenses": 3167000000,
    "otherExpenses": 157000000,
    "operatingExpenses": 5286000000,
    "costAndExpenses": 10625000000,
    "interestIncome": 262000000,
    "interestExpense": 109000000,
    "depreciationAndAmortization": 451000000,
    "ebitda": 4517000000,
    "ebitdaratio": 0.3099993137,
    "operatingIncome": 3946000000,
    "operatingIncomeRatio": 0.2708118866,
    "totalOtherIncomeExpensesNet": 11000000,
    "incomeBeforeTax": 3957000000,
    "incomeBeforeTaxRatio": 0.2715668108,
    "incomeTaxExpense": 745000000,
    "netIncome": 3212000000,
    "netIncomeRatio": 0.220437856,
    "eps": 0.79,
    "epsdiluted": 0.78,
    "weightedAverageShsOut": 4089000000,
    "weightedAverageShsOutDil": 4110000000,
    "link": "https://www.sec.gov/Archives/edgar/data/858877/000085887723000013/0000858877-23-000013-index.htm",
    "finalLink": "https://www.sec.gov/Archives/edgar/data/858877/000085887723000013/csco-20230429.htm"
  },
  {
    "date": "2023-01-28",
    "symbol": "CSCO",
    "reportedCurrency": "USD",
    "cik": "0000858877",
    "fillingDate": "2023-02-21",
    "acceptedDate": "2023-02-21 16:36:05",
    "calendarYear": "2023",
    "period": "Q2",
    "revenue": 13592000000,
    "costOfRevenue": 5165000000,
    "grossProfit": 8427000000,
    "grossProfitRatio": 0.6199970571,
    "researchAndDevelopmentExpenses": 1855000000,
    "generalAndAdministrativeExpenses": 582000000,
    "sellingAndMarketingExpenses": 2384000000,
    "sellingGeneralAndAdministrativeExpenses": 2966000000,
    "otherExpenses": 314000000,
    "operatingExpenses": 5135000000,
    "costAndExpenses": 10300000000,
    "interestIncome": 219000000,
    "interestExpense": 107000000,
    "depreciationAndAmortization": 438000000,
    "ebitda": 3960000000,
    "ebitdaratio": 0.2913478517,
    "operatingIncome": 3292000000,
    "operatingIncomeRatio": 0.2422012949,
    "totalOtherIncomeExpensesNet": 123000000,
    "incomeBeforeTax": 3415000000,
    "incomeBeforeTaxRatio": 0.2512507357,
    "incomeTaxExpense": 642000000,
    "netIncome": 2773000000,
    "netIncomeRatio": 0.2040170689,
    "eps": 0.68,
    "epsdiluted": 0.67,
    "weightedAverageShsOut": 4103000000,
    "weightedAverageShsOutDil": 4116000000,
    "link": "https://www.sec.gov/Archives/edgar/data/858877/000085887723000005/0000858877-23-000005-index.htm",
    "finalLink": "https://www.sec.gov/Archives/edgar/data/858877/000085887723000005/csco-20230128.htm"
  },
  {
    "date": "2022-10-29",
    "symbol": "CSCO",
    "reportedCurrency": "USD",
    "cik": "0000858877",
    "fillingDate": "2022-11-22",
    "acceptedDate": "2022-11-22 16:40:00",
    "calendarYear": "2023",
    "period": "Q1",
    "revenue": 13632000000,
    "costOfRevenue": 5286000000,
    "grossProfit": 8346000000,
    "grossProfitRatio": 0.6122359155,
    "researchAndDevelopmentExpenses": 1781000000,
    "generalAndAdministrativeExpenses": 565000000,
    "sellingAndMarketingExpenses": 2391000000,
    "sellingGeneralAndAdministrativeExpenses": 2956000000,
    "otherExpenses": 71000000,
    "operatingExpenses": 4808000000,
    "costAndExpenses": 10094000000,
    "interestIncome": 169000000,
    "interestExpense": 100000000,
    "depreciationAndAmortization": 415000000,
    "ebitda": 3990000000,
    "ebitdaratio": 0.292693662,
    "operatingIncome": 3540000000,
    "operatingIncomeRatio": 0.2596830986,
    "totalOtherIncomeExpensesNet": -65000000,
    "incomeBeforeTax": 3475000000,
    "incomeBeforeTaxRatio": 0.2549149061,
    "incomeTaxExpense": 805000000,
    "netIncome": 2670000000,
    "netIncomeRatio": 0.1958626761,
    "eps": 0.65,
    "epsdiluted": 0.65,
    "weightedAverageShsOut": 4108000000,
    "weightedAverageShsOutDil": 4116000000,
    "link": "https://www.sec.gov/Archives/edgar/data/858877/000085887722000025/0000858877-22-000025-index.htm",
    "finalLink": "https://www.sec.gov/Archives/edgar/data/858877/000085887722000025/csco-20221029.htm"
  },
  {
    "date": "2022-07-30",
    "symbol": "CSCO",
    "reportedCurrency": "USD",
    "cik": "0000858877",
    "fillingDate": "2022-09-08",
    "acceptedDate": "2022-09-08 16:47:54",
    "calendarYear": "2022",
    "period": "Q4",
    "revenue": 13102000000,
    "costOfRevenue": 5150000000,
    "grossProfit": 7952000000,
    "grossProfitRatio": 0.6069302397,
    "researchAndDevelopmentExpenses": 1682000000,
    "generalAndAdministrativeExpenses": 489000000,
    "sellingAndMarketingExpenses": 2349000000,
    "sellingGeneralAndAdministrativeExpenses": 2838000000,
    "otherExpenses": -40000000,
    "operatingExpenses": 4480000000,
    "costAndExpenses": 9630000000,
    "interestIncome": 129000000,
    "interestExpense": 93000000,
    "depreciationAndAmortization": 430000000,
    "ebitda": 3939000000,
    "ebitdaratio": 0.3006411235,
    "operatingIncome": 3472000000,
    "operatingIncomeRatio": 0.2649977103,
    "totalOtherIncomeExpensesNet": -56000000,
    "incomeBeforeTax": 3416000000,
    "incomeBeforeTaxRatio": 0.2607235537,
    "incomeTaxExpense": 601000000,
    "netIncome": 2815000000,
    "netIncomeRatio": 0.2148526942,
    "eps": 0.68,
    "epsdiluted": 0.68,
    "weightedAverageShsOut": 4128000000,
    "weightedAverageShsOutDil": 4137000000,
    "link": "https://www.sec.gov/Archives/edgar/data/858877/000085887722000013/0000858877-22-000013-index.htm",
    "finalLink": "https://www.sec.gov/Archives/edgar/data/858877/000085887722000013/csco-20220730.htm"
  },
  {
    "date": "2022-04-30",
    "symbol": "CSCO",
    "reportedCurrency": "USD",
    "cik": "0000858877",
    "fillingDate": "2022-05-25",
    "acceptedDate": "2022-05-25 16:34:27",
    "calendarYear": "2022",
    "period": "Q3",
    "revenue": 12835000000,
    "costOfRevenue": 4714000000,
    "grossProfit": 8121000000,
    "grossProfitRatio": 0.632723023,
    "researchAndDevelopmentExpenses": 1708000000,
    "generalAndAdministrativeExpenses": 517000000,
    "sellingAndMarketingExpenses": 2209000000,
    "sellingGeneralAndAdministrativeExpenses": 2726000000,
    "otherExpenses": 77000000,
    "operatingExpenses": 4511000000,
    "costAndExpenses": 9225000000,
    "interestIncome": 115000000,
    "interestExpense": 90000000,
    "depreciationAndAmortization": 478000000,
    "ebitda": 4369000000,
    "ebitdaratio": 0.340397351,
    "operatingIncome": 3610000000,
    "operatingIncomeRatio": 0.2812621737,
    "totalOtherIncomeExpensesNet": 191000000,
    "incomeBeforeTax": 3801000000,
    "incomeBeforeTaxRatio": 0.296143358,
    "incomeTaxExpense": 757000000,
    "netIncome": 3044000000,
    "netIncomeRatio": 0.2371640047,
    "eps": 0.73,
    "epsdiluted": 0.73,
    "weightedAverageShsOut": 4152000000,
    "weightedAverageShsOutDil": 4170000000,
    "link": "https://www.sec.gov/Archives/edgar/data/858877/000085887722000009/0000858877-22-000009-index.htm",
    "finalLink": "https://www.sec.gov/Archives/edgar/data/858877/000085887722000009/csco-20220430.htm"
  },
  {
    "date": "2022-01-29",
    "symbol": "CSCO",
    "reportedCurrency": "USD",
    "cik": "0000858877",
    "fillingDate": "2022-02-22",
    "acceptedDate": "2022-02-22 17:12:26",
    "calendarYear": "2022",
    "period": "Q2",
    "revenue": 12720000000,
    "costOfRevenue": 4671000000,
    "grossProfit": 8049000000,
    "grossProfitRatio": 0.6327830189,
    "researchAndDevelopmentExpenses": 1670000000,
    "generalAndAdministrativeExpenses": 544000000,
    "sellingAndMarketingExpenses": 2266000000,
    "sellingGeneralAndAdministrativeExpenses": 2810000000,
    "otherExpenses": 79000000,
    "operatingExpenses": 4559000000,
    "costAndExpenses": 9230000000,
    "interestIncome": 111000000,
    "interestExpense": 88000000,
    "depreciationAndAmortization": 516000000,
    "ebitda": 4006000000,
    "ebitdaratio": 0.3149371069,
    "operatingIncome": 3487000000,
    "operatingIncomeRatio": 0.2741352201,
    "totalOtherIncomeExpensesNet": 116000000,
    "incomeBeforeTax": 3603000000,
    "incomeBeforeTaxRatio": 0.283254717,
    "incomeTaxExpense": 630000000,
    "netIncome": 2973000000,
    "netIncomeRatio": 0.2337264151,
    "eps": 0.71,
    "epsdiluted": 0.71,
    "weightedAverageShsOut": 4183000000,
    "weightedAverageShsOutDil": 4205000000,
    "link": "https://www.sec.gov/Archives/edgar/data/858877/000085887722000004/0000858877-22-000004-index.htm",
    "finalLink": "https://www.sec.gov/Archives/edgar/data/858877/000085887722000004/csco-20220129.htm"
  },
  {
    "date": "2021-10-30",
    "symbol": "CSCO",
    "reportedCurrency": "USD",
    "cik": "0000858877",
    "fillingDate": "2021-11-23",
    "acceptedDate": "2021-11-23 16:41:46",
    "calendarYear": "2022",
    "period": "Q1",
    "revenue": 12900000000,
    "costOfRevenue": 4847000000,
    "grossProfit": 8053000000,
    "grossProfitRatio": 0.6242635659,
    "researchAndDevelopmentExpenses": 1714000000,
    "generalAndAdministrativeExpenses": 551000000,
    "sellingAndMarketingExpenses": 2261000000,
    "sellingGeneralAndAdministrativeExpenses": 2812000000,
    "otherExpenses": 84000000,
    "operatingExpenses": 4610000000,
    "costAndExpenses": 9457000000,
    "interestIncome": 121000000,
    "interestExpense": 89000000,
    "depreciationAndAmortization": 533000000,
    "ebitda": 3995000000,
    "ebitdaratio": 0.3096899225,
    "operatingIncome": 3438000000,
    "operatingIncomeRatio": 0.2665116279,
    "totalOtherIncomeExpensesNet": 219000000,
    "incomeBeforeTax": 3657000000,
    "incomeBeforeTaxRatio": 0.2834883721,
    "incomeTaxExpense": 677000000,
    "netIncome": 2980000000,
    "netIncomeRatio": 0.2310077519,
    "eps": 0.71,
    "epsdiluted": 0.7,
    "weightedAverageShsOut": 4218000000,
    "weightedAverageShsOutDil": 4243000000,
    "link": "https://www.sec.gov/Archives/edgar/data/858877/000085887721000018/0000858877-21-000018-index.htm",
    "finalLink": "https://www.sec.gov/Archives/edgar/data/858877/000085887721000018/csco-20211030.htm"
  },
  {
    "date": "2021-07-31",
    "symbol": "CSCO",
    "reportedCurrency": "USD",
    "cik": "0000858877",
    "fillingDate": "2021-09-09",
    "acceptedDate": "2021-09-09 16:39:49",
    "calendarYear": "2021",
    "period": "Q4",
    "revenue": 13126000000,
    "costOfRevenue": 4782000000,
    "grossProfit": 8344000000,
    "grossProfitRatio": 0.6356849002,
    "researchAndDevelopmentExpenses": 1713000000,
    "generalAndAdministrativeExpenses": 505000000,
    "sellingAndMarketingExpenses": 2448000000,
    "sellingGeneralAndAdministrativeExpenses": 2953000000,
    "otherExpenses": 95000000,
    "operatingExpenses": 4761000000,
    "costAndExpenses": 9543000000,
    "interestIncome": 130000000,
    "interestExpense": 98000000,
    "depreciationAndAmortization": 489000000,
    "ebitda": 4322000000,
    "ebitdaratio": 0.3292701508,
    "operatingIncome": 3575000000,
    "operatingIncomeRatio": 0.2723602011,
    "totalOtherIncomeExpensesNet": 160000000,
    "incomeBeforeTax": 3735000000,
    "incomeBeforeTaxRatio": 0.2845497486,
    "incomeTaxExpense": 726000000,
    "netIncome": 3009000000,
    "netIncomeRatio": 0.229239677,
    "eps": 0.71,
    "epsdiluted": 0.71,
    "weightedAverageShsOut": 4216000000,
    "weightedAverageShsOutDil": 4233000000,
    "link": "https://www.sec.gov/Archives/edgar/data/858877/000085887721000013/0000858877-21-000013-index.htm",
    "finalLink": "https://www.sec.gov/Archives/edgar/data/858877/000085887721000013/csco-20210731.htm"
  },
  {
    "date": "2021-05-01",
    "symbol": "CSCO",
    "reportedCurrency": "USD",
    "cik": "0000858877",
    "fillingDate": "2021-05-25",
    "acceptedDate": "2021-05-25 16:59:37",
    "calendarYear": "2021",
    "period": "Q3",
    "revenue": 12803000000,
    "costOfRevenue": 4618000000,
    "grossProfit": 8185000000,
    "grossProfitRatio": 0.6393032883,
    "researchAndDevelopmentExpenses": 1697000000,
    "generalAndAdministrativeExpenses": 603000000,
    "sellingAndMarketingExpenses": 2317000000,
    "sellingGeneralAndAdministrativeExpenses": 2920000000,
    "otherExpenses": 103000000,
    "operatingExpenses": 4720000000,
    "costAndExpenses": 9321000000,
    "interestIncome": 153000000,
    "interestExpense": 111000000,
    "depreciationAndAmortization": 486000000,
    "ebitda": 3993000000,
    "ebitdaratio": 0.3118800281,
    "operatingIncome": 3482000000,
    "operatingIncomeRatio": 0.2719675076,
    "totalOtherIncomeExpensesNet": 109000000,
    "incomeBeforeTax": 3591000000,
    "incomeBeforeTaxRatio": 0.2804811372,
    "incomeTaxExpense": 728000000,
    "netIncome": 2863000000,
    "netIncomeRatio": 0.2236194642,
    "eps": 0.68,
    "epsdiluted": 0.68,
    "weightedAverageShsOut": 4219000000,
    "weightedAverageShsOutDil": 4238000000,
    "link": "https://www.sec.gov/Archives/edgar/data/858877/000085887721000008/0000858877-21-000008-index.htm",
    "finalLink": "https://www.sec.gov/Archives/edgar/data/858877/000085887721000008/csco-20210501.htm"
  },
  {
    "date": "2021-01-23",
    "symbol": "CSCO",
    "reportedCurrency": "USD",
    "cik": "0000858877",
    "fillingDate": "2021-02-16",
    "acceptedDate": "2021-02-16 17:06:26",
    "calendarYear": "2021",
    "period": "Q2",
    "revenue": 11960000000,
    "costOfRevenue": 4176000000,
    "grossProfit": 7784000000,
    "grossProfitRatio": 0.6508361204,
    "researchAndDevelopmentExpenses": 1527000000,
    "generalAndAdministrativeExpenses": 484000000,
    "sellingAndMarketingExpenses": 2277000000,
    "sellingGeneralAndAdministrativeExpenses": 2761000000,
    "otherExpenses": 273000000,
    "operatingExpenses": 4561000000,
    "costAndExpenses": 8737000000,
    "interestIncome": 161000000,
    "interestExpense": 113000000,
    "depreciationAndAmortization": 436000000,
    "ebitda": 3893000000,
    "ebitdaratio": 0.3255016722,
    "operatingIncome": 3223000000,
    "operatingIncomeRatio": 0.2694816054,
    "totalOtherIncomeExpensesNet": 32000000,
    "incomeBeforeTax": 3255000000,
    "incomeBeforeTaxRatio": 0.2721571906,
    "incomeTaxExpense": 710000000,
    "netIncome": 2545000000,
    "netIncomeRatio": 0.2127926421,
    "eps": 0.6,
    "epsdiluted": 0.6,
    "weightedAverageShsOut": 4223000000,
    "weightedAverageShsOutDil": 4234000000,
    "link": "https://www.sec.gov/Archives/edgar/data/858877/000085887721000004/0000858877-21-000004-index.htm",
    "finalLink": "https://www.sec.gov/Archives/edgar/data/858877/000085887721000004/csco-20210123.htm"
  },
  {
    "date": "2020-10-24",
    "symbol": "CSCO",
    "reportedCurrency": "USD",
    "cik": "0000858877",
    "fillingDate": "2020-11-17",
    "acceptedDate": "2020-11-17 16:54:48",
    "calendarYear": "2021",
    "period": "Q1",
    "revenue": 11929000000,
    "costOfRevenue": 4348000000,
    "grossProfit": 7581000000,
    "grossProfitRatio": 0.6355101014,
    "researchAndDevelopmentExpenses": 1612000000,
    "generalAndAdministrativeExpenses": 544000000,
    "sellingAndMarketingExpenses": 2217000000,
    "sellingGeneralAndAdministrativeExpenses": 2761000000,
    "otherExpenses": 638000000,
    "operatingExpenses": 5011000000,
    "costAndExpenses": 9359000000,
    "interestIncome": 174000000,
    "interestExpense": 112000000,
    "depreciationAndAmortization": 451000000,
    "ebitda": 3627000000,
    "ebitdaratio": 0.3040489563,
    "operatingIncome": 2570000000,
    "operatingIncomeRatio": 0.2154413614,
    "totalOtherIncomeExpensesNet": 111000000,
    "incomeBeforeTax": 2681000000,
    "incomeBeforeTaxRatio": 0.2247464163,
    "incomeTaxExpense": 507000000,
    "netIncome": 2174000000,
    "netIncomeRatio": 0.1822449493,
    "eps": 0.51,
    "epsdiluted": 0.51,
    "weightedAverageShsOut": 4230000000,
    "weightedAverageShsOutDil": 4244000000,
    "link": "https://www.sec.gov/Archives/edgar/data/858877/000085887720000015/0000858877-20-000015-index.htm",
    "finalLink": "https://www.sec.gov/Archives/edgar/data/858877/000085887720000015/csco-20201024.htm"
  },
  {
    "date": "2020-07-25",
    "symbol": "CSCO",
    "reportedCurrency": "USD",
    "cik": "0000858877",
    "fillingDate": "2020-09-03",
    "acceptedDate": "2020-09-03 17:05:55",
    "calendarYear": "2020",
    "period": "Q4",
    "revenue": 12154000000,
    "costOfRevenue": 4470000000,
    "grossProfit": 7684000000,
    "grossProfitRatio": 0.6322198453,
    "researchAndDevelopmentExpenses": 1565000000,
    "generalAndAdministrativeExpenses": 494000000,
    "sellingAndMarketingExpenses": 2218000000,
    "sellingGeneralAndAdministrativeExpenses": 2712000000,
    "otherExpenses": 160000000,
    "operatingExpenses": 4437000000,
    "costAndExpenses": 8907000000,
    "interestIncome": 187000000,
    "interestExpense": 119000000,
    "depreciationAndAmortization": 444000000,
    "ebitda": 3869000000,
    "ebitdaratio": 0.3183314135,
    "operatingIncome": 3247000000,
    "operatingIncomeRatio": 0.2671548461,
    "totalOtherIncomeExpensesNet": 59000000,
    "incomeBeforeTax": 3306000000,
    "incomeBeforeTaxRatio": 0.2720092151,
    "incomeTaxExpense": 670000000,
    "netIncome": 2636000000,
    "netIncomeRatio": 0.2168833306,
    "eps": 0.62,
    "epsdiluted": 0.62,
    "weightedAverageShsOut": 4227000000,
    "weightedAverageShsOutDil": 4242000000,
    "link": "https://www.sec.gov/Archives/edgar/data/858877/000085887720000010/0000858877-20-000010-index.htm",
    "finalLink": "https://www.sec.gov/Archives/edgar/data/858877/000085887720000010/csco-2020725x10k.htm"
  },
  {
    "date": "2020-04-25",
    "symbol": "CSCO",
    "reportedCurrency": "USD",
    "cik": "0000858877",
    "fillingDate": "2020-05-18",
    "acceptedDate": "2020-05-18 16:41:31",
    "calendarYear": "2020",
    "period": "Q3",
    "revenue": 11983000000,
    "costOfRevenue": 4212000000,
    "grossProfit": 7771000000,
    "grossProfitRatio": 0.6485020446,
    "researchAndDevelopmentExpenses": 1546000000,
    "generalAndAdministrativeExpenses": 457000000,
    "sellingAndMarketingExpenses": 2192000000,
    "sellingGeneralAndAdministrativeExpenses": 2649000000,
    "otherExpenses": 162000000,
    "operatingExpenses": 4357000000,
    "costAndExpenses": 8569000000,
    "interestIncome": 218000000,
    "interestExpense": 130000000,
    "depreciationAndAmortization": 446000000,
    "ebitda": 3988000000,
    "ebitdaratio": 0.3328048068,
    "operatingIncome": 3414000000,
    "operatingIncomeRatio": 0.2849036135,
    "totalOtherIncomeExpensesNet": 30000000,
    "incomeBeforeTax": 3444000000,
    "incomeBeforeTaxRatio": 0.2874071601,
    "incomeTaxExpense": 670000000,
    "netIncome": 2774000000,
    "netIncomeRatio": 0.2314946174,
    "eps": 0.66,
    "epsdiluted": 0.65,
    "weightedAverageShsOut": 4230000000,
    "weightedAverageShsOutDil": 4243000000,
    "link": "https://www.sec.gov/Archives/edgar/data/858877/000085887720000006/0000858877-20-000006-index.htm",
    "finalLink": "https://www.sec.gov/Archives/edgar/data/858877/000085887720000006/a10qq3fy20.htm"
  },
  {
    "date": "2020-01-25",
    "symbol": "CSCO",
    "reportedCurrency": "USD",
    "cik": "0000858877",
    "fillingDate": "2020-02-18",
    "acceptedDate": "2020-02-18 17:17:43",
    "calendarYear": "2020",
    "period": "Q2",
    "revenue": 12005000000,
    "costOfRevenue": 4241000000,
    "grossProfit": 7764000000,
    "grossProfitRatio": 0.6467305289,
    "researchAndDevelopmentExpenses": 1570000000,
    "generalAndAdministrativeExpenses": 455000000,
    "sellingAndMarketingExpenses": 2279000000,
    "sellingGeneralAndAdministrativeExpenses": 2734000000,
    "otherExpenses": 80000000,
    "operatingExpenses": 4384000000,
    "costAndExpenses": 8623000000,
    "interestIncome": 242000000,
    "interestExpense": 158000000,
    "depreciationAndAmortization": 457000000,
    "ebitda": 3879000000,
    "ebitdaratio": 0.3231153686,
    "operatingIncome": 3384000000,
    "operatingIncomeRatio": 0.2818825489,
    "totalOtherIncomeExpensesNet": 150000000,
    "incomeBeforeTax": 3534000000,
    "incomeBeforeTaxRatio": 0.2943773428,
    "incomeTaxExpense": 656000000,
    "netIncome": 2878000000,
    "netIncomeRatio": 0.2397334444,
    "eps": 0.68,
    "epsdiluted": 0.68,
    "weightedAverageShsOut": 4242000000,
    "weightedAverageShsOutDil": 4260000000,
    "link": "https://www.sec.gov/Archives/edgar/data/858877/000085887720000004/0000858877-20-000004-index.htm",
    "finalLink": "https://www.sec.gov/Archives/edgar/data/858877/000085887720000004/a10qq2fy20.htm"
  },
  {
    "date": "2019-10-26",
    "symbol": "CSCO",
    "reportedCurrency": "USD",
    "cik": "0000858877",
    "fillingDate": "2019-11-19",
    "acceptedDate": "2019-11-19 17:24:36",
    "calendarYear": "2020",
    "period": "Q1",
    "revenue": 13159000000,
    "costOfRevenue": 4695000000,
    "grossProfit": 8464000000,
    "grossProfitRatio": 0.6432099704,
    "researchAndDevelopmentExpenses": 1666000000,
    "generalAndAdministrativeExpenses": 519000000,
    "sellingAndMarketingExpenses": 2480000000,
    "sellingGeneralAndAdministrativeExpenses": 2999000000,
    "otherExpenses": 220000000,
    "operatingExpenses": 4885000000,
    "costAndExpenses": 9580000000,
    "interestIncome": 273000000,
    "interestExpense": 178000000,
    "depreciationAndAmortization": 461000000,
    "ebitda": 4229000000,
    "ebitdaratio": 0.3213770043,
    "operatingIncome": 3579000000,
    "operatingIncomeRatio": 0.2719811536,
    "totalOtherIncomeExpensesNet": 107000000,
    "incomeBeforeTax": 3686000000,
    "incomeBeforeTaxRatio": 0.2801124706,
    "incomeTaxExpense": 760000000,
    "netIncome": 2926000000,
    "netIncomeRatio": 0.222357322,
    "eps": 0.69,
    "epsdiluted": 0.68,
    "weightedAverageShsOut": 4246000000,
    "weightedAverageShsOutDil": 4273000000,
    "link": "https://www.sec.gov/Archives/edgar/data/858877/000085887719000018/0000858877-19-000018-index.htm",
    "finalLink": "https://www.sec.gov/Archives/edgar/data/858877/000085887719000018/a10qq1fy20.htm"
  },
  {
    "date": "2019-07-27",
    "symbol": "CSCO",
    "reportedCurrency": "USD",
    "cik": "0000858877",
    "fillingDate": "2019-09-05",
    "acceptedDate": "2019-09-05 17:17:18",
    "calendarYear": "2019",
    "period": "Q4",
    "revenue": 13428000000,
    "costOfRevenue": 4854000000,
    "grossProfit": 8574000000,
    "grossProfitRatio": 0.6385165326,
    "researchAndDevelopmentExpenses": 1753000000,
    "generalAndAdministrativeExpenses": 566000000,
    "sellingAndMarketingExpenses": 2487000000,
    "sellingGeneralAndAdministrativeExpenses": 3053000000,
    "otherExpenses": 78000000,
    "operatingExpenses": 4884000000,
    "costAndExpenses": 9698000000,
    "interestIncome": 305000000,
    "interestExpense": 204000000,
    "depreciationAndAmortization": 464000000,
    "ebitda": 4374000000,
    "ebitdaratio": 0.3257372654,
    "operatingIncome": 3690000000,
    "operatingIncomeRatio": 0.2747989276,
    "totalOtherIncomeExpensesNet": 14000000,
    "incomeBeforeTax": 3704000000,
    "incomeBeforeTaxRatio": 0.2758415252,
    "incomeTaxExpense": 1498000000,
    "netIncome": 2206000000,
    "netIncomeRatio": 0.1642835865,
    "eps": 0.52,
    "epsdiluted": 0.51,
    "weightedAverageShsOut": 4272000000,
    "weightedAverageShsOutDil": 4285000000,
    "link": "https://www.sec.gov/Archives/edgar/data/858877/000085887719000012/0000858877-19-000012-index.htm",
    "finalLink": "https://www.sec.gov/Archives/edgar/data/858877/000085887719000012/csco-2019727x10k.htm"
  },
  {
    "date": "2019-04-27",
    "symbol": "CSCO",
    "reportedCurrency": "USD",
    "cik": "0000858877",
    "fillingDate": "2019-05-21",
    "acceptedDate": "2019-05-21 17:15:37",
    "calendarYear": "2019",
    "period": "Q3",
    "revenue": 12958000000,
    "costOfRevenue": 4785000000,
    "grossProfit": 8173000000,
    "grossProfitRatio": 0.6307300509,
    "researchAndDevelopmentExpenses": 1659000000,
    "generalAndAdministrativeExpenses": 541000000,
    "sellingAndMarketingExpenses": 2403000000,
    "sellingGeneralAndAdministrativeExpenses": 2944000000,
    "otherExpenses": 39000000,
    "operatingExpenses": 4642000000,
    "costAndExpenses": 9427000000,
    "interestIncome": 331000000,
    "interestExpense": 211000000,
    "depreciationAndAmortization": 481000000,
    "ebitda": 4307000000,
    "ebitdaratio": 0.3323815404,
    "operatingIncome": 3513000000,
    "operatingIncomeRatio": 0.2711066523,
    "totalOtherIncomeExpensesNet": 102000000,
    "incomeBeforeTax": 3615000000,
    "incomeBeforeTaxRatio": 0.2789782374,
    "incomeTaxExpense": 571000000,
    "netIncome": 3044000000,
    "netIncomeRatio": 0.2349127952,
    "eps": 0.7,
    "epsdiluted": 0.69,
    "weightedAverageShsOut": 4370000000,
    "weightedAverageShsOutDil": 4415000000,
    "link": "https://www.sec.gov/Archives/edgar/data/858877/000085887719000007/0000858877-19-000007-index.htm",
    "finalLink": "https://www.sec.gov/Archives/edgar/data/858877/000085887719000007/a10qq3fy19.htm"
  },
  {
    "date": "2019-01-26",
    "symbol": "CSCO",
    "reportedCurrency": "USD",
    "cik": "0000858877",
    "fillingDate": "2019-02-19",
    "acceptedDate": "2019-02-19 17:08:28",
    "calendarYear": "2019",
    "period": "Q2",
    "revenue": 12446000000,
    "costOfRevenue": 4673000000,
    "grossProfit": 7773000000,
    "grossProfitRatio": 0.6245380042,
    "researchAndDevelopmentExpenses": 1557000000,
    "generalAndAdministrativeExpenses": 509000000,
    "sellingAndMarketingExpenses": 2271000000,
    "sellingGeneralAndAdministrativeExpenses": 2780000000,
    "otherExpenses": 225000000,
    "operatingExpenses": 4562000000,
    "costAndExpenses": 9235000000,
    "interestIncome": 328000000,
    "interestExpense": 223000000,
    "depreciationAndAmortization": 487000000,
    "ebitda": 4053000000,
    "ebitdaratio": 0.3256467942,
    "operatingIncome": 3211000000,
    "operatingIncomeRatio": 0.2579945364,
    "totalOtherIncomeExpensesNet": 132000000,
    "incomeBeforeTax": 3343000000,
    "incomeBeforeTaxRatio": 0.2686003535,
    "incomeTaxExpense": 521000000,
    "netIncome": 2822000000,
    "netIncomeRatio": 0.2267395147,
    "eps": 0.63,
    "epsdiluted": 0.63,
    "weightedAverageShsOut": 4470000000,
    "weightedAverageShsOutDil": 4505000000,
    "link": "https://www.sec.gov/Archives/edgar/data/858877/000085887719000003/0000858877-19-000003-index.htm",
    "finalLink": "https://www.sec.gov/Archives/edgar/data/858877/000085887719000003/a10qq2fy19.htm"
  },
  {
    "date": "2018-10-27",
    "symbol": "CSCO",
    "reportedCurrency": "USD",
    "cik": "0000858877",
    "fillingDate": "2018-11-20",
    "acceptedDate": "2018-11-20 17:09:21",
    "calendarYear": "2019",
    "period": "Q1",
    "revenue": 13072000000,
    "costOfRevenue": 4926000000,
    "grossProfit": 8146000000,
    "grossProfitRatio": 0.6231640147,
    "researchAndDevelopmentExpenses": 1608000000,
    "generalAndAdministrativeExpenses": 211000000,
    "sellingAndMarketingExpenses": 2410000000,
    "sellingGeneralAndAdministrativeExpenses": 2621000000,
    "otherExpenses": 112000000,
    "operatingExpenses": 4341000000,
    "costAndExpenses": 9267000000,
    "interestIncome": 344000000,
    "interestExpense": 221000000,
    "depreciationAndAmortization": 465000000,
    "ebitda": 3958000000,
    "ebitdaratio": 0.3027845777,
    "operatingIncome": 3805000000,
    "operatingIncomeRatio": 0.2910801714,
    "totalOtherIncomeExpensesNet": 104000000,
    "incomeBeforeTax": 3909000000,
    "incomeBeforeTaxRatio": 0.2990361077,
    "incomeTaxExpense": 360000000,
    "netIncome": 3549000000,
    "netIncomeRatio": 0.271496328,
    "eps": 0.78,
    "epsdiluted": 0.77,
    "weightedAverageShsOut": 4565000000,
    "weightedAverageShsOutDil": 4614000000,
    "link": "https://www.sec.gov/Archives/edgar/data/858877/000085887718000015/0000858877-18-000015-index.htm",
    "finalLink": "https://www.sec.gov/Archives/edgar/data/858877/000085887718000015/a10qq1fy19.htm"
  },
  {
    "date": "2018-07-28",
    "symbol": "CSCO",
    "reportedCurrency": "USD",
    "cik": "0000858877",
    "fillingDate": "2018-09-06",
    "acceptedDate": "2018-09-06 17:14:48",
    "calendarYear": "2018",
    "period": "Q4",
    "revenue": 12844000000,
    "costOfRevenue": 4922000000,
    "grossProfit": 7922000000,
    "grossProfitRatio": 0.616786048,
    "researchAndDevelopmentExpenses": 1626000000,
    "generalAndAdministrativeExpenses": 543000000,
    "sellingAndMarketingExpenses": 2348000000,
    "sellingGeneralAndAdministrativeExpenses": 2891000000,
    "otherExpenses": 59000000,
    "operatingExpenses": 4576000000,
    "costAndExpenses": 9472000000,
    "interestIncome": 353000000,
    "interestExpense": 224000000,
    "depreciationAndAmortization": 516000000,
    "ebitda": 4332000000,
    "ebitdaratio": 0.3372781065,
    "operatingIncome": 3346000000,
    "operatingIncomeRatio": 0.2605107443,
    "totalOtherIncomeExpensesNet": 246000000,
    "incomeBeforeTax": 3592000000,
    "incomeBeforeTaxRatio": 0.2796636562,
    "incomeTaxExpense": -211000000,
    "netIncome": 3803000000,
    "netIncomeRatio": 0.2960915603,
    "eps": 0.81,
    "epsdiluted": 0.81,
    "weightedAverageShsOut": 4672000000,
    "weightedAverageShsOutDil": 4848000000,
    "link": "https://www.sec.gov/Archives/edgar/data/858877/000085887718000011/0000858877-18-000011-index.htm",
    "finalLink": "https://www.sec.gov/Archives/edgar/data/858877/000085887718000011/csco-2018728x10k.htm"
  },
  {
    "date": "2018-04-28",
    "symbol": "CSCO",
    "reportedCurrency": "USD",
    "cik": "0000858877",
    "fillingDate": "2018-05-22",
    "acceptedDate": "2018-05-22 17:08:00",
    "calendarYear": "2018",
    "period": "Q3",
    "revenue": 12463000000,
    "costOfRevenue": 4704000000,
    "grossProfit": 7759000000,
    "grossProfitRatio": 0.6225627858,
    "researchAndDevelopmentExpenses": 1590000000,
    "generalAndAdministrativeExpenses": 561000000,
    "sellingAndMarketingExpenses": 2325000000,
    "sellingGeneralAndAdministrativeExpenses": 2886000000,
    "otherExpenses": 149000000,
    "operatingExpenses": 4625000000,
    "costAndExpenses": 9329000000,
    "interestIncome": 380000000,
    "interestExpense": 237000000,
    "depreciationAndAmortization": 564000000,
    "ebitda": 4054000000,
    "ebitdaratio": 0.3252828372,
    "operatingIncome": 3134000000,
    "operatingIncomeRatio": 0.2514643344,
    "totalOtherIncomeExpensesNet": 119000000,
    "incomeBeforeTax": 3253000000,
    "incomeBeforeTaxRatio": 0.2610125973,
    "incomeTaxExpense": 562000000,
    "netIncome": 2691000000,
    "netIncomeRatio": 0.2159191206,
    "eps": 0.56,
    "epsdiluted": 0.56,
    "weightedAverageShsOut": 4791000000,
    "weightedAverageShsOutDil": 4844000000,
    "link": "https://www.sec.gov/Archives/edgar/data/858877/000085887718000007/0000858877-18-000007-index.htm",
    "finalLink": "https://www.sec.gov/Archives/edgar/data/858877/000085887718000007/a10qq3fy18.htm"
  },
  {
    "date": "2018-01-27",
    "symbol": "CSCO",
    "reportedCurrency": "USD",
    "cik": "0000858877",
    "fillingDate": "2018-02-20",
    "acceptedDate": "2018-02-20 17:13:54",
    "calendarYear": "2018",
    "period": "Q2",
    "revenue": 11887000000,
    "costOfRevenue": 4389000000,
    "grossProfit": 7498000000,
    "grossProfitRatio": 0.6307731135,
    "researchAndDevelopmentExpenses": 1549000000,
    "generalAndAdministrativeExpenses": 483000000,
    "sellingAndMarketingExpenses": 2235000000,
    "sellingGeneralAndAdministrativeExpenses": 2718000000,
    "otherExpenses": 158000000,
    "operatingExpenses": 4425000000,
    "costAndExpenses": 8814000000,
    "interestIncome": 396000000,
    "interestExpense": 247000000,
    "depreciationAndAmortization": 546000000,
    "ebitda": 3717000000,
    "ebitdaratio": 0.3126945403,
    "operatingIncome": 3073000000,
    "operatingIncomeRatio": 0.2585177084,
    "totalOtherIncomeExpensesNet": 159000000,
    "incomeBeforeTax": 3232000000,
    "incomeBeforeTaxRatio": 0.2718936653,
    "incomeTaxExpense": 12010000000,
    "netIncome": -8778000000,
    "netIncomeRatio": -0.738453773,
    "eps": -1.78,
    "epsdiluted": -1.78,
    "weightedAverageShsOut": 4924000000,
    "weightedAverageShsOutDil": 4924000000,
    "link": "https://www.sec.gov/Archives/edgar/data/858877/000085887718000004/0000858877-18-000004-index.htm",
    "finalLink": "https://www.sec.gov/Archives/edgar/data/858877/000085887718000004/a10qq2fy18.htm"
  },
  {
    "date": "2017-10-28",
    "symbol": "CSCO",
    "reportedCurrency": "USD",
    "cik": "0000858877",
    "fillingDate": "2017-11-21",
    "acceptedDate": "2017-11-21 17:15:56",
    "calendarYear": "2018",
    "period": "Q1",
    "revenue": 12136000000,
    "costOfRevenue": 4709000000,
    "grossProfit": 7427000000,
    "grossProfitRatio": 0.6119808833,
    "researchAndDevelopmentExpenses": 1567000000,
    "generalAndAdministrativeExpenses": 557000000,
    "sellingAndMarketingExpenses": 2334000000,
    "sellingGeneralAndAdministrativeExpenses": 2891000000,
    "otherExpenses": 213000000,
    "operatingExpenses": 4671000000,
    "costAndExpenses": 9380000000,
    "interestIncome": 379000000,
    "interestExpense": 235000000,
    "depreciationAndAmortization": 566000000,
    "ebitda": 3605000000,
    "ebitdaratio": 0.2970500989,
    "operatingIncome": 2756000000,
    "operatingIncomeRatio": 0.2270929466,
    "totalOtherIncomeExpensesNet": 206000000,
    "incomeBeforeTax": 2962000000,
    "incomeBeforeTaxRatio": 0.244067238,
    "incomeTaxExpense": 568000000,
    "netIncome": 2394000000,
    "netIncomeRatio": 0.1972643375,
    "eps": 0.48,
    "epsdiluted": 0.48,
    "weightedAverageShsOut": 4959000000,
    "weightedAverageShsOutDil": 4994000000,
    "link": "https://www.sec.gov/Archives/edgar/data/858877/000085887717000019/0000858877-17-000019-index.htm",
    "finalLink": "https://www.sec.gov/Archives/edgar/data/858877/000085887717000019/a10qq1fy18.htm"
  },
  {
    "date": "2017-07-29",
    "symbol": "CSCO",
    "reportedCurrency": "USD",
    "cik": "0000858877",
    "fillingDate": "2017-09-07",
    "acceptedDate": "2017-09-07 17:18:41",
    "calendarYear": "2017",
    "period": "Q4",
    "revenue": 12133000000,
    "costOfRevenue": 4587000000,
    "grossProfit": 7546000000,
    "grossProfitRatio": 0.6219401632,
    "researchAndDevelopmentExpenses": 1499000000,
    "generalAndAdministrativeExpenses": 495000000,
    "sellingAndMarketingExpenses": 2318000000,
    "sellingGeneralAndAdministrativeExpenses": 2813000000,
    "otherExpenses": 58000000,
    "operatingExpenses": 4370000000,
    "costAndExpenses": 9099000000,
    "interestIncome": 360000000,
    "interestExpense": 222000000,
    "depreciationAndAmortization": 578000000,
    "ebitda": 3980000000,
    "ebitdaratio": 0.3280309899,
    "operatingIncome": 3034000000,
    "operatingIncomeRatio": 0.2500618149,
    "totalOtherIncomeExpensesNet": 146000000,
    "incomeBeforeTax": 3180000000,
    "incomeBeforeTaxRatio": 0.2620951125,
    "incomeTaxExpense": 756000000,
    "netIncome": 2424000000,
    "netIncomeRatio": 0.1997857084,
    "eps": 0.49,
    "epsdiluted": 0.48,
    "weightedAverageShsOut": 4995000000,
    "weightedAverageShsOutDil": 5028000000,
    "link": "https://www.sec.gov/Archives/edgar/data/858877/000085887717000016/0000858877-17-000016-index.htm",
    "finalLink": "https://www.sec.gov/Archives/edgar/data/858877/000085887717000016/csco-2017729x10k.htm"
  },
  {
    "date": "2017-04-29",
    "symbol": "CSCO",
    "reportedCurrency": "USD",
    "cik": "0000858877",
    "fillingDate": "2017-05-23",
    "acceptedDate": "2017-05-23 17:26:46",
    "calendarYear": "2017",
    "period": "Q3",
    "revenue": 11940000000,
    "costOfRevenue": 4422000000,
    "grossProfit": 7518000000,
    "grossProfitRatio": 0.6296482412,
    "researchAndDevelopmentExpenses": 1507000000,
    "generalAndAdministrativeExpenses": 487000000,
    "sellingAndMarketingExpenses": 2226000000,
    "sellingGeneralAndAdministrativeExpenses": 2713000000,
    "otherExpenses": 129000000,
    "operatingExpenses": 4349000000,
    "costAndExpenses": 8771000000,
    "interestIncome": 354000000,
    "interestExpense": 219000000,
    "depreciationAndAmortization": 560000000,
    "ebitda": 3970000000,
    "ebitdaratio": 0.3324958124,
    "operatingIncome": 3169000000,
    "operatingIncomeRatio": 0.2654103853,
    "totalOtherIncomeExpensesNet": 22000000,
    "incomeBeforeTax": 3191000000,
    "incomeBeforeTaxRatio": 0.2672529313,
    "incomeTaxExpense": 676000000,
    "netIncome": 2515000000,
    "netIncomeRatio": 0.2106365159,
    "eps": 0.5,
    "epsdiluted": 0.5,
    "weightedAverageShsOut": 5005000000,
    "weightedAverageShsOutDil": 5045000000,
    "link": "https://www.sec.gov/Archives/edgar/data/858877/000085887717000010/0000858877-17-000010-index.htm",
    "finalLink": "https://www.sec.gov/Archives/edgar/data/858877/000085887717000010/a10qq317.htm"
  },
  {
    "date": "2017-01-28",
    "symbol": "CSCO",
    "reportedCurrency": "USD",
    "cik": "0000858877",
    "fillingDate": "2017-02-21",
    "acceptedDate": "2017-02-21 17:04:23",
    "calendarYear": "2017",
    "period": "Q2",
    "revenue": 11580000000,
    "costOfRevenue": 4304000000,
    "grossProfit": 7276000000,
    "grossProfitRatio": 0.6283246978,
    "researchAndDevelopmentExpenses": 1508000000,
    "generalAndAdministrativeExpenses": 456000000,
    "sellingAndMarketingExpenses": 2222000000,
    "sellingGeneralAndAdministrativeExpenses": 2678000000,
    "otherExpenses": 197000000,
    "operatingExpenses": 4383000000,
    "costAndExpenses": 8687000000,
    "interestIncome": 329000000,
    "interestExpense": 222000000,
    "depreciationAndAmortization": 549000000,
    "ebitda": 3731000000,
    "ebitdaratio": 0.322193437,
    "operatingIncome": 2893000000,
    "operatingIncomeRatio": 0.2498272884,
    "totalOtherIncomeExpensesNet": 70000000,
    "incomeBeforeTax": 2963000000,
    "incomeBeforeTaxRatio": 0.2558721934,
    "incomeTaxExpense": 615000000,
    "netIncome": 2348000000,
    "netIncomeRatio": 0.2027633851,
    "eps": 0.47,
    "epsdiluted": 0.47,
    "weightedAverageShsOut": 5015000000,
    "weightedAverageShsOutDil": 5040000000,
    "link": "https://www.sec.gov/Archives/edgar/data/858877/000085887717000004/0000858877-17-000004-index.htm",
    "finalLink": "https://www.sec.gov/Archives/edgar/data/858877/000085887717000004/a10qq217.htm"
  },
  {
    "date": "2016-10-29",
    "symbol": "CSCO",
    "reportedCurrency": "USD",
    "cik": "0000858877",
    "fillingDate": "2016-11-22",
    "acceptedDate": "2016-11-22 17:05:31",
    "calendarYear": "2017",
    "period": "Q1",
    "revenue": 12352000000,
    "costOfRevenue": 4468000000,
    "grossProfit": 7884000000,
    "grossProfitRatio": 0.6382772021,
    "researchAndDevelopmentExpenses": 1545000000,
    "generalAndAdministrativeExpenses": 555000000,
    "sellingAndMarketingExpenses": 2418000000,
    "sellingGeneralAndAdministrativeExpenses": 2973000000,
    "otherExpenses": 489000000,
    "operatingExpenses": 5007000000,
    "costAndExpenses": 9475000000,
    "interestIncome": 295000000,
    "interestExpense": 198000000,
    "depreciationAndAmortization": 599000000,
    "ebitda": 3750000000,
    "ebitdaratio": 0.3035945596,
    "operatingIncome": 2877000000,
    "operatingIncomeRatio": 0.2329177461,
    "totalOtherIncomeExpensesNet": 76000000,
    "incomeBeforeTax": 2953000000,
    "incomeBeforeTaxRatio": 0.2390705959,
    "incomeTaxExpense": 631000000,
    "netIncome": 2322000000,
    "netIncomeRatio": 0.1879857513,
    "eps": 0.46,
    "epsdiluted": 0.46,
    "weightedAverageShsOut": 5027000000,
    "weightedAverageShsOutDil": 5066000000,
    "link": "https://www.sec.gov/Archives/edgar/data/858877/000085887716000123/0000858877-16-000123-index.htm",
    "finalLink": "https://www.sec.gov/Archives/edgar/data/858877/000085887716000123/a10qq117.htm"
  },
  {
    "date": "2016-07-30",
    "symbol": "CSCO",
    "reportedCurrency": "USD",
    "cik": "0000858877",
    "fillingDate": "2016-09-08",
    "acceptedDate": "2016-09-08 17:12:13",
    "calendarYear": "2016",
    "period": "Q4",
    "revenue": 12638000000,
    "costOfRevenue": 4663000000,
    "grossProfit": 7975000000,
    "grossProfitRatio": 0.6310333914,
    "researchAndDevelopmentExpenses": 1601000000,
    "generalAndAdministrativeExpenses": 533000000,
    "sellingAndMarketingExpenses": 2443000000,
    "sellingGeneralAndAdministrativeExpenses": 2976000000,
    "otherExpenses": 82000000,
    "operatingExpenses": 4659000000,
    "costAndExpenses": 9322000000,
    "interestIncome": 273000000,
    "interestExpense": 180000000,
    "depreciationAndAmortization": 604000000,
    "ebitda": 4178000000,
    "ebitdaratio": 0.3305902833,
    "operatingIncome": 3303000000,
    "operatingIncomeRatio": 0.2613546447,
    "totalOtherIncomeExpensesNet": 91000000,
    "incomeBeforeTax": 3394000000,
    "incomeBeforeTaxRatio": 0.2685551511,
    "incomeTaxExpense": 581000000,
    "netIncome": 2813000000,
    "netIncomeRatio": 0.2225826871,
    "eps": 0.56,
    "epsdiluted": 0.56,
    "weightedAverageShsOut": 5032000000,
    "weightedAverageShsOutDil": 5067000000,
    "link": "https://www.sec.gov/Archives/edgar/data/858877/000085887716000117/0000858877-16-000117-index.htm",
    "finalLink": "https://www.sec.gov/Archives/edgar/data/858877/000085887716000117/csco-2016730x10k.htm"
  },
  {
    "date": "2016-04-30",
    "symbol": "CSCO",
    "reportedCurrency": "USD",
    "cik": "0000858877",
    "fillingDate": "2016-05-24",
    "acceptedDate": "2016-05-24 17:09:33",
    "calendarYear": "2016",
    "period": "Q3",
    "revenue": 12000000000,
    "costOfRevenue": 4279000000,
    "grossProfit": 7721000000,
    "grossProfitRatio": 0.6434166667,
    "researchAndDevelopmentExpenses": 1626000000,
    "generalAndAdministrativeExpenses": 566000000,
    "sellingAndMarketingExpenses": 2447000000,
    "sellingGeneralAndAdministrativeExpenses": 3013000000,
    "otherExpenses": 81000000,
    "operatingExpenses": 4720000000,
    "costAndExpenses": 8999000000,
    "interestIncome": 270000000,
    "interestExpense": 175000000,
    "depreciationAndAmortization": 541000000,
    "ebitda": 3799000000,
    "ebitdaratio": 0.3165833333,
    "operatingIncome": 2984000000,
    "operatingIncomeRatio": 0.2486666667,
    "totalOtherIncomeExpensesNet": 99000000,
    "incomeBeforeTax": 3083000000,
    "incomeBeforeTaxRatio": 0.2569166667,
    "incomeTaxExpense": 734000000,
    "netIncome": 2349000000,
    "netIncomeRatio": 0.19575,
    "eps": 0.47,
    "epsdiluted": 0.46,
    "weightedAverageShsOut": 5032000000,
    "weightedAverageShsOutDil": 5065000000,
    "link": "https://www.sec.gov/Archives/edgar/data/858877/000085887716000109/0000858877-16-000109-index.htm",
    "finalLink": "https://www.sec.gov/Archives/edgar/data/858877/000085887716000109/a10q-q316.htm"
  },
  {
    "date": "2016-01-23",
    "symbol": "CSCO",
    "reportedCurrency": "USD",
    "cik": "0000858877",
    "fillingDate": "2016-02-18",
    "acceptedDate": "2016-02-18 17:03:48",
    "calendarYear": "2016",
    "period": "Q2",
    "revenue": 11927000000,
    "costOfRevenue": 4495000000,
    "grossProfit": 7432000000,
    "grossProfitRatio": 0.6231240044,
    "researchAndDevelopmentExpenses": 1509000000,
    "generalAndAdministrativeExpenses": 176000000,
    "sellingAndMarketingExpenses": 2286000000,
    "sellingGeneralAndAdministrativeExpenses": 2462000000,
    "otherExpenses": 167000000,
    "operatingExpenses": 4138000000,
    "costAndExpenses": 8633000000,
    "interestIncome": 237000000,
    "interestExpense": 162000000,
    "depreciationAndAmortization": 498000000,
    "ebitda": 3966000000,
    "ebitdaratio": 0.3325228473,
    "operatingIncome": 3294000000,
    "operatingIncomeRatio": 0.2761800956,
    "totalOtherIncomeExpensesNet": 12000000,
    "incomeBeforeTax": 3306000000,
    "incomeBeforeTaxRatio": 0.2771862161,
    "incomeTaxExpense": 159000000,
    "netIncome": 3147000000,
    "netIncomeRatio": 0.2638551186,
    "eps": 0.62,
    "epsdiluted": 0.62,
    "weightedAverageShsOut": 5070000000,
    "weightedAverageShsOutDil": 5097000000,
    "link": "https://www.sec.gov/Archives/edgar/data/858877/000085887716000090/0000858877-16-000090-index.htm",
    "finalLink": "https://www.sec.gov/Archives/edgar/data/858877/000085887716000090/a10q-q216.htm"
  },
  {
    "date": "2015-10-24",
    "symbol": "CSCO",
    "reportedCurrency": "USD",
    "cik": "0000858877",
    "fillingDate": "2015-11-19",
    "acceptedDate": "2015-11-19 17:10:47",
    "calendarYear": "2016",
    "period": "Q1",
    "revenue": 12682000000,
    "costOfRevenue": 4850000000,
    "grossProfit": 7832000000,
    "grossProfitRatio": 0.6175682069,
    "researchAndDevelopmentExpenses": 1560000000,
    "generalAndAdministrativeExpenses": 539000000,
    "sellingAndMarketingExpenses": 2443000000,
    "sellingGeneralAndAdministrativeExpenses": 2982000000,
    "otherExpenses": 211000000,
    "operatingExpenses": 4753000000,
    "costAndExpenses": 9603000000,
    "interestIncome": 225000000,
    "interestExpense": 159000000,
    "depreciationAndAmortization": 507000000,
    "ebitda": 3803000000,
    "ebitdaratio": 0.2998738369,
    "operatingIncome": 3079000000,
    "operatingIncomeRatio": 0.2427850497,
    "totalOtherIncomeExpensesNet": 58000000,
    "incomeBeforeTax": 3137000000,
    "incomeBeforeTaxRatio": 0.2473584608,
    "incomeTaxExpense": 707000000,
    "netIncome": 2430000000,
    "netIncomeRatio": 0.1916101561,
    "eps": 0.48,
    "epsdiluted": 0.48,
    "weightedAverageShsOut": 5080000000,
    "weightedAverageShsOutDil": 5113000000,
    "link": "https://www.sec.gov/Archives/edgar/data/858877/000085887715000073/0000858877-15-000073-index.htm",
    "finalLink": "https://www.sec.gov/Archives/edgar/data/858877/000085887715000073/a10q-q116.htm"
  },
  {
    "date": "2015-07-25",
    "symbol": "CSCO",
    "reportedCurrency": "USD",
    "cik": "0000858877",
    "fillingDate": "2015-09-08",
    "acceptedDate": "2015-09-08 17:04:32",
    "calendarYear": "2015",
    "period": "Q4",
    "revenue": 12843000000,
    "costOfRevenue": 5110000000,
    "grossProfit": 7733000000,
    "grossProfitRatio": 0.6021178852,
    "researchAndDevelopmentExpenses": 1548000000,
    "generalAndAdministrativeExpenses": 536000000,
    "sellingAndMarketingExpenses": 2549000000,
    "sellingGeneralAndAdministrativeExpenses": 3085000000,
    "otherExpenses": 219000000,
    "operatingExpenses": 4852000000,
    "costAndExpenses": 9962000000,
    "interestIncome": 211000000,
    "interestExpense": 149000000,
    "depreciationAndAmortization": 651000000,
    "ebitda": 3733000000,
    "ebitdaratio": 0.290664175,
    "operatingIncome": 2881000000,
    "operatingIncomeRatio": 0.2243245348,
    "totalOtherIncomeExpensesNet": 52000000,
    "incomeBeforeTax": 2933000000,
    "incomeBeforeTaxRatio": 0.228373433,
    "incomeTaxExpense": 614000000,
    "netIncome": 2319000000,
    "netIncomeRatio": 0.1805652885,
    "eps": 0.46,
    "epsdiluted": 0.45,
    "weightedAverageShsOut": 5086000000,
    "weightedAverageShsOutDil": 5122000000,
    "link": "https://www.sec.gov/Archives/edgar/data/858877/000085887715000070/0000858877-15-000070-index.htm",
    "finalLink": "https://www.sec.gov/Archives/edgar/data/858877/000085887715000070/csco-2015725x10k.htm"
  },
  {
    "date": "2015-04-25",
    "symbol": "CSCO",
    "reportedCurrency": "USD",
    "cik": "0000858877",
    "fillingDate": "2015-05-20",
    "acceptedDate": "2015-05-20 17:05:53",
    "calendarYear": "2015",
    "period": "Q3",
    "revenue": 12137000000,
    "costOfRevenue": 4612000000,
    "grossProfit": 7525000000,
    "grossProfitRatio": 0.6200049436,
    "researchAndDevelopmentExpenses": 1547000000,
    "generalAndAdministrativeExpenses": 510000000,
    "sellingAndMarketingExpenses": 2449000000,
    "sellingGeneralAndAdministrativeExpenses": 2959000000,
    "otherExpenses": 70000000,
    "operatingExpenses": 4576000000,
    "costAndExpenses": 9188000000,
    "interestIncome": 190000000,
    "interestExpense": 139000000,
    "depreciationAndAmortization": 567000000,
    "ebitda": 3744000000,
    "ebitdaratio": 0.3084782071,
    "operatingIncome": 2925000000,
    "operatingIncomeRatio": 0.2409985993,
    "totalOtherIncomeExpensesNet": 110000000,
    "incomeBeforeTax": 3035000000,
    "incomeBeforeTaxRatio": 0.2500617945,
    "incomeTaxExpense": 598000000,
    "netIncome": 2437000000,
    "netIncomeRatio": 0.2007909698,
    "eps": 0.48,
    "epsdiluted": 0.47,
    "weightedAverageShsOut": 5102000000,
    "weightedAverageShsOutDil": 5148000000,
    "link": "https://www.sec.gov/Archives/edgar/data/858877/000085887715000051/0000858877-15-000051-index.htm",
    "finalLink": "https://www.sec.gov/Archives/edgar/data/858877/000085887715000051/a10q-q315.htm"
  },
  {
    "date": "2015-01-24",
    "symbol": "CSCO",
    "reportedCurrency": "USD",
    "cik": "0000858877",
    "fillingDate": "2015-02-18",
    "acceptedDate": "2015-02-18 17:14:00",
    "calendarYear": "2015",
    "period": "Q2",
    "revenue": 11936000000,
    "costOfRevenue": 4846000000,
    "grossProfit": 7090000000,
    "grossProfitRatio": 0.5940013405,
    "researchAndDevelopmentExpenses": 1529000000,
    "generalAndAdministrativeExpenses": 490000000,
    "sellingAndMarketingExpenses": 2308000000,
    "sellingGeneralAndAdministrativeExpenses": 2798000000,
    "otherExpenses": 141000000,
    "operatingExpenses": 4468000000,
    "costAndExpenses": 9314000000,
    "interestIncome": 189000000,
    "interestExpense": 139000000,
    "depreciationAndAmortization": 628000000,
    "ebitda": 3642000000,
    "ebitdaratio": 0.3051273458,
    "operatingIncome": 2622000000,
    "operatingIncomeRatio": 0.2196715818,
    "totalOtherIncomeExpensesNet": 251000000,
    "incomeBeforeTax": 2873000000,
    "incomeBeforeTaxRatio": 0.2407004021,
    "incomeTaxExpense": 476000000,
    "netIncome": 2397000000,
    "netIncomeRatio": 0.2008210456,
    "eps": 0.47,
    "epsdiluted": 0.46,
    "weightedAverageShsOut": 5117000000,
    "weightedAverageShsOutDil": 5160000000,
    "link": "https://www.sec.gov/Archives/edgar/data/858877/000085887715000013/0000858877-15-000013-index.htm",
    "finalLink": "https://www.sec.gov/Archives/edgar/data/858877/000085887715000013/a10q-q215.htm"
  },
  {
    "date": "2014-10-25",
    "symbol": "CSCO",
    "reportedCurrency": "USD",
    "cik": "0000858877",
    "fillingDate": "2014-11-20",
    "acceptedDate": "2014-11-20 17:02:59",
    "calendarYear": "2015",
    "period": "Q1",
    "revenue": 12245000000,
    "costOfRevenue": 4912000000,
    "grossProfit": 7333000000,
    "grossProfitRatio": 0.5988566762,
    "researchAndDevelopmentExpenses": 1583000000,
    "generalAndAdministrativeExpenses": 504000000,
    "sellingAndMarketingExpenses": 2515000000,
    "sellingGeneralAndAdministrativeExpenses": 3019000000,
    "otherExpenses": 389000000,
    "operatingExpenses": 4991000000,
    "costAndExpenses": 9903000000,
    "interestIncome": 179000000,
    "interestExpense": 139000000,
    "depreciationAndAmortization": 599000000,
    "ebitda": 3098000000,
    "ebitdaratio": 0.253001225,
    "operatingIncome": 2342000000,
    "operatingIncomeRatio": 0.1912617395,
    "totalOtherIncomeExpensesNet": 18000000,
    "incomeBeforeTax": 2360000000,
    "incomeBeforeTaxRatio": 0.1927317272,
    "incomeTaxExpense": 532000000,
    "netIncome": 1828000000,
    "netIncomeRatio": 0.1492854226,
    "eps": 0.36,
    "epsdiluted": 0.35,
    "weightedAverageShsOut": 5112000000,
    "weightedAverageShsOutDil": 5156000000,
    "link": "https://www.sec.gov/Archives/edgar/data/858877/000085887714000043/0000858877-14-000043-index.htm",
    "finalLink": "https://www.sec.gov/Archives/edgar/data/858877/000085887714000043/a10q-q115.htm"
  },
  {
    "date": "2014-07-26",
    "symbol": "CSCO",
    "reportedCurrency": "USD",
    "cik": "0000858877",
    "fillingDate": "2014-09-09",
    "acceptedDate": "2014-09-09 17:17:40",
    "calendarYear": "2014",
    "period": "Q4",
    "revenue": 12357000000,
    "costOfRevenue": 4952000000,
    "grossProfit": 7405000000,
    "grossProfitRatio": 0.5992554827,
    "researchAndDevelopmentExpenses": 1593000000,
    "generalAndAdministrativeExpenses": 508000000,
    "sellingAndMarketingExpenses": 2473000000,
    "sellingGeneralAndAdministrativeExpenses": 2981000000,
    "otherExpenses": 150000000,
    "operatingExpenses": 4724000000,
    "costAndExpenses": 9676000000,
    "interestIncome": 183000000,
    "interestExpense": 142000000,
    "depreciationAndAmortization": 621000000,
    "ebitda": 3541000000,
    "ebitdaratio": 0.2865582261,
    "operatingIncome": 2681000000,
    "operatingIncomeRatio": 0.2169620458,
    "totalOtherIncomeExpensesNet": 97000000,
    "incomeBeforeTax": 2778000000,
    "incomeBeforeTaxRatio": 0.2248118475,
    "incomeTaxExpense": 531000000,
    "netIncome": 2247000000,
    "netIncomeRatio": 0.1818402525,
    "eps": 0.44,
    "epsdiluted": 0.43,
    "weightedAverageShsOut": 5123000000,
    "weightedAverageShsOutDil": 5191000000,
    "link": "https://www.sec.gov/Archives/edgar/data/858877/000085887714000029/0000858877-14-000029-index.htm",
    "finalLink": "https://www.sec.gov/Archives/edgar/data/858877/000085887714000029/csco-2014726x10k.htm"
  },
  {
    "date": "2014-04-26",
    "symbol": "CSCO",
    "reportedCurrency": "USD",
    "cik": "0000858877",
    "fillingDate": "2014-05-22",
    "acceptedDate": "2014-05-22 17:10:26",
    "calendarYear": "2014",
    "period": "Q3",
    "revenue": 11545000000,
    "costOfRevenue": 4539000000,
    "grossProfit": 7006000000,
    "grossProfitRatio": 0.6068427891,
    "researchAndDevelopmentExpenses": 1565000000,
    "generalAndAdministrativeExpenses": 460000000,
    "sellingAndMarketingExpenses": 2342000000,
    "sellingGeneralAndAdministrativeExpenses": 2802000000,
    "otherExpenses": 71000000,
    "operatingExpenses": 4438000000,
    "costAndExpenses": 8977000000,
    "interestIncome": 170000000,
    "interestExpense": 146000000,
    "depreciationAndAmortization": 608000000,
    "ebitda": 3396000000,
    "ebitdaratio": 0.2941533131,
    "operatingIncome": 2542000000,
    "operatingIncomeRatio": 0.2201818969,
    "totalOtherIncomeExpensesNet": 100000000,
    "incomeBeforeTax": 2642000000,
    "incomeBeforeTaxRatio": 0.2288436553,
    "incomeTaxExpense": 461000000,
    "netIncome": 2181000000,
    "netIncomeRatio": 0.1889129493,
    "eps": 0.42,
    "epsdiluted": 0.42,
    "weightedAverageShsOut": 5143000000,
    "weightedAverageShsOutDil": 5180000000,
    "link": "https://www.sec.gov/Archives/edgar/data/858877/000085887714000014/0000858877-14-000014-index.htm",
    "finalLink": "https://www.sec.gov/Archives/edgar/data/858877/000085887714000014/csco-20140426x10qq314.htm"
  },
  {
    "date": "2014-01-25",
    "symbol": "CSCO",
    "reportedCurrency": "USD",
    "cik": "0000858877",
    "fillingDate": "2014-02-20",
    "acceptedDate": "2014-02-20 17:14:55",
    "calendarYear": "2014",
    "period": "Q2",
    "revenue": 11155000000,
    "costOfRevenue": 5204000000,
    "grossProfit": 5951000000,
    "grossProfitRatio": 0.5334827432,
    "researchAndDevelopmentExpenses": 1412000000,
    "generalAndAdministrativeExpenses": 451000000,
    "sellingAndMarketingExpenses": 2277000000,
    "sellingGeneralAndAdministrativeExpenses": 2728000000,
    "otherExpenses": 144000000,
    "operatingExpenses": 4284000000,
    "costAndExpenses": 9488000000,
    "interestIncome": 169000000,
    "interestExpense": 136000000,
    "depreciationAndAmortization": 612000000,
    "ebitda": 2503000000,
    "ebitdaratio": 0.2243836844,
    "operatingIncome": 1667000000,
    "operatingIncomeRatio": 0.1494397131,
    "totalOtherIncomeExpensesNet": 88000000,
    "incomeBeforeTax": 1755000000,
    "incomeBeforeTaxRatio": 0.1573285522,
    "incomeTaxExpense": 326000000,
    "netIncome": 1429000000,
    "netIncomeRatio": 0.1281039892,
    "eps": 0.27,
    "epsdiluted": 0.27,
    "weightedAverageShsOut": 5294000000,
    "weightedAverageShsOutDil": 5327000000,
    "link": "https://www.sec.gov/Archives/edgar/data/858877/000085887714000009/0000858877-14-000009-index.htm",
    "finalLink": "https://www.sec.gov/Archives/edgar/data/858877/000085887714000009/csco-20140125x10qq214.htm"
  },
  {
    "date": "2013-10-26",
    "symbol": "CSCO",
    "reportedCurrency": "USD",
    "cik": "0000858877",
    "fillingDate": "2013-11-22",
    "acceptedDate": "2013-11-21 21:32:11",
    "calendarYear": "2014",
    "period": "Q1",
    "revenue": 12085000000,
    "costOfRevenue": 4678000000,
    "grossProfit": 7407000000,
    "grossProfitRatio": 0.6129085643,
    "researchAndDevelopmentExpenses": 1724000000,
    "generalAndAdministrativeExpenses": 515000000,
    "sellingAndMarketingExpenses": 2411000000,
    "sellingGeneralAndAdministrativeExpenses": 2926000000,
    "otherExpenses": 65000000,
    "operatingExpenses": 4715000000,
    "costAndExpenses": 9630000000,
    "interestIncome": 169000000,
    "interestExpense": 140000000,
    "depreciationAndAmortization": 591000000,
    "ebitda": 3271000000,
    "ebitdaratio": 0.270666115,
    "operatingIncome": 2455000000,
    "operatingIncomeRatio": 0.2031443939,
    "totalOtherIncomeExpensesNet": 85000000,
    "incomeBeforeTax": 2540000000,
    "incomeBeforeTaxRatio": 0.2101779065,
    "incomeTaxExpense": 544000000,
    "netIncome": 1996000000,
    "netIncomeRatio": 0.1651634257,
    "eps": 0.37,
    "epsdiluted": 0.37,
    "weightedAverageShsOut": 5378000000,
    "weightedAverageShsOutDil": 5430000000,
    "link": "https://www.sec.gov/Archives/edgar/data/858877/000085887713000057/0000858877-13-000057-index.htm",
    "finalLink": "https://www.sec.gov/Archives/edgar/data/858877/000085887713000057/csco-20131026x10qq1fy14.htm"
  },
  {
    "date": "2013-07-27",
    "symbol": "CSCO",
    "reportedCurrency": "USD",
    "cik": "0000858877",
    "fillingDate": "2013-09-10",
    "acceptedDate": "2013-09-10 17:10:54",
    "calendarYear": "2013",
    "period": "Q4",
    "revenue": 12417000000,
    "costOfRevenue": 5070000000,
    "grossProfit": 7347000000,
    "grossProfitRatio": 0.5916888137,
    "researchAndDevelopmentExpenses": 1517000000,
    "generalAndAdministrativeExpenses": 590000000,
    "sellingAndMarketingExpenses": 2360000000,
    "sellingGeneralAndAdministrativeExpenses": 2950000000,
    "otherExpenses": 66000000,
    "operatingExpenses": 4533000000,
    "costAndExpenses": 9603000000,
    "interestIncome": 171000000,
    "interestExpense": 143000000,
    "depreciationAndAmortization": 591000000,
    "ebitda": 3605000000,
    "ebitdaratio": 0.2903277764,
    "operatingIncome": 2814000000,
    "operatingIncomeRatio": 0.2266247886,
    "totalOtherIncomeExpensesNet": 57000000,
    "incomeBeforeTax": 2871000000,
    "incomeBeforeTaxRatio": 0.2312152694,
    "incomeTaxExpense": 601000000,
    "netIncome": 2270000000,
    "netIncomeRatio": 0.1828138842,
    "eps": 0.42,
    "epsdiluted": 0.42,
    "weightedAverageShsOut": 5368000000,
    "weightedAverageShsOutDil": 5437000000,
    "link": "https://www.sec.gov/Archives/edgar/data/858877/000085887713000049/0000858877-13-000049-index.htm",
    "finalLink": "https://www.sec.gov/Archives/edgar/data/858877/000085887713000049/csco-2013727x10k.htm"
  },
  {
    "date": "2013-04-27",
    "symbol": "CSCO",
    "reportedCurrency": "USD",
    "cik": "0000858877",
    "fillingDate": "2013-05-21",
    "acceptedDate": "2013-05-20 21:48:30",
    "calendarYear": "2013",
    "period": "Q3",
    "revenue": 12216000000,
    "costOfRevenue": 4705000000,
    "grossProfit": 7511000000,
    "grossProfitRatio": 0.6148493779,
    "researchAndDevelopmentExpenses": 1542000000,
    "generalAndAdministrativeExpenses": 530000000,
    "sellingAndMarketingExpenses": 2375000000,
    "sellingGeneralAndAdministrativeExpenses": 2905000000,
    "otherExpenses": 122000000,
    "operatingExpenses": 4569000000,
    "costAndExpenses": 9241000000,
    "interestIncome": 162000000,
    "interestExpense": 145000000,
    "depreciationAndAmortization": 619000000,
    "ebitda": 3709000000,
    "ebitdaratio": 0.3036182056,
    "operatingIncome": 2942000000,
    "operatingIncomeRatio": 0.2408316961,
    "totalOtherIncomeExpensesNet": 3000000,
    "incomeBeforeTax": 2945000000,
    "incomeBeforeTaxRatio": 0.2410772757,
    "incomeTaxExpense": 467000000,
    "netIncome": 2478000000,
    "netIncomeRatio": 0.202848723,
    "eps": 0.47,
    "epsdiluted": 0.46,
    "weightedAverageShsOut": 5329000000,
    "weightedAverageShsOutDil": 5387000000,
    "link": "https://www.sec.gov/Archives/edgar/data/858877/000085887713000026/0000858877-13-000026-index.htm",
    "finalLink": "https://www.sec.gov/Archives/edgar/data/858877/000085887713000026/csco-2013427x10qq3.htm"
  },
  {
    "date": "2013-01-26",
    "symbol": "CSCO",
    "reportedCurrency": "USD",
    "cik": "0000858877",
    "fillingDate": "2013-02-19",
    "acceptedDate": "2013-02-19 06:49:29",
    "calendarYear": "2013",
    "period": "Q2",
    "revenue": 12098000000,
    "costOfRevenue": 4755000000,
    "grossProfit": 7343000000,
    "grossProfitRatio": 0.6069598281,
    "researchAndDevelopmentExpenses": 1452000000,
    "generalAndAdministrativeExpenses": 584000000,
    "sellingAndMarketingExpenses": 2387000000,
    "sellingGeneralAndAdministrativeExpenses": 2971000000,
    "otherExpenses": 118000000,
    "operatingExpenses": 4541000000,
    "costAndExpenses": 9296000000,
    "interestIncome": 160000000,
    "interestExpense": 147000000,
    "depreciationAndAmortization": 611000000,
    "ebitda": 3544000000,
    "ebitdaratio": 0.292940982,
    "operatingIncome": 2789000000,
    "operatingIncomeRatio": 0.2305339726,
    "totalOtherIncomeExpensesNet": -9000000,
    "incomeBeforeTax": 2780000000,
    "incomeBeforeTaxRatio": 0.2297900479,
    "incomeTaxExpense": -363000000,
    "netIncome": 3143000000,
    "netIncomeRatio": 0.2597950074,
    "eps": 0.59,
    "epsdiluted": 0.59,
    "weightedAverageShsOut": 5318000000,
    "weightedAverageShsOutDil": 5357000000,
    "link": "https://www.sec.gov/Archives/edgar/data/858877/000085887713000013/0000858877-13-000013-index.htm",
    "finalLink": "https://www.sec.gov/Archives/edgar/data/858877/000085887713000013/csco-2013126x10qq2.htm"
  },
  {
    "date": "2012-10-27",
    "symbol": "CSCO",
    "reportedCurrency": "USD",
    "cik": "0000858877",
    "fillingDate": "2012-11-20",
    "acceptedDate": "2012-11-20 07:03:40",
    "calendarYear": "2013",
    "period": "Q1",
    "revenue": 11876000000,
    "costOfRevenue": 4637000000,
    "grossProfit": 7239000000,
    "grossProfitRatio": 0.6095486696,
    "researchAndDevelopmentExpenses": 1431000000,
    "generalAndAdministrativeExpenses": 560000000,
    "sellingAndMarketingExpenses": 2416000000,
    "sellingGeneralAndAdministrativeExpenses": 2976000000,
    "otherExpenses": 122000000,
    "operatingExpenses": 4529000000,
    "costAndExpenses": 9225000000,
    "interestIncome": 161000000,
    "interestExpense": 148000000,
    "depreciationAndAmortization": 612000000,
    "ebitda": 3394000000,
    "ebitdaratio": 0.2857864601,
    "operatingIncome": 2651000000,
    "operatingIncomeRatio": 0.2232233075,
    "totalOtherIncomeExpensesNet": -20000000,
    "incomeBeforeTax": 2631000000,
    "incomeBeforeTaxRatio": 0.2215392388,
    "incomeTaxExpense": 539000000,
    "netIncome": 2092000000,
    "netIncomeRatio": 0.1761535871,
    "eps": 0.39,
    "epsdiluted": 0.39,
    "weightedAverageShsOut": 5301000000,
    "weightedAverageShsOutDil": 5334000000,
    "link": "https://www.sec.gov/Archives/edgar/data/858877/000144530512003709/0001445305-12-003709-index.htm",
    "finalLink": "https://www.sec.gov/Archives/edgar/data/858877/000144530512003709/csco-20131027x10qq1.htm"
  },
  {
    "date": "2012-07-28",
    "symbol": "CSCO",
    "reportedCurrency": "USD",
    "cik": "0000858877",
    "fillingDate": "2012-09-12",
    "acceptedDate": "2012-09-12 06:06:40",
    "calendarYear": "2012",
    "period": "Q4",
    "revenue": 11690000000,
    "costOfRevenue": 4605000000,
    "grossProfit": 7085000000,
    "grossProfitRatio": 0.6060735672,
    "researchAndDevelopmentExpenses": 1416000000,
    "generalAndAdministrativeExpenses": 711000000,
    "sellingAndMarketingExpenses": 2417000000,
    "sellingGeneralAndAdministrativeExpenses": 3128000000,
    "otherExpenses": 170000000,
    "operatingExpenses": 4714000000,
    "costAndExpenses": 9319000000,
    "interestIncome": 167000000,
    "interestExpense": 147000000,
    "depreciationAndAmortization": 786000000,
    "ebitda": 3319000000,
    "ebitdaratio": 0.2839178785,
    "operatingIncome": 2371000000,
    "operatingIncomeRatio": 0.2028229256,
    "totalOtherIncomeExpensesNet": 15000000,
    "incomeBeforeTax": 2386000000,
    "incomeBeforeTaxRatio": 0.2041060736,
    "incomeTaxExpense": 469000000,
    "netIncome": 1917000000,
    "netIncomeRatio": 0.1639863131,
    "eps": 0.36,
    "epsdiluted": 0.36,
    "weightedAverageShsOut": 5331000000,
    "weightedAverageShsOutDil": 5362000000,
    "link": "https://www.sec.gov/Archives/edgar/data/858877/000119312512388590/0001193125-12-388590-index.htm",
    "finalLink": "https://www.sec.gov/Archives/edgar/data/858877/000119312512388590/d365054d10k.htm"
  },
  {
    "date": "2012-04-28",
    "symbol": "CSCO",
    "reportedCurrency": "USD",
    "cik": "0000858877",
    "fillingDate": "2012-05-23",
    "acceptedDate": "2012-05-23 06:33:57",
    "calendarYear": "2012",
    "period": "Q3",
    "revenue": 11588000000,
    "costOfRevenue": 4419000000,
    "grossProfit": 7169000000,
    "grossProfitRatio": 0.6186572316,
    "researchAndDevelopmentExpenses": 1358000000,
    "generalAndAdministrativeExpenses": 562000000,
    "sellingAndMarketingExpenses": 2383000000,
    "sellingGeneralAndAdministrativeExpenses": 2945000000,
    "otherExpenses": 96000000,
    "operatingExpenses": 4399000000,
    "costAndExpenses": 8818000000,
    "interestIncome": 161000000,
    "interestExpense": 151000000,
    "depreciationAndAmortization": 631000000,
    "ebitda": 3561000000,
    "ebitdaratio": 0.3073006559,
    "operatingIncome": 2750000000,
    "operatingIncomeRatio": 0.2373144632,
    "totalOtherIncomeExpensesNet": 29000000,
    "incomeBeforeTax": 2779000000,
    "incomeBeforeTaxRatio": 0.2398170521,
    "incomeTaxExpense": 614000000,
    "netIncome": 2165000000,
    "netIncomeRatio": 0.1868312047,
    "eps": 0.4,
    "epsdiluted": 0.4,
    "weightedAverageShsOut": 5388000000,
    "weightedAverageShsOutDil": 5456000000,
    "link": "https://www.sec.gov/Archives/edgar/data/858877/000119312512244195/0001193125-12-244195-index.htm",
    "finalLink": "https://www.sec.gov/Archives/edgar/data/858877/000119312512244195/d312325d10q.htm"
  },
  {
    "date": "2012-01-28",
    "symbol": "CSCO",
    "reportedCurrency": "USD",
    "cik": "0000858877",
    "fillingDate": "2012-02-21",
    "acceptedDate": "2012-02-21 07:44:58",
    "calendarYear": "2012",
    "period": "Q2",
    "revenue": 11527000000,
    "costOfRevenue": 4462000000,
    "grossProfit": 7065000000,
    "grossProfitRatio": 0.6129088228,
    "researchAndDevelopmentExpenses": 1339000000,
    "generalAndAdministrativeExpenses": 497000000,
    "sellingAndMarketingExpenses": 2395000000,
    "sellingGeneralAndAdministrativeExpenses": 2892000000,
    "otherExpenses": 97000000,
    "operatingExpenses": 4328000000,
    "costAndExpenses": 8790000000,
    "interestIncome": 158000000,
    "interestExpense": 150000000,
    "depreciationAndAmortization": 564000000,
    "ebitda": 3463000000,
    "ebitdaratio": 0.3004250889,
    "operatingIncome": 2734000000,
    "operatingIncomeRatio": 0.2371822677,
    "totalOtherIncomeExpensesNet": 15000000,
    "incomeBeforeTax": 2749000000,
    "incomeBeforeTaxRatio": 0.2384835603,
    "incomeTaxExpense": 567000000,
    "netIncome": 2182000000,
    "netIncomeRatio": 0.1892946994,
    "eps": 0.41,
    "epsdiluted": 0.4,
    "weightedAverageShsOut": 5368000000,
    "weightedAverageShsOutDil": 5401000000,
    "link": "https://www.sec.gov/Archives/edgar/data/858877/000119312512069159/0001193125-12-069159-index.htm",
    "finalLink": "https://www.sec.gov/Archives/edgar/data/858877/000119312512069159/d267734d10q.htm"
  },
  {
    "date": "2011-10-29",
    "symbol": "CSCO",
    "reportedCurrency": "USD",
    "cik": "0000858877",
    "fillingDate": "2011-11-22",
    "acceptedDate": "2011-11-22 07:01:49",
    "calendarYear": "2012",
    "period": "Q1",
    "revenue": 11256000000,
    "costOfRevenue": 4366000000,
    "grossProfit": 6890000000,
    "grossProfitRatio": 0.6121179815,
    "researchAndDevelopmentExpenses": 1375000000,
    "generalAndAdministrativeExpenses": 552000000,
    "sellingAndMarketingExpenses": 2452000000,
    "sellingGeneralAndAdministrativeExpenses": 3004000000,
    "otherExpenses": 0,
    "operatingExpenses": 4379000000,
    "costAndExpenses": 8745000000,
    "interestIncome": 164000000,
    "interestExpense": 148000000,
    "depreciationAndAmortization": 621000000,
    "ebitda": 3014000000,
    "ebitdaratio": 0.2677683014,
    "operatingIncome": 2210000000,
    "operatingIncomeRatio": 0.1963397299,
    "totalOtherIncomeExpensesNet": 35000000,
    "incomeBeforeTax": 2245000000,
    "incomeBeforeTaxRatio": 0.1994491827,
    "incomeTaxExpense": 468000000,
    "netIncome": 1777000000,
    "netIncomeRatio": 0.1578713575,
    "eps": 0.33,
    "epsdiluted": 0.33,
    "weightedAverageShsOut": 5394000000,
    "weightedAverageShsOutDil": 5407000000,
    "link": "https://www.sec.gov/Archives/edgar/data/858877/000119312511319161/0001193125-11-319161-index.htm",
    "finalLink": "https://www.sec.gov/Archives/edgar/data/858877/000119312511319161/d235320d10q.htm"
  },
  {
    "date": "2011-07-30",
    "symbol": "CSCO",
    "reportedCurrency": "USD",
    "cik": "0000858877",
    "fillingDate": "2011-09-14",
    "acceptedDate": "2011-09-14 06:34:32",
    "calendarYear": "2011",
    "period": "Q4",
    "revenue": 11195000000,
    "costOfRevenue": 4334000000,
    "grossProfit": 6861000000,
    "grossProfitRatio": 0.6128628852,
    "researchAndDevelopmentExpenses": 1484000000,
    "generalAndAdministrativeExpenses": 532000000,
    "sellingAndMarketingExpenses": 2520000000,
    "sellingGeneralAndAdministrativeExpenses": 3052000000,
    "otherExpenses": 869000000,
    "operatingExpenses": 5405000000,
    "costAndExpenses": 9739000000,
    "interestIncome": 164000000,
    "interestExpense": 148000000,
    "depreciationAndAmortization": 673000000,
    "ebitda": 2288000000,
    "ebitdaratio": 0.204376954,
    "operatingIncome": 1456000000,
    "operatingIncomeRatio": 0.1300580616,
    "totalOtherIncomeExpensesNet": 11000000,
    "incomeBeforeTax": 1467000000,
    "incomeBeforeTaxRatio": 0.1310406431,
    "incomeTaxExpense": 235000000,
    "netIncome": 1232000000,
    "netIncomeRatio": 0.1100491291,
    "eps": 0.22,
    "epsdiluted": 0.22,
    "weightedAverageShsOut": 5481000000,
    "weightedAverageShsOutDil": 5481000000,
    "link": "https://www.sec.gov/Archives/edgar/data/858877/000119312511247394/0001193125-11-247394-index.htm",
    "finalLink": "https://www.sec.gov/Archives/edgar/data/858877/000119312511247394/d202951d10k.htm"
  },
  {
    "date": "2011-04-30",
    "symbol": "CSCO",
    "reportedCurrency": "USD",
    "cik": "0000858877",
    "fillingDate": "2011-05-25",
    "acceptedDate": "2011-05-25 06:03:51",
    "calendarYear": "2011",
    "period": "Q3",
    "revenue": 10866000000,
    "costOfRevenue": 4207000000,
    "grossProfit": 6659000000,
    "grossProfitRatio": 0.6128290079,
    "researchAndDevelopmentExpenses": 1430000000,
    "generalAndAdministrativeExpenses": 466000000,
    "sellingAndMarketingExpenses": 2446000000,
    "sellingGeneralAndAdministrativeExpenses": 2912000000,
    "otherExpenses": 0,
    "operatingExpenses": 4342000000,
    "costAndExpenses": 8549000000,
    "interestIncome": 161000000,
    "interestExpense": 153000000,
    "depreciationAndAmortization": 573000000,
    "ebitda": 2929000000,
    "ebitdaratio": 0.2695564145,
    "operatingIncome": 2183000000,
    "operatingIncomeRatio": 0.2009018958,
    "totalOtherIncomeExpensesNet": 20000000,
    "incomeBeforeTax": 2203000000,
    "incomeBeforeTaxRatio": 0.2027424995,
    "incomeTaxExpense": 396000000,
    "netIncome": 1807000000,
    "netIncomeRatio": 0.1662985459,
    "eps": 0.33,
    "epsdiluted": 0.33,
    "weightedAverageShsOut": 5508000000,
    "weightedAverageShsOutDil": 5537000000,
    "link": "https://www.sec.gov/Archives/edgar/data/858877/000119312511149590/0001193125-11-149590-index.htm",
    "finalLink": "https://www.sec.gov/Archives/edgar/data/858877/000119312511149590/d10q.htm"
  },
  {
    "date": "2011-01-29",
    "symbol": "CSCO",
    "reportedCurrency": "USD",
    "cik": "0000858877",
    "fillingDate": "2011-02-23",
    "acceptedDate": "2011-02-23 06:07:56",
    "calendarYear": "2011",
    "period": "Q2",
    "revenue": 10407000000,
    "costOfRevenue": 4146000000,
    "grossProfit": 6261000000,
    "grossProfitRatio": 0.6016142981,
    "researchAndDevelopmentExpenses": 1478000000,
    "generalAndAdministrativeExpenses": 452000000,
    "sellingAndMarketingExpenses": 2444000000,
    "sellingGeneralAndAdministrativeExpenses": 2896000000,
    "otherExpenses": 0,
    "operatingExpenses": 4374000000,
    "costAndExpenses": 8723000000,
    "interestIncome": 156000000,
    "interestExpense": 161000000,
    "depreciationAndAmortization": 687000000,
    "ebitda": 2578000000,
    "ebitdaratio": 0.2477178822,
    "operatingIncome": 1684000000,
    "operatingIncomeRatio": 0.1618141635,
    "totalOtherIncomeExpensesNet": 46000000,
    "incomeBeforeTax": 1730000000,
    "incomeBeforeTaxRatio": 0.1662342654,
    "incomeTaxExpense": 209000000,
    "netIncome": 1521000000,
    "netIncomeRatio": 0.1461516287,
    "eps": 0.27,
    "epsdiluted": 0.27,
    "weightedAverageShsOut": 5531000000,
    "weightedAverageShsOutDil": 5587000000,
    "link": "https://www.sec.gov/Archives/edgar/data/858877/000119312511042813/0001193125-11-042813-index.htm",
    "finalLink": "https://www.sec.gov/Archives/edgar/data/858877/000119312511042813/d10q.htm"
  },
  {
    "date": "2010-10-30",
    "symbol": "CSCO",
    "reportedCurrency": "USD",
    "cik": "0000858877",
    "fillingDate": "2010-11-23",
    "acceptedDate": "2010-11-23 07:01:34",
    "calendarYear": "2011",
    "period": "Q1",
    "revenue": 10750000000,
    "costOfRevenue": 3995000000,
    "grossProfit": 6755000000,
    "grossProfitRatio": 0.628372093,
    "researchAndDevelopmentExpenses": 1431000000,
    "generalAndAdministrativeExpenses": 458000000,
    "sellingAndMarketingExpenses": 2402000000,
    "sellingGeneralAndAdministrativeExpenses": 2860000000,
    "otherExpenses": 113000000,
    "operatingExpenses": 4404000000,
    "costAndExpenses": 8399000000,
    "interestIncome": 160000000,
    "interestExpense": 166000000,
    "depreciationAndAmortization": 553000000,
    "ebitda": 3144000000,
    "ebitdaratio": 0.2924651163,
    "operatingIncome": 2351000000,
    "operatingIncomeRatio": 0.2186976744,
    "totalOtherIncomeExpensesNet": 74000000,
    "incomeBeforeTax": 2425000000,
    "incomeBeforeTaxRatio": 0.2255813953,
    "incomeTaxExpense": 495000000,
    "netIncome": 1930000000,
    "netIncomeRatio": 0.1795348837,
    "eps": 0.34,
    "epsdiluted": 0.34,
    "weightedAverageShsOut": 5595000000,
    "weightedAverageShsOutDil": 5675000000,
    "link": "https://www.sec.gov/Archives/edgar/data/858877/000119312510266844/0001193125-10-266844-index.htm",
    "finalLink": "https://www.sec.gov/Archives/edgar/data/858877/000119312510266844/d10q.htm"
  },
  {
    "date": "2010-07-31",
    "symbol": "CSCO",
    "reportedCurrency": "USD",
    "cik": "0000858877",
    "fillingDate": "2010-09-21",
    "acceptedDate": "2010-09-21 07:01:32",
    "calendarYear": "2010",
    "period": "Q4",
    "revenue": 10836000000,
    "costOfRevenue": 4043000000,
    "grossProfit": 6793000000,
    "grossProfitRatio": 0.626891842,
    "researchAndDevelopmentExpenses": 1391000000,
    "generalAndAdministrativeExpenses": 595000000,
    "sellingAndMarketingExpenses": 2351000000,
    "sellingGeneralAndAdministrativeExpenses": 2946000000,
    "otherExpenses": 131000000,
    "operatingExpenses": 4468000000,
    "costAndExpenses": 8511000000,
    "interestIncome": 154000000,
    "interestExpense": 169000000,
    "depreciationAndAmortization": 615000000,
    "ebitda": 3202000000,
    "ebitdaratio": 0.2954964932,
    "operatingIncome": 2325000000,
    "operatingIncomeRatio": 0.2145625692,
    "totalOtherIncomeExpensesNet": 93000000,
    "incomeBeforeTax": 2418000000,
    "incomeBeforeTaxRatio": 0.223145072,
    "incomeTaxExpense": 483000000,
    "netIncome": 1935000000,
    "netIncomeRatio": 0.1785714286,
    "eps": 0.34,
    "epsdiluted": 0.33,
    "weightedAverageShsOut": 5690000000,
    "weightedAverageShsOutDil": 5785000000,
    "link": "https://www.sec.gov/Archives/edgar/data/858877/000119312510213400/0001193125-10-213400-index.htm",
    "finalLink": "https://www.sec.gov/Archives/edgar/data/858877/000119312510213400/d10k.htm"
  },
  {
    "date": "2010-05-01",
    "symbol": "CSCO",
    "reportedCurrency": "USD",
    "cik": "0000858877",
    "fillingDate": "2010-05-26",
    "acceptedDate": "2010-05-26 06:02:34",
    "calendarYear": "2010",
    "period": "Q3",
    "revenue": 10368000000,
    "costOfRevenue": 3738000000,
    "grossProfit": 6630000000,
    "grossProfitRatio": 0.6394675926,
    "researchAndDevelopmentExpenses": 1411000000,
    "generalAndAdministrativeExpenses": 497000000,
    "sellingAndMarketingExpenses": 2260000000,
    "sellingGeneralAndAdministrativeExpenses": 2757000000,
    "otherExpenses": 117000000,
    "operatingExpenses": 4285000000,
    "costAndExpenses": 8023000000,
    "interestIncome": 158000000,
    "interestExpense": 182000000,
    "depreciationAndAmortization": 473000000,
    "ebitda": 3058000000,
    "ebitdaratio": 0.2949459877,
    "operatingIncome": 2345000000,
    "operatingIncomeRatio": 0.2261766975,
    "totalOtherIncomeExpensesNet": 58000000,
    "incomeBeforeTax": 2403000000,
    "incomeBeforeTaxRatio": 0.2317708333,
    "incomeTaxExpense": 211000000,
    "netIncome": 2192000000,
    "netIncomeRatio": 0.2114197531,
    "eps": 0.38,
    "epsdiluted": 0.37,
    "weightedAverageShsOut": 5731000000,
    "weightedAverageShsOutDil": 5869000000,
    "link": "https://www.sec.gov/Archives/edgar/data/858877/000119312510128609/0001193125-10-128609-index.htm",
    "finalLink": "https://www.sec.gov/Archives/edgar/data/858877/000119312510128609/d10q.htm"
  },
  {
    "date": "2010-01-23",
    "symbol": "CSCO",
    "reportedCurrency": "USD",
    "cik": "0000858877",
    "fillingDate": "2010-02-17",
    "acceptedDate": "2010-02-17 06:06:50",
    "calendarYear": "2010",
    "period": "Q2",
    "revenue": 9815000000,
    "costOfRevenue": 3483000000,
    "grossProfit": 6332000000,
    "grossProfitRatio": 0.6451349975,
    "researchAndDevelopmentExpenses": 1247000000,
    "generalAndAdministrativeExpenses": 467000000,
    "sellingAndMarketingExpenses": 2110000000,
    "sellingGeneralAndAdministrativeExpenses": 2577000000,
    "otherExpenses": 138000000,
    "operatingExpenses": 3962000000,
    "costAndExpenses": 7445000000,
    "interestIncome": 155000000,
    "interestExpense": 158000000,
    "depreciationAndAmortization": 513000000,
    "ebitda": 3026000000,
    "ebitdaratio": 0.3083036169,
    "operatingIncome": 2370000000,
    "operatingIncomeRatio": 0.2414671421,
    "totalOtherIncomeExpensesNet": -15000000,
    "incomeBeforeTax": 2355000000,
    "incomeBeforeTaxRatio": 0.2399388691,
    "incomeTaxExpense": 502000000,
    "netIncome": 1853000000,
    "netIncomeRatio": 0.1887926643,
    "eps": 0.32,
    "epsdiluted": 0.32,
    "weightedAverageShsOut": 5741000000,
    "weightedAverageShsOutDil": 5862000000,
    "link": "https://www.sec.gov/Archives/edgar/data/858877/000119312510032740/0001193125-10-032740-index.htm",
    "finalLink": "https://www.sec.gov/Archives/edgar/data/858877/000119312510032740/d10q.htm"
  },
  {
    "date": "2009-10-24",
    "symbol": "CSCO",
    "reportedCurrency": "USD",
    "cik": "0000858877",
    "fillingDate": "2009-11-18",
    "acceptedDate": "2009-11-18 06:03:33",
    "calendarYear": "2010",
    "period": "Q1",
    "revenue": 9021000000,
    "costOfRevenue": 3133000000,
    "grossProfit": 5888000000,
    "grossProfitRatio": 0.6526992573,
    "researchAndDevelopmentExpenses": 1224000000,
    "generalAndAdministrativeExpenses": 440000000,
    "sellingAndMarketingExpenses": 1995000000,
    "sellingGeneralAndAdministrativeExpenses": 2435000000,
    "otherExpenses": 105000000,
    "operatingExpenses": 3764000000,
    "costAndExpenses": 6897000000,
    "interestIncome": 168000000,
    "interestExpense": 114000000,
    "depreciationAndAmortization": 429000000,
    "ebitda": 2782000000,
    "ebitdaratio": 0.3083915309,
    "operatingIncome": 2124000000,
    "operatingIncomeRatio": 0.2354506152,
    "totalOtherIncomeExpensesNet": 115000000,
    "incomeBeforeTax": 2239000000,
    "incomeBeforeTaxRatio": 0.2481986476,
    "incomeTaxExpense": 452000000,
    "netIncome": 1787000000,
    "netIncomeRatio": 0.1980933378,
    "eps": 0.31,
    "epsdiluted": 0.3,
    "weightedAverageShsOut": 5767000000,
    "weightedAverageShsOutDil": 5871000000,
    "link": "https://www.sec.gov/Archives/edgar/data/858877/000119312509237055/0001193125-09-237055-index.htm",
    "finalLink": "https://www.sec.gov/Archives/edgar/data/858877/000119312509237055/d10q.htm"
  },
  {
    "date": "2009-07-25",
    "symbol": "CSCO",
    "reportedCurrency": "USD",
    "cik": "0000858877",
    "fillingDate": "2009-09-11",
    "acceptedDate": "2009-09-11 07:40:41",
    "calendarYear": "2009",
    "period": "Q4",
    "revenue": 8535000000,
    "costOfRevenue": 3074000000,
    "grossProfit": 5461000000,
    "grossProfitRatio": 0.6398359695,
    "researchAndDevelopmentExpenses": 1340000000,
    "generalAndAdministrativeExpenses": 488000000,
    "sellingAndMarketingExpenses": 2009000000,
    "sellingGeneralAndAdministrativeExpenses": 2497000000,
    "otherExpenses": 164000000,
    "operatingExpenses": 4001000000,
    "costAndExpenses": 7075000000,
    "interestIncome": 170000000,
    "interestExpense": 114000000,
    "depreciationAndAmortization": 524000000,
    "ebitda": 2171000000,
    "ebitdaratio": 0.254364382,
    "operatingIncome": 1460000000,
    "operatingIncomeRatio": 0.1710603398,
    "totalOtherIncomeExpensesNet": 73000000,
    "incomeBeforeTax": 1533000000,
    "incomeBeforeTaxRatio": 0.1796133568,
    "incomeTaxExpense": 452000000,
    "netIncome": 1081000000,
    "netIncomeRatio": 0.1266549502,
    "eps": 0.19,
    "epsdiluted": 0.19,
    "weightedAverageShsOut": 5780000000,
    "weightedAverageShsOutDil": 5815000000,
    "link": "https://www.sec.gov/Archives/edgar/data/858877/000119312509190326/0001193125-09-190326-index.htm",
    "finalLink": "https://www.sec.gov/Archives/edgar/data/858877/000119312509190326/d10k.htm"
  },
  {
    "date": "2009-04-25",
    "symbol": "CSCO",
    "reportedCurrency": "USD",
    "cik": "0000858877",
    "fillingDate": "2009-05-20",
    "acceptedDate": "2009-05-20 06:12:26",
    "calendarYear": "2009",
    "period": "Q3",
    "revenue": 8162000000,
    "costOfRevenue": 2933000000,
    "grossProfit": 5229000000,
    "grossProfitRatio": 0.640651801,
    "researchAndDevelopmentExpenses": 1243000000,
    "generalAndAdministrativeExpenses": 302000000,
    "sellingAndMarketingExpenses": 1956000000,
    "sellingGeneralAndAdministrativeExpenses": 2258000000,
    "otherExpenses": 121000000,
    "operatingExpenses": 3622000000,
    "costAndExpenses": 6555000000,
    "interestIncome": 194000000,
    "interestExpense": 105000000,
    "depreciationAndAmortization": 426000000,
    "ebitda": 2218000000,
    "ebitdaratio": 0.2717471208,
    "operatingIncome": 1607000000,
    "operatingIncomeRatio": 0.1968880176,
    "totalOtherIncomeExpensesNet": 80000000,
    "incomeBeforeTax": 1687000000,
    "incomeBeforeTaxRatio": 0.2066895369,
    "incomeTaxExpense": 339000000,
    "netIncome": 1348000000,
    "netIncomeRatio": 0.1651555991,
    "eps": 0.23,
    "epsdiluted": 0.23,
    "weightedAverageShsOut": 5805000000,
    "weightedAverageShsOutDil": 5818000000,
    "link": "https://www.sec.gov/Archives/edgar/data/858877/000119312509115281/0001193125-09-115281-index.htm",
    "finalLink": "https://www.sec.gov/Archives/edgar/data/858877/000119312509115281/d10q.htm"
  },
  {
    "date": "2009-01-24",
    "symbol": "CSCO",
    "reportedCurrency": "USD",
    "cik": "0000858877",
    "fillingDate": "2009-02-17",
    "acceptedDate": "2009-02-17 06:11:17",
    "calendarYear": "2009",
    "period": "Q2",
    "revenue": 9089000000,
    "costOfRevenue": 3366000000,
    "grossProfit": 5723000000,
    "grossProfitRatio": 0.6296622291,
    "researchAndDevelopmentExpenses": 1279000000,
    "generalAndAdministrativeExpenses": 380000000,
    "sellingAndMarketingExpenses": 2155000000,
    "sellingGeneralAndAdministrativeExpenses": 2535000000,
    "otherExpenses": 136000000,
    "operatingExpenses": 3950000000,
    "costAndExpenses": 7316000000,
    "interestIncome": 222000000,
    "interestExpense": 63000000,
    "depreciationAndAmortization": 425000000,
    "ebitda": 2356000000,
    "ebitdaratio": 0.259214435,
    "operatingIncome": 1773000000,
    "operatingIncomeRatio": 0.1950709649,
    "totalOtherIncomeExpensesNet": 95000000,
    "incomeBeforeTax": 1868000000,
    "incomeBeforeTaxRatio": 0.2055231599,
    "incomeTaxExpense": 364000000,
    "netIncome": 1504000000,
    "netIncomeRatio": 0.1654747497,
    "eps": 0.26,
    "epsdiluted": 0.26,
    "weightedAverageShsOut": 5848000000,
    "weightedAverageShsOutDil": 5864000000,
    "link": "https://www.sec.gov/Archives/edgar/data/858877/000119312509030008/0001193125-09-030008-index.htm",
    "finalLink": "https://www.sec.gov/Archives/edgar/data/858877/000119312509030008/d10q.htm"
  },
  {
    "date": "2008-10-25",
    "symbol": "CSCO",
    "reportedCurrency": "USD",
    "cik": "0000858877",
    "fillingDate": "2008-11-18",
    "acceptedDate": "2008-11-18 06:17:00",
    "calendarYear": "2009",
    "period": "Q1",
    "revenue": 10331000000,
    "costOfRevenue": 3650000000,
    "grossProfit": 6681000000,
    "grossProfitRatio": 0.6466944149,
    "researchAndDevelopmentExpenses": 1409000000,
    "generalAndAdministrativeExpenses": 395000000,
    "sellingAndMarketingExpenses": 2283000000,
    "sellingGeneralAndAdministrativeExpenses": 2678000000,
    "otherExpenses": 112000000,
    "operatingExpenses": 4199000000,
    "costAndExpenses": 7849000000,
    "interestIncome": 259000000,
    "interestExpense": 64000000,
    "depreciationAndAmortization": 393000000,
    "ebitda": 3062000000,
    "ebitdaratio": 0.2963895073,
    "operatingIncome": 2482000000,
    "operatingIncomeRatio": 0.2402477979,
    "totalOtherIncomeExpensesNet": 123000000,
    "incomeBeforeTax": 2605000000,
    "incomeBeforeTaxRatio": 0.2521537121,
    "incomeTaxExpense": 404000000,
    "netIncome": 2201000000,
    "netIncomeRatio": 0.2130481076,
    "eps": 0.37,
    "epsdiluted": 0.37,
    "weightedAverageShsOut": 5881000000,
    "weightedAverageShsOutDil": 5972000000,
    "link": "https://www.sec.gov/Archives/edgar/data/858877/000119312508238118/0001193125-08-238118-index.htm",
    "finalLink": "https://www.sec.gov/Archives/edgar/data/858877/000119312508238118/d10q.htm"
  },
  {
    "date": "2008-07-26",
    "symbol": "CSCO",
    "reportedCurrency": "USD",
    "cik": "0000858877",
    "fillingDate": "2008-09-15",
    "acceptedDate": "2008-09-15 06:17:03",
    "calendarYear": "2008",
    "period": "Q4",
    "revenue": 10364000000,
    "costOfRevenue": 3698000000,
    "grossProfit": 6666000000,
    "grossProfitRatio": 0.6431879583,
    "researchAndDevelopmentExpenses": 1306000000,
    "generalAndAdministrativeExpenses": 518000000,
    "sellingAndMarketingExpenses": 2164000000,
    "sellingGeneralAndAdministrativeExpenses": 2682000000,
    "otherExpenses": 149000000,
    "operatingExpenses": 4137000000,
    "costAndExpenses": 7835000000,
    "interestIncome": 252000000,
    "interestExpense": 64000000,
    "depreciationAndAmortization": 430000000,
    "ebitda": 3180000000,
    "ebitdaratio": 0.3068313393,
    "operatingIncome": 2529000000,
    "operatingIncomeRatio": 0.2440177538,
    "totalOtherIncomeExpensesNet": 157000000,
    "incomeBeforeTax": 2686000000,
    "incomeBeforeTaxRatio": 0.259166345,
    "incomeTaxExpense": 672000000,
    "netIncome": 2014000000,
    "netIncomeRatio": 0.1943265149,
    "eps": 0.35,
    "epsdiluted": 0.34,
    "weightedAverageShsOut": 5902000000,
    "weightedAverageShsOutDil": 6046000000,
    "link": "https://www.sec.gov/Archives/edgar/data/858877/000119312508195608/0001193125-08-195608-index.htm",
    "finalLink": "https://www.sec.gov/Archives/edgar/data/858877/000119312508195608/d10k.htm"
  },
  {
    "date": "2008-04-26",
    "symbol": "CSCO",
    "reportedCurrency": "USD",
    "cik": "0000858877",
    "fillingDate": "2008-05-22",
    "acceptedDate": "2008-05-22 06:09:17",
    "calendarYear": "2008",
    "period": "Q3",
    "revenue": 9791000000,
    "costOfRevenue": 3486000000,
    "grossProfit": 6305000000,
    "grossProfitRatio": 0.6439587376,
    "researchAndDevelopmentExpenses": 1439000000,
    "generalAndAdministrativeExpenses": 479000000,
    "sellingAndMarketingExpenses": 2129000000,
    "sellingGeneralAndAdministrativeExpenses": 2608000000,
    "otherExpenses": 0,
    "operatingExpenses": 4047000000,
    "costAndExpenses": 7533000000,
    "interestIncome": 269000000,
    "interestExpense": 68000000,
    "depreciationAndAmortization": 436000000,
    "ebitda": 2813000000,
    "ebitdaratio": 0.2873046676,
    "operatingIncome": 2141000000,
    "operatingIncomeRatio": 0.2186702073,
    "totalOtherIncomeExpensesNet": 168000000,
    "incomeBeforeTax": 2309000000,
    "incomeBeforeTaxRatio": 0.2358288224,
    "incomeTaxExpense": 536000000,
    "netIncome": 1773000000,
    "netIncomeRatio": 0.1810846696,
    "eps": 0.3,
    "epsdiluted": 0.29,
    "weightedAverageShsOut": 5942000000,
    "weightedAverageShsOutDil": 6069000000,
    "link": "https://www.sec.gov/Archives/edgar/data/858877/000119312508120371/0001193125-08-120371-index.htm",
    "finalLink": "https://www.sec.gov/Archives/edgar/data/858877/000119312508120371/d10q.htm"
  },
  {
    "date": "2008-01-26",
    "symbol": "CSCO",
    "reportedCurrency": "USD",
    "cik": "0000858877",
    "fillingDate": "2008-02-19",
    "acceptedDate": "2008-02-19 06:12:50",
    "calendarYear": "2008",
    "period": "Q2",
    "revenue": 9831000000,
    "costOfRevenue": 3491000000,
    "grossProfit": 6340000000,
    "grossProfitRatio": 0.6448987895,
    "researchAndDevelopmentExpenses": 1216000000,
    "generalAndAdministrativeExpenses": 520000000,
    "sellingAndMarketingExpenses": 2084000000,
    "sellingGeneralAndAdministrativeExpenses": 2604000000,
    "otherExpenses": 0,
    "operatingExpenses": 3820000000,
    "costAndExpenses": 7311000000,
    "interestIncome": 303000000,
    "interestExpense": 91000000,
    "depreciationAndAmortization": 457000000,
    "ebitda": 3186000000,
    "ebitdaratio": 0.3240768996,
    "operatingIncome": 2404000000,
    "operatingIncomeRatio": 0.244532601,
    "totalOtherIncomeExpensesNet": 234000000,
    "incomeBeforeTax": 2638000000,
    "incomeBeforeTaxRatio": 0.2683348591,
    "incomeTaxExpense": 578000000,
    "netIncome": 2060000000,
    "netIncomeRatio": 0.2095412471,
    "eps": 0.34,
    "epsdiluted": 0.33,
    "weightedAverageShsOut": 6010000000,
    "weightedAverageShsOutDil": 6202000000,
    "link": "https://www.sec.gov/Archives/edgar/data/858877/000119312508033075/0001193125-08-033075-index.htm",
    "finalLink": "https://www.sec.gov/Archives/edgar/data/858877/000119312508033075/d10q.htm"
  },
  {
    "date": "2007-10-27",
    "symbol": "CSCO",
    "reportedCurrency": "USD",
    "cik": "0000858877",
    "fillingDate": "2007-11-20",
    "acceptedDate": "2007-11-20 06:44:16",
    "calendarYear": "2008",
    "period": "Q1",
    "revenue": 9554000000,
    "costOfRevenue": 3381000000,
    "grossProfit": 6173000000,
    "grossProfitRatio": 0.6461168097,
    "researchAndDevelopmentExpenses": 1195000000,
    "generalAndAdministrativeExpenses": 490000000,
    "sellingAndMarketingExpenses": 2003000000,
    "sellingGeneralAndAdministrativeExpenses": 2493000000,
    "otherExpenses": -3000000,
    "operatingExpenses": 3685000000,
    "costAndExpenses": 7066000000,
    "interestIncome": 319000000,
    "interestExpense": 96000000,
    "depreciationAndAmortization": 421000000,
    "ebitda": 3139000000,
    "ebitdaratio": 0.3285534855,
    "operatingIncome": 2368000000,
    "operatingIncomeRatio": 0.2478543019,
    "totalOtherIncomeExpensesNet": 254000000,
    "incomeBeforeTax": 2622000000,
    "incomeBeforeTaxRatio": 0.2744400251,
    "incomeTaxExpense": 417000000,
    "netIncome": 2205000000,
    "netIncomeRatio": 0.230793385,
    "eps": 0.36,
    "epsdiluted": 0.35,
    "weightedAverageShsOut": 6087000000,
    "weightedAverageShsOutDil": 6330000000,
    "link": "https://www.sec.gov/Archives/edgar/data/858877/000119312507250673/0001193125-07-250673-index.htm",
    "finalLink": "https://www.sec.gov/Archives/edgar/data/858877/000119312507250673/d10q.htm"
  },
  {
    "date": "2007-07-28",
    "symbol": "CSCO",
    "reportedCurrency": "USD",
    "cik": "0000858877",
    "fillingDate": "2007-09-18",
    "acceptedDate": "2007-09-18 06:32:44",
    "calendarYear": "2007",
    "period": "Q4",
    "revenue": 9433000000,
    "costOfRevenue": 3365000000,
    "grossProfit": 6068000000,
    "grossProfitRatio": 0.6432736139,
    "researchAndDevelopmentExpenses": 1252000000,
    "generalAndAdministrativeExpenses": 431000000,
    "sellingAndMarketingExpenses": 1973000000,
    "sellingGeneralAndAdministrativeExpenses": 2404000000,
    "otherExpenses": 109000000,
    "operatingExpenses": 3765000000,
    "costAndExpenses": 7130000000,
    "interestIncome": 291000000,
    "interestExpense": 94000000,
    "depreciationAndAmortization": 374000000,
    "ebitda": 2999000000,
    "ebitdaratio": 0.3179264285,
    "operatingIncome": 2303000000,
    "operatingIncomeRatio": 0.2441429026,
    "totalOtherIncomeExpensesNet": 228000000,
    "incomeBeforeTax": 2531000000,
    "incomeBeforeTaxRatio": 0.268313368,
    "incomeTaxExpense": 601000000,
    "netIncome": 1930000000,
    "netIncomeRatio": 0.2046008693,
    "eps": 0.32,
    "epsdiluted": 0.31,
    "weightedAverageShsOut": 6064000000,
    "weightedAverageShsOutDil": 6295000000,
    "link": "https://www.sec.gov/Archives/edgar/data/858877/000119312507202552/0001193125-07-202552-index.htm",
    "finalLink": "https://www.sec.gov/Archives/edgar/data/858877/000119312507202552/d10k.htm"
  },
  {
    "date": "2007-04-28",
    "symbol": "CSCO",
    "reportedCurrency": "USD",
    "cik": "0000858877",
    "fillingDate": "2007-05-24",
    "acceptedDate": "2007-05-24 06:20:50",
    "calendarYear": "2007",
    "period": "Q3",
    "revenue": 8866000000,
    "costOfRevenue": 3219000000,
    "grossProfit": 5647000000,
    "grossProfitRatio": 0.6369275885,
    "researchAndDevelopmentExpenses": 1145000000,
    "generalAndAdministrativeExpenses": 378000000,
    "sellingAndMarketingExpenses": 1830000000,
    "sellingGeneralAndAdministrativeExpenses": 2208000000,
    "otherExpenses": 97000000,
    "operatingExpenses": 3450000000,
    "costAndExpenses": 6669000000,
    "interestIncome": 283000000,
    "interestExpense": 94000000,
    "depreciationAndAmortization": 349000000,
    "ebitda": 2862000000,
    "ebitdaratio": 0.322806226,
    "operatingIncome": 2197000000,
    "operatingIncomeRatio": 0.2478005865,
    "totalOtherIncomeExpensesNet": 222000000,
    "incomeBeforeTax": 2419000000,
    "incomeBeforeTaxRatio": 0.2728400632,
    "incomeTaxExpense": 545000000,
    "netIncome": 1874000000,
    "netIncomeRatio": 0.2113692759,
    "eps": 0.31,
    "epsdiluted": 0.3,
    "weightedAverageShsOut": 6034000000,
    "weightedAverageShsOutDil": 6244000000,
    "link": "https://www.sec.gov/Archives/edgar/data/858877/000119312507122037/0001193125-07-122037-index.htm",
    "finalLink": "https://www.sec.gov/Archives/edgar/data/858877/000119312507122037/d10q.htm"
  },
  {
    "date": "2007-01-27",
    "symbol": "CSCO",
    "reportedCurrency": "USD",
    "cik": "0000858877",
    "fillingDate": "2007-02-20",
    "acceptedDate": "2007-02-20 06:10:58",
    "calendarYear": "2007",
    "period": "Q2",
    "revenue": 8439000000,
    "costOfRevenue": 3051000000,
    "grossProfit": 5388000000,
    "grossProfitRatio": 0.638464273,
    "researchAndDevelopmentExpenses": 1096000000,
    "generalAndAdministrativeExpenses": 340000000,
    "sellingAndMarketingExpenses": 1726000000,
    "sellingGeneralAndAdministrativeExpenses": 2066000000,
    "otherExpenses": 96000000,
    "operatingExpenses": 3258000000,
    "costAndExpenses": 6309000000,
    "interestIncome": 267000000,
    "interestExpense": 95000000,
    "depreciationAndAmortization": 342000000,
    "ebitda": 2772000000,
    "ebitdaratio": 0.3284749378,
    "operatingIncome": 2130000000,
    "operatingIncomeRatio": 0.2523995734,
    "totalOtherIncomeExpensesNet": 205000000,
    "incomeBeforeTax": 2335000000,
    "incomeBeforeTaxRatio": 0.2766915511,
    "incomeTaxExpense": 414000000,
    "netIncome": 1921000000,
    "netIncomeRatio": 0.2276336059,
    "eps": 0.32,
    "epsdiluted": 0.31,
    "weightedAverageShsOut": 6057000000,
    "weightedAverageShsOutDil": 6291000000,
    "link": "https://www.sec.gov/Archives/edgar/data/858877/000119312507034601/0001193125-07-034601-index.htm",
    "finalLink": "https://www.sec.gov/Archives/edgar/data/858877/000119312507034601/d10q.htm"
  },
  {
    "date": "2006-10-28",
    "symbol": "CSCO",
    "reportedCurrency": "USD",
    "cik": "0000858877",
    "fillingDate": "2006-11-21",
    "acceptedDate": "2006-11-21 06:16:47",
    "calendarYear": "2007",
    "period": "Q1",
    "revenue": 8184000000,
    "costOfRevenue": 2951000000,
    "grossProfit": 5233000000,
    "grossProfitRatio": 0.6394183773,
    "researchAndDevelopmentExpenses": 1087000000,
    "generalAndAdministrativeExpenses": 364000000,
    "sellingAndMarketingExpenses": 1686000000,
    "sellingGeneralAndAdministrativeExpenses": 2050000000,
    "otherExpenses": 105000000,
    "operatingExpenses": 3242000000,
    "costAndExpenses": 6193000000,
    "interestIncome": 251000000,
    "interestExpense": 94000000,
    "depreciationAndAmortization": 348000000,
    "ebitda": 2618000000,
    "ebitdaratio": 0.3198924731,
    "operatingIncome": 1991000000,
    "operatingIncomeRatio": 0.2432795699,
    "totalOtherIncomeExpensesNet": 185000000,
    "incomeBeforeTax": 2176000000,
    "incomeBeforeTaxRatio": 0.265884653,
    "incomeTaxExpense": 568000000,
    "netIncome": 1608000000,
    "netIncomeRatio": 0.1964809384,
    "eps": 0.27,
    "epsdiluted": 0.26,
    "weightedAverageShsOut": 6061000000,
    "weightedAverageShsOutDil": 6199000000,
    "link": "https://www.sec.gov/Archives/edgar/data/858877/000119312506239635/0001193125-06-239635-index.htm",
    "finalLink": "https://www.sec.gov/Archives/edgar/data/858877/000119312506239635/d10q.htm"
  },
  {
    "date": "2006-07-29",
    "symbol": "CSCO",
    "reportedCurrency": "USD",
    "cik": "0000858877",
    "fillingDate": "2006-09-18",
    "acceptedDate": "2006-09-18 08:32:55",
    "calendarYear": "2006",
    "period": "Q4",
    "revenue": 7984000000,
    "costOfRevenue": 2839000000,
    "grossProfit": 5145000000,
    "grossProfitRatio": 0.6444138277,
    "researchAndDevelopmentExpenses": 1065000000,
    "generalAndAdministrativeExpenses": 311000000,
    "sellingAndMarketingExpenses": 1600000000,
    "sellingGeneralAndAdministrativeExpenses": 1911000000,
    "otherExpenses": 179000000,
    "operatingExpenses": 3155000000,
    "costAndExpenses": 5994000000,
    "interestIncome": 231000000,
    "interestExpense": 88000000,
    "depreciationAndAmortization": 437000000,
    "ebitda": 2671000000,
    "ebitdaratio": 0.3345440882,
    "operatingIncome": 1990000000,
    "operatingIncomeRatio": 0.249248497,
    "totalOtherIncomeExpensesNet": 156000000,
    "incomeBeforeTax": 2146000000,
    "incomeBeforeTaxRatio": 0.2687875752,
    "incomeTaxExpense": 602000000,
    "netIncome": 1544000000,
    "netIncomeRatio": 0.1933867735,
    "eps": 0.26,
    "epsdiluted": 0.25,
    "weightedAverageShsOut": 6080000000,
    "weightedAverageShsOutDil": 6188000000,
    "link": "https://www.sec.gov/Archives/edgar/data/858877/000119312506192133/0001193125-06-192133-index.htm",
    "finalLink": "https://www.sec.gov/Archives/edgar/data/858877/000119312506192133/d10k.htm"
  },
  {
    "date": "2006-04-29",
    "symbol": "CSCO",
    "reportedCurrency": "USD",
    "cik": "0000858877",
    "fillingDate": "2006-05-25",
    "acceptedDate": "2006-05-25 06:16:01",
    "calendarYear": "2006",
    "period": "Q3",
    "revenue": 7322000000,
    "costOfRevenue": 2596000000,
    "grossProfit": 4726000000,
    "grossProfitRatio": 0.6454520623,
    "researchAndDevelopmentExpenses": 1041000000,
    "generalAndAdministrativeExpenses": 298000000,
    "sellingAndMarketingExpenses": 1547000000,
    "sellingGeneralAndAdministrativeExpenses": 1845000000,
    "otherExpenses": 0,
    "operatingExpenses": 2886000000,
    "costAndExpenses": 5669000000,
    "interestIncome": 202000000,
    "interestExpense": 60000000,
    "depreciationAndAmortization": 344000000,
    "ebitda": 2216000000,
    "ebitdaratio": 0.3026495493,
    "operatingIncome": 1653000000,
    "operatingIncomeRatio": 0.2257579896,
    "totalOtherIncomeExpensesNet": 159000000,
    "incomeBeforeTax": 1812000000,
    "incomeBeforeTaxRatio": 0.2474733679,
    "incomeTaxExpense": 412000000,
    "netIncome": 1400000000,
    "netIncomeRatio": 0.1912045889,
    "eps": 0.23,
    "epsdiluted": 0.22,
    "weightedAverageShsOut": 6160000000,
    "weightedAverageShsOutDil": 6289000000,
    "link": "https://www.sec.gov/Archives/edgar/data/858877/000119312506119108/0001193125-06-119108-index.htm",
    "finalLink": "https://www.sec.gov/Archives/edgar/data/858877/000119312506119108/d10q.htm"
  },
  {
    "date": "2006-01-28",
    "symbol": "CSCO",
    "reportedCurrency": "USD",
    "cik": "0000858877",
    "fillingDate": "2006-02-21",
    "acceptedDate": "2006-02-21 07:05:17",
    "calendarYear": "2006",
    "period": "Q2",
    "revenue": 6628000000,
    "costOfRevenue": 2162000000,
    "grossProfit": 4466000000,
    "grossProfitRatio": 0.6738080869,
    "researchAndDevelopmentExpenses": 966000000,
    "generalAndAdministrativeExpenses": 282000000,
    "sellingAndMarketingExpenses": 1431000000,
    "sellingGeneralAndAdministrativeExpenses": 1713000000,
    "otherExpenses": 56000000,
    "operatingExpenses": 2735000000,
    "costAndExpenses": 4897000000,
    "interestIncome": 168000000,
    "interestExpense": 0,
    "depreciationAndAmortization": 254000000,
    "ebitda": 2170000000,
    "ebitdaratio": 0.3273989137,
    "operatingIncome": 1731000000,
    "operatingIncomeRatio": 0.2611647556,
    "totalOtherIncomeExpensesNet": 185000000,
    "incomeBeforeTax": 1916000000,
    "incomeBeforeTaxRatio": 0.2890766445,
    "incomeTaxExpense": 541000000,
    "netIncome": 1375000000,
    "netIncomeRatio": 0.2074532287,
    "eps": 0.22,
    "epsdiluted": 0.22,
    "weightedAverageShsOut": 6146000000,
    "weightedAverageShsOutDil": 6248000000,
    "link": "https://www.sec.gov/Archives/edgar/data/858877/000119312506035213/0001193125-06-035213-index.htm",
    "finalLink": "https://www.sec.gov/Archives/edgar/data/858877/000119312506035213/d10q.htm"
  },
  {
    "date": "2005-10-29",
    "symbol": "CSCO",
    "reportedCurrency": "USD",
    "cik": "0000858877",
    "fillingDate": "2005-11-23",
    "acceptedDate": "2005-11-23 06:33:13",
    "calendarYear": "2006",
    "period": "Q1",
    "revenue": 6550000000,
    "costOfRevenue": 2140000000,
    "grossProfit": 4410000000,
    "grossProfitRatio": 0.6732824427,
    "researchAndDevelopmentExpenses": 998000000,
    "generalAndAdministrativeExpenses": 278000000,
    "sellingAndMarketingExpenses": 1453000000,
    "sellingGeneralAndAdministrativeExpenses": 1731000000,
    "otherExpenses": 59000000,
    "operatingExpenses": 2788000000,
    "costAndExpenses": 4928000000,
    "interestIncome": 154000000,
    "interestExpense": 0,
    "depreciationAndAmortization": 258000000,
    "ebitda": 2017000000,
    "ebitdaratio": 0.3079389313,
    "operatingIncome": 1622000000,
    "operatingIncomeRatio": 0.2476335878,
    "totalOtherIncomeExpensesNet": 137000000,
    "incomeBeforeTax": 1759000000,
    "incomeBeforeTaxRatio": 0.2685496183,
    "incomeTaxExpense": 498000000,
    "netIncome": 1261000000,
    "netIncomeRatio": 0.192519084,
    "eps": 0.2,
    "epsdiluted": 0.2,
    "weightedAverageShsOut": 6245000000,
    "weightedAverageShsOutDil": 6340000000,
    "link": "https://www.sec.gov/Archives/edgar/data/858877/000119312505231378/0001193125-05-231378-index.htm",
    "finalLink": "https://www.sec.gov/Archives/edgar/data/858877/000119312505231378/d10q.htm"
  },
  {
    "date": "2005-07-30",
    "symbol": "CSCO",
    "reportedCurrency": "USD",
    "cik": "0000858877",
    "fillingDate": "2005-09-19",
    "acceptedDate": "2005-09-19 06:27:54",
    "calendarYear": "2005",
    "period": "Q4",
    "revenue": 6581000000,
    "costOfRevenue": 2113000000,
    "grossProfit": 4468000000,
    "grossProfitRatio": 0.6789241757,
    "researchAndDevelopmentExpenses": 889000000,
    "generalAndAdministrativeExpenses": 257000000,
    "sellingAndMarketingExpenses": 1269000000,
    "sellingGeneralAndAdministrativeExpenses": 1526000000,
    "otherExpenses": 56000000,
    "operatingExpenses": 2471000000,
    "costAndExpenses": 4584000000,
    "interestIncome": 153000000,
    "interestExpense": 0,
    "depreciationAndAmortization": 258000000,
    "ebitda": 2255000000,
    "ebitdaratio": 0.3426530922,
    "operatingIncome": 1997000000,
    "operatingIncomeRatio": 0.3034493238,
    "totalOtherIncomeExpensesNet": 156000000,
    "incomeBeforeTax": 2153000000,
    "incomeBeforeTaxRatio": 0.327153928,
    "incomeTaxExpense": 613000000,
    "netIncome": 1540000000,
    "netIncomeRatio": 0.2340069898,
    "eps": 0.24,
    "epsdiluted": 0.24,
    "weightedAverageShsOut": 6361000000,
    "weightedAverageShsOutDil": 6480000000,
    "link": "https://www.sec.gov/Archives/edgar/data/858877/000119312505187168/0001193125-05-187168-index.htm",
    "finalLink": "https://www.sec.gov/Archives/edgar/data/858877/000119312505187168/d10k.htm"
  },
  {
    "date": "2005-04-30",
    "symbol": "CSCO",
    "reportedCurrency": "USD",
    "cik": "0000858877",
    "fillingDate": "2005-05-27",
    "acceptedDate": "2005-05-26 21:22:39",
    "calendarYear": "2005",
    "period": "Q3",
    "revenue": 6187000000,
    "costOfRevenue": 2052000000,
    "grossProfit": 4135000000,
    "grossProfitRatio": 0.6683368353,
    "researchAndDevelopmentExpenses": 829000000,
    "generalAndAdministrativeExpenses": 244000000,
    "sellingAndMarketingExpenses": 1190000000,
    "sellingGeneralAndAdministrativeExpenses": 1434000000,
    "otherExpenses": -6000000,
    "operatingExpenses": 2257000000,
    "costAndExpenses": 4369000000,
    "interestIncome": 142000000,
    "interestExpense": 0,
    "depreciationAndAmortization": 246000000,
    "ebitda": 2214000000,
    "ebitdaratio": 0.3578470988,
    "operatingIncome": 1818000000,
    "operatingIncomeRatio": 0.2938419266,
    "totalOtherIncomeExpensesNet": 150000000,
    "incomeBeforeTax": 1968000000,
    "incomeBeforeTaxRatio": 0.31808631,
    "incomeTaxExpense": 563000000,
    "netIncome": 1405000000,
    "netIncomeRatio": 0.2270890577,
    "eps": 0.22,
    "epsdiluted": 0.21,
    "weightedAverageShsOut": 6435000000,
    "weightedAverageShsOutDil": 6541000000,
    "link": "https://www.sec.gov/Archives/edgar/data/858877/000119312505115907/0001193125-05-115907-index.htm",
    "finalLink": "https://www.sec.gov/Archives/edgar/data/858877/000119312505115907/d10q.htm"
  },
  {
    "date": "2005-01-29",
    "symbol": "CSCO",
    "reportedCurrency": "USD",
    "cik": "0000858877",
    "fillingDate": "2005-02-22",
    "acceptedDate": "2005-02-22 06:21:01",
    "calendarYear": "2005",
    "period": "Q2",
    "revenue": 6062000000,
    "costOfRevenue": 2009000000,
    "grossProfit": 4053000000,
    "grossProfitRatio": 0.668591224,
    "researchAndDevelopmentExpenses": 813000000,
    "generalAndAdministrativeExpenses": 228000000,
    "sellingAndMarketingExpenses": 1142000000,
    "sellingGeneralAndAdministrativeExpenses": 1370000000,
    "otherExpenses": -2000000,
    "operatingExpenses": 2181000000,
    "costAndExpenses": 4249000000,
    "interestIncome": 127000000,
    "interestExpense": 0,
    "depreciationAndAmortization": 260000000,
    "ebitda": 2073000000,
    "ebitdaratio": 0.3419663477,
    "operatingIncome": 1813000000,
    "operatingIncomeRatio": 0.2990762125,
    "totalOtherIncomeExpensesNet": 144000000,
    "incomeBeforeTax": 1957000000,
    "incomeBeforeTaxRatio": 0.3228307489,
    "incomeTaxExpense": 557000000,
    "netIncome": 1400000000,
    "netIncomeRatio": 0.2309468822,
    "eps": 0.21,
    "epsdiluted": 0.21,
    "weightedAverageShsOut": 6521000000,
    "weightedAverageShsOutDil": 6652000000,
    "link": "https://www.sec.gov/Archives/edgar/data/858877/000119312505033596/0001193125-05-033596-index.htm",
    "finalLink": "https://www.sec.gov/Archives/edgar/data/858877/000119312505033596/d10q.htm"
  },
  {
    "date": "2004-10-30",
    "symbol": "CSCO",
    "reportedCurrency": "USD",
    "cik": "0000858877",
    "fillingDate": "2004-11-22",
    "acceptedDate": "2004-11-19 20:47:33",
    "calendarYear": "2005",
    "period": "Q1",
    "revenue": 5971000000,
    "costOfRevenue": 1956000000,
    "grossProfit": 4015000000,
    "grossProfitRatio": 0.6724166806,
    "researchAndDevelopmentExpenses": 817000000,
    "generalAndAdministrativeExpenses": 230000000,
    "sellingAndMarketingExpenses": 1120000000,
    "sellingGeneralAndAdministrativeExpenses": 1350000000,
    "otherExpenses": -12000000,
    "operatingExpenses": 2155000000,
    "costAndExpenses": 4183000000,
    "interestIncome": 130000000,
    "interestExpense": 0,
    "depreciationAndAmortization": 251000000,
    "ebitda": 2039000000,
    "ebitdaratio": 0.3414838386,
    "operatingIncome": 1788000000,
    "operatingIncomeRatio": 0.2994473288,
    "totalOtherIncomeExpensesNet": 170000000,
    "incomeBeforeTax": 1958000000,
    "incomeBeforeTaxRatio": 0.3279182716,
    "incomeTaxExpense": 562000000,
    "netIncome": 1396000000,
    "netIncomeRatio": 0.233796684,
    "eps": 0.21,
    "epsdiluted": 0.21,
    "weightedAverageShsOut": 6635000000,
    "weightedAverageShsOutDil": 6773000000,
    "link": "https://www.sec.gov/Archives/edgar/data/858877/000119312504200991/0001193125-04-200991-index.htm",
    "finalLink": "https://www.sec.gov/Archives/edgar/data/858877/000119312504200991/d10q.htm"
  },
  {
    "date": "2004-07-31",
    "symbol": "CSCO",
    "reportedCurrency": "USD",
    "cik": "0000858877",
    "fillingDate": "2004-09-20",
    "acceptedDate": "2004-09-20 07:29:05",
    "calendarYear": "2004",
    "period": "Q4",
    "revenue": 5926000000,
    "costOfRevenue": 1871000000,
    "grossProfit": 4055000000,
    "grossProfitRatio": 0.6842726966,
    "researchAndDevelopmentExpenses": 800000000,
    "generalAndAdministrativeExpenses": 214000000,
    "sellingAndMarketingExpenses": 1180000000,
    "sellingGeneralAndAdministrativeExpenses": 1394000000,
    "otherExpenses": 60000000,
    "operatingExpenses": 2254000000,
    "costAndExpenses": 4125000000,
    "interestIncome": 124000000,
    "interestExpense": 0,
    "depreciationAndAmortization": 310000000,
    "ebitda": 2111000000,
    "ebitdaratio": 0.3562267972,
    "operatingIncome": 1801000000,
    "operatingIncomeRatio": 0.3039149511,
    "totalOtherIncomeExpensesNet": 135000000,
    "incomeBeforeTax": 1936000000,
    "incomeBeforeTaxRatio": 0.3266959163,
    "incomeTaxExpense": 556000000,
    "netIncome": 1380000000,
    "netIncomeRatio": 0.2328720891,
    "eps": 0.2,
    "epsdiluted": 0.19,
    "weightedAverageShsOut": 6744000000,
    "weightedAverageShsOutDil": 6943000000,
    "link": "https://www.sec.gov/Archives/edgar/data/858877/000119312504158427/0001193125-04-158427-index.htm",
    "finalLink": "https://www.sec.gov/Archives/edgar/data/858877/000119312504158427/d10k.htm"
  },
  {
    "date": "2004-05-01",
    "symbol": "CSCO",
    "reportedCurrency": "USD",
    "cik": "0000858877",
    "fillingDate": "2004-05-27",
    "acceptedDate": "2004-05-26 21:04:46",
    "calendarYear": "2004",
    "period": "Q3",
    "revenue": 5620000000,
    "costOfRevenue": 1753000000,
    "grossProfit": 3867000000,
    "grossProfitRatio": 0.6880782918,
    "researchAndDevelopmentExpenses": 869000000,
    "generalAndAdministrativeExpenses": 231000000,
    "sellingAndMarketingExpenses": 1153000000,
    "sellingGeneralAndAdministrativeExpenses": 1384000000,
    "otherExpenses": 60000000,
    "operatingExpenses": 2313000000,
    "costAndExpenses": 4066000000,
    "interestIncome": 127000000,
    "interestExpense": 0,
    "depreciationAndAmortization": 159000000,
    "ebitda": 1713000000,
    "ebitdaratio": 0.3048042705,
    "operatingIncome": 1554000000,
    "operatingIncomeRatio": 0.2765124555,
    "totalOtherIncomeExpensesNet": 167000000,
    "incomeBeforeTax": 1721000000,
    "incomeBeforeTaxRatio": 0.306227758,
    "incomeTaxExpense": 510000000,
    "netIncome": 1211000000,
    "netIncomeRatio": 0.215480427,
    "eps": 0.18,
    "epsdiluted": 0.17,
    "weightedAverageShsOut": 6816000000,
    "weightedAverageShsOutDil": 7074000000,
    "link": "https://www.sec.gov/Archives/edgar/data/858877/000119312504094992/0001193125-04-094992-index.htm",
    "finalLink": "https://www.sec.gov/Archives/edgar/data/858877/000119312504094992/d10q.htm"
  },
  {
    "date": "2004-01-24",
    "symbol": "CSCO",
    "reportedCurrency": "USD",
    "cik": "0000858877",
    "fillingDate": "2004-02-17",
    "acceptedDate": "2004-02-13 21:21:09",
    "calendarYear": "2004",
    "period": "Q2",
    "revenue": 5398000000,
    "costOfRevenue": 1700000000,
    "grossProfit": 3698000000,
    "grossProfitRatio": 0.6850685439,
    "researchAndDevelopmentExpenses": 771000000,
    "generalAndAdministrativeExpenses": 210000000,
    "sellingAndMarketingExpenses": 1110000000,
    "sellingGeneralAndAdministrativeExpenses": 1320000000,
    "otherExpenses": 60000000,
    "operatingExpenses": 2151000000,
    "costAndExpenses": 3851000000,
    "interestIncome": 124000000,
    "interestExpense": 0,
    "depreciationAndAmortization": 389000000,
    "ebitda": 1936000000,
    "ebitdaratio": 0.3586513524,
    "operatingIncome": 1547000000,
    "operatingIncomeRatio": 0.286587625,
    "totalOtherIncomeExpensesNet": 260000000,
    "incomeBeforeTax": 1807000000,
    "incomeBeforeTaxRatio": 0.3347536124,
    "incomeTaxExpense": 516000000,
    "netIncome": 724000000,
    "netIncomeRatio": 0.1341237495,
    "eps": 0.11,
    "epsdiluted": 0.1,
    "weightedAverageShsOut": 6874000000,
    "weightedAverageShsOutDil": 7110000000,
    "link": "https://www.sec.gov/Archives/edgar/data/858877/000119312504023633/0001193125-04-023633-index.htm",
    "finalLink": "https://www.sec.gov/Archives/edgar/data/858877/000119312504023633/d10q.htm"
  },
  {
    "date": "2003-10-25",
    "symbol": "CSCO",
    "reportedCurrency": "USD",
    "cik": "0000858877",
    "fillingDate": "2003-11-17",
    "acceptedDate": "2003-11-14 21:39:47",
    "calendarYear": "2004",
    "period": "Q1",
    "revenue": 5101000000,
    "costOfRevenue": 1595000000,
    "grossProfit": 3506000000,
    "grossProfitRatio": 0.6873162125,
    "researchAndDevelopmentExpenses": 755000000,
    "generalAndAdministrativeExpenses": 212000000,
    "sellingAndMarketingExpenses": 1087000000,
    "sellingGeneralAndAdministrativeExpenses": 1299000000,
    "otherExpenses": 62000000,
    "operatingExpenses": 2116000000,
    "costAndExpenses": 3711000000,
    "interestIncome": 137000000,
    "interestExpense": 0,
    "depreciationAndAmortization": 397000000,
    "ebitda": 1787000000,
    "ebitdaratio": 0.350323466,
    "operatingIncome": 1390000000,
    "operatingIncomeRatio": 0.2724955891,
    "totalOtherIncomeExpensesNet": 138000000,
    "incomeBeforeTax": 1528000000,
    "incomeBeforeTaxRatio": 0.299549108,
    "incomeTaxExpense": 442000000,
    "netIncome": 1086000000,
    "netIncomeRatio": 0.2128994315,
    "eps": 0.16,
    "epsdiluted": 0.15,
    "weightedAverageShsOut": 6932000000,
    "weightedAverageShsOutDil": 7110000000,
    "link": "https://www.sec.gov/Archives/edgar/data/858877/000119312503082276/0001193125-03-082276-index.htm",
    "finalLink": "https://www.sec.gov/Archives/edgar/data/858877/000119312503082276/d10q.htm"
  },
  {
    "date": "2003-07-26",
    "symbol": "CSCO",
    "reportedCurrency": "USD",
    "cik": "0000858877",
    "fillingDate": "2003-09-10",
    "acceptedDate": "2003-09-09 21:44:56",
    "calendarYear": "2003",
    "period": "Q4",
    "revenue": 4702000000,
    "costOfRevenue": 1413000000,
    "grossProfit": 3289000000,
    "grossProfitRatio": 0.6994895789,
    "researchAndDevelopmentExpenses": 761000000,
    "generalAndAdministrativeExpenses": 190000000,
    "sellingAndMarketingExpenses": 1024000000,
    "sellingGeneralAndAdministrativeExpenses": 1214000000,
    "otherExpenses": 110000000,
    "operatingExpenses": 2085000000,
    "costAndExpenses": 3498000000,
    "interestIncome": 146000000,
    "interestExpense": 0,
    "depreciationAndAmortization": 425000000,
    "ebitda": 1629000000,
    "ebitdaratio": 0.3464483199,
    "operatingIncome": 1204000000,
    "operatingIncomeRatio": 0.2560612505,
    "totalOtherIncomeExpensesNet": 169000000,
    "incomeBeforeTax": 1373000000,
    "incomeBeforeTaxRatio": 0.2920034028,
    "incomeTaxExpense": 391000000,
    "netIncome": 982000000,
    "netIncomeRatio": 0.208847299,
    "eps": 0.14,
    "epsdiluted": 0.14,
    "weightedAverageShsOut": 7001000000,
    "weightedAverageShsOutDil": 7121000000,
    "link": "https://www.sec.gov/Archives/edgar/data/858877/000119312503047374/0001193125-03-047374-index.htm",
    "finalLink": "https://www.sec.gov/Archives/edgar/data/858877/000119312503047374/d10k.htm"
  },
  {
    "date": "2003-04-26",
    "symbol": "CSCO",
    "reportedCurrency": "USD",
    "cik": "0000858877",
    "fillingDate": "2003-05-19",
    "acceptedDate": "2003-05-16 21:41:52",
    "calendarYear": "2003",
    "period": "Q3",
    "revenue": 4618000000,
    "costOfRevenue": 1349000000,
    "grossProfit": 3269000000,
    "grossProfitRatio": 0.7078822001,
    "researchAndDevelopmentExpenses": 728000000,
    "generalAndAdministrativeExpenses": 184000000,
    "sellingAndMarketingExpenses": 1019000000,
    "sellingGeneralAndAdministrativeExpenses": 1203000000,
    "otherExpenses": 92000000,
    "operatingExpenses": 2023000000,
    "costAndExpenses": 3372000000,
    "interestIncome": 161000000,
    "interestExpense": 0,
    "depreciationAndAmortization": 383000000,
    "ebitda": 1629000000,
    "ebitdaratio": 0.3527501083,
    "operatingIncome": 1246000000,
    "operatingIncomeRatio": 0.2698137722,
    "totalOtherIncomeExpensesNet": 135000000,
    "incomeBeforeTax": 1381000000,
    "incomeBeforeTaxRatio": 0.2990472066,
    "incomeTaxExpense": 394000000,
    "netIncome": 987000000,
    "netIncomeRatio": 0.213728887,
    "eps": 0.14,
    "epsdiluted": 0.14,
    "weightedAverageShsOut": 7062000000,
    "weightedAverageShsOutDil": 7158000000,
    "link": "https://www.sec.gov/Archives/edgar/data/858877/000101287003002696/0001012870-03-002696-index.htm",
    "finalLink": "https://www.sec.gov/Archives/edgar/data/858877/000101287003002696/d10q.htm"
  },
  {
    "date": "2003-01-25",
    "symbol": "CSCO",
    "reportedCurrency": "USD",
    "cik": "0000858877",
    "fillingDate": "2003-02-24",
    "acceptedDate": "2003-02-21 21:36:50",
    "calendarYear": "2003",
    "period": "Q2",
    "revenue": 4713000000,
    "costOfRevenue": 1396000000,
    "grossProfit": 3317000000,
    "grossProfitRatio": 0.7037980055,
    "researchAndDevelopmentExpenses": 826000000,
    "generalAndAdministrativeExpenses": 174000000,
    "sellingAndMarketingExpenses": 975000000,
    "sellingGeneralAndAdministrativeExpenses": 1149000000,
    "otherExpenses": 78000000,
    "operatingExpenses": 2053000000,
    "costAndExpenses": 3449000000,
    "interestIncome": 174000000,
    "interestExpense": 0,
    "depreciationAndAmortization": 373000000,
    "ebitda": 1637000000,
    "ebitdaratio": 0.3473371526,
    "operatingIncome": 1264000000,
    "operatingIncomeRatio": 0.268194356,
    "totalOtherIncomeExpensesNet": 123000000,
    "incomeBeforeTax": 1387000000,
    "incomeBeforeTaxRatio": 0.2942923828,
    "incomeTaxExpense": 396000000,
    "netIncome": 991000000,
    "netIncomeRatio": 0.2102694674,
    "eps": 0.14,
    "epsdiluted": 0.14,
    "weightedAverageShsOut": 7187000000,
    "weightedAverageShsOutDil": 7286000000,
    "link": "https://www.sec.gov/Archives/edgar/data/858877/000089161803001007/0000891618-03-001007-index.htm",
    "finalLink": "https://www.sec.gov/Archives/edgar/data/858877/000089161803001007/f87804e10vq.htm"
  },
  {
    "date": "2002-10-26",
    "symbol": "CSCO",
    "reportedCurrency": "USD",
    "cik": "0000858877",
    "fillingDate": "2002-11-21",
    "acceptedDate": "2002-11-20 21:12:44",
    "calendarYear": "2003",
    "period": "Q1",
    "revenue": 4845000000,
    "costOfRevenue": 1487000000,
    "grossProfit": 3358000000,
    "grossProfitRatio": 0.6930856553,
    "researchAndDevelopmentExpenses": 824000000,
    "generalAndAdministrativeExpenses": 154000000,
    "sellingAndMarketingExpenses": 1098000000,
    "sellingGeneralAndAdministrativeExpenses": 1252000000,
    "otherExpenses": 114000000,
    "operatingExpenses": 2190000000,
    "costAndExpenses": 3677000000,
    "interestIncome": 179000000,
    "interestExpense": 0,
    "depreciationAndAmortization": 410000000,
    "ebitda": 1578000000,
    "ebitdaratio": 0.3256965944,
    "operatingIncome": 1168000000,
    "operatingIncomeRatio": 0.2410732714,
    "totalOtherIncomeExpensesNet": -296000000,
    "incomeBeforeTax": 872000000,
    "incomeBeforeTaxRatio": 0.1799793602,
    "incomeTaxExpense": 254000000,
    "netIncome": 618000000,
    "netIncomeRatio": 0.1275541796,
    "eps": 0.09,
    "epsdiluted": 0.08,
    "weightedAverageShsOut": 7249000000,
    "weightedAverageShsOutDil": 7327000000,
    "link": "https://www.sec.gov/Archives/edgar/data/858877/000089161802005292/0000891618-02-005292-index.htm",
    "finalLink": "https://www.sec.gov/Archives/edgar/data/858877/000089161802005292/f86087e10vq.htm"
  },
  {
    "date": "2002-07-27",
    "symbol": "CSCO",
    "reportedCurrency": "USD",
    "cik": "0000858877",
    "fillingDate": "2002-09-18",
    "acceptedDate": "2002-09-17 20:59:37",
    "calendarYear": "2002",
    "period": "Q4",
    "revenue": 4829000000,
    "costOfRevenue": 1546000000,
    "grossProfit": 3283000000,
    "grossProfitRatio": 0.6798509008,
    "researchAndDevelopmentExpenses": 859000000,
    "generalAndAdministrativeExpenses": 155000000,
    "sellingAndMarketingExpenses": 1034000000,
    "sellingGeneralAndAdministrativeExpenses": 1189000000,
    "otherExpenses": 288000000,
    "operatingExpenses": 2336000000,
    "costAndExpenses": 3882000000,
    "interestIncome": 0,
    "interestExpense": 0,
    "depreciationAndAmortization": 604000000,
    "ebitda": 1551000000,
    "ebitdaratio": 0.3211845103,
    "operatingIncome": 947000000,
    "operatingIncomeRatio": 0.1961068544,
    "totalOtherIncomeExpensesNet": 150000000,
    "incomeBeforeTax": 1097000000,
    "incomeBeforeTaxRatio": 0.2271691862,
    "incomeTaxExpense": 325000000,
    "netIncome": 772000000,
    "netIncomeRatio": 0.1598674674,
    "eps": 0.11,
    "epsdiluted": 0.1,
    "weightedAverageShsOut": 7274000000,
    "weightedAverageShsOutDil": 7369000000,
    "link": "https://www.sec.gov/Archives/edgar/data/858877/000089161802004345/0000891618-02-004345-index.htm",
    "finalLink": "https://www.sec.gov/Archives/edgar/data/858877/000089161802004345/f84358e10vk.htm"
  },
  {
    "date": "2002-04-27",
    "symbol": "CSCO",
    "reportedCurrency": "USD",
    "cik": "0000858877",
    "fillingDate": "2002-05-28",
    "acceptedDate": "2002-05-28 16:27:58",
    "calendarYear": "2002",
    "period": "Q3",
    "revenue": 4822000000,
    "costOfRevenue": 1754000000,
    "grossProfit": 3068000000,
    "grossProfitRatio": 0.6362505185,
    "researchAndDevelopmentExpenses": 838000000,
    "generalAndAdministrativeExpenses": 164000000,
    "sellingAndMarketingExpenses": 1063000000,
    "sellingGeneralAndAdministrativeExpenses": 1227000000,
    "otherExpenses": 129000000,
    "operatingExpenses": 2194000000,
    "costAndExpenses": 3948000000,
    "interestIncome": 220000000,
    "interestExpense": 0,
    "depreciationAndAmortization": 418000000,
    "ebitda": 1292000000,
    "ebitdaratio": 0.2679386147,
    "operatingIncome": 874000000,
    "operatingIncomeRatio": 0.1812525923,
    "totalOtherIncomeExpensesNet": 150000000,
    "incomeBeforeTax": 1024000000,
    "incomeBeforeTaxRatio": 0.2123600166,
    "incomeTaxExpense": 295000000,
    "netIncome": 729000000,
    "netIncomeRatio": 0.1511820821,
    "eps": 0.1,
    "epsdiluted": 0.1,
    "weightedAverageShsOut": 7306000000,
    "weightedAverageShsOutDil": 7454000000,
    "link": "https://www.sec.gov/Archives/edgar/data/858877/000089161802002604/0000891618-02-002604-index.htm",
    "finalLink": "https://www.sec.gov/Archives/edgar/data/858877/000089161802002604/f81974e10vq.htm"
  },
  {
    "date": "2002-01-26",
    "symbol": "CSCO",
    "reportedCurrency": "USD",
    "cik": "0000858877",
    "fillingDate": "2002-03-11",
    "acceptedDate": "2002-03-11 00:00:00",
    "calendarYear": "2002",
    "period": "Q2",
    "revenue": 4816000000,
    "costOfRevenue": 1846000000,
    "grossProfit": 2970000000,
    "grossProfitRatio": 0.6166943522,
    "researchAndDevelopmentExpenses": 862000000,
    "generalAndAdministrativeExpenses": 148000000,
    "sellingAndMarketingExpenses": 1071000000,
    "sellingGeneralAndAdministrativeExpenses": 1219000000,
    "otherExpenses": 136000000,
    "operatingExpenses": 2217000000,
    "costAndExpenses": 4063000000,
    "interestIncome": 233000000,
    "interestExpense": 0,
    "depreciationAndAmortization": 476000000,
    "ebitda": 1229000000,
    "ebitdaratio": 0.2551910299,
    "operatingIncome": 753000000,
    "operatingIncomeRatio": 0.1563538206,
    "totalOtherIncomeExpensesNet": 179000000,
    "incomeBeforeTax": 932000000,
    "incomeBeforeTaxRatio": 0.1935215947,
    "incomeTaxExpense": 272000000,
    "netIncome": 660000000,
    "netIncomeRatio": 0.1370431894,
    "eps": 0.09,
    "epsdiluted": 0.09,
    "weightedAverageShsOut": 7311000000,
    "weightedAverageShsOutDil": 7496000000,
    "link": "https://www.sec.gov/Archives/edgar/data/858877/000089161802001111/0000891618-02-001111-index.htm",
    "finalLink": "https://www.sec.gov/Archives/edgar/data/858877/000089161802001111/f79749e10-q.txt"
  },
  {
    "date": "2001-10-27",
    "symbol": "CSCO",
    "reportedCurrency": "USD",
    "cik": "0000858877",
    "fillingDate": "2001-12-10",
    "acceptedDate": "2001-12-10 00:00:00",
    "calendarYear": "2002",
    "period": "Q1",
    "revenue": 4448000000,
    "costOfRevenue": 1756000000,
    "grossProfit": 2692000000,
    "grossProfitRatio": 0.6052158273,
    "researchAndDevelopmentExpenses": 954000000,
    "generalAndAdministrativeExpenses": 151000000,
    "sellingAndMarketingExpenses": 1096000000,
    "sellingGeneralAndAdministrativeExpenses": 1247000000,
    "otherExpenses": 146000000,
    "operatingExpenses": 2347000000,
    "costAndExpenses": 4103000000,
    "interestIncome": 234000000,
    "interestExpense": 0,
    "depreciationAndAmortization": 459000000,
    "ebitda": 804000000,
    "ebitdaratio": 0.1807553957,
    "operatingIncome": 345000000,
    "operatingIncomeRatio": 0.0775629496,
    "totalOtherIncomeExpensesNet": -688000000,
    "incomeBeforeTax": -343000000,
    "incomeBeforeTaxRatio": -0.0771133094,
    "incomeTaxExpense": -75000000,
    "netIncome": -268000000,
    "netIncomeRatio": -0.0602517986,
    "eps": -0.0367,
    "epsdiluted": -0.0367,
    "weightedAverageShsOut": 7307000000,
    "weightedAverageShsOutDil": 7307000000,
    "link": "https://www.sec.gov/Archives/edgar/data/858877/000089161801502532/0000891618-01-502532-index.htm",
    "finalLink": "https://www.sec.gov/Archives/edgar/data/858877/000089161801502532/f77728e10-q.txt"
  },
  {
    "date": "2001-07-28",
    "symbol": "CSCO",
    "reportedCurrency": "USD",
    "cik": "0000858877",
    "fillingDate": "2001-09-24",
    "acceptedDate": "2001-09-24 00:00:00",
    "calendarYear": "2001",
    "period": "Q4",
    "revenue": 4298000000,
    "costOfRevenue": 1862000000,
    "grossProfit": 2436000000,
    "grossProfitRatio": 0.5667752443,
    "researchAndDevelopmentExpenses": 935000000,
    "generalAndAdministrativeExpenses": 191000000,
    "sellingAndMarketingExpenses": 1149000000,
    "sellingGeneralAndAdministrativeExpenses": 1340000000,
    "otherExpenses": 298000000,
    "operatingExpenses": 2573000000,
    "costAndExpenses": 4435000000,
    "interestIncome": 0,
    "interestExpense": 0,
    "depreciationAndAmortization": 621000000,
    "ebitda": 484000000,
    "ebitdaratio": 0.1126105165,
    "operatingIncome": -137000000,
    "operatingIncomeRatio": -0.0318752908,
    "totalOtherIncomeExpensesNet": 199000000,
    "incomeBeforeTax": 62000000,
    "incomeBeforeTaxRatio": 0.0144253141,
    "incomeTaxExpense": 55000000,
    "netIncome": 7000000,
    "netIncomeRatio": 0.0016286645,
    "eps": 0.001,
    "epsdiluted": 0.001,
    "weightedAverageShsOut": 7274000000,
    "weightedAverageShsOutDil": 7274000000,
    "link": "https://www.sec.gov/Archives/edgar/data/858877/000109581101505065/0001095811-01-505065-index.htm",
    "finalLink": "https://www.sec.gov/Archives/edgar/data/858877/000109581101505065/f75710e10-k.txt"
  },
  {
    "date": "2001-04-28",
    "symbol": "CSCO",
    "reportedCurrency": "USD",
    "cik": "0000858877",
    "fillingDate": "2001-06-01",
    "acceptedDate": "2001-06-01 00:00:00",
    "calendarYear": "2001",
    "period": "Q3",
    "revenue": 4728000000,
    "costOfRevenue": 4400000000,
    "grossProfit": 328000000,
    "grossProfitRatio": 0.0693739425,
    "researchAndDevelopmentExpenses": 1137000000,
    "generalAndAdministrativeExpenses": 195000000,
    "sellingAndMarketingExpenses": 1351000000,
    "sellingGeneralAndAdministrativeExpenses": 1546000000,
    "otherExpenses": 276000000,
    "operatingExpenses": 2959000000,
    "costAndExpenses": 7359000000,
    "interestIncome": 0,
    "interestExpense": 0,
    "depreciationAndAmortization": 641000000,
    "ebitda": -1990000000,
    "ebitdaratio": -0.4208967851,
    "operatingIncome": -3801000000,
    "operatingIncomeRatio": -0.8039340102,
    "totalOtherIncomeExpensesNet": 236000000,
    "incomeBeforeTax": -3565000000,
    "incomeBeforeTaxRatio": -0.7540186125,
    "incomeTaxExpense": -872000000,
    "netIncome": -2693000000,
    "netIncomeRatio": -0.5695854484,
    "eps": -0.37,
    "epsdiluted": -0.37,
    "weightedAverageShsOut": 7251000000,
    "weightedAverageShsOutDil": 7251000000,
    "link": "https://www.sec.gov/Archives/edgar/data/858877/000089161801500994/0000891618-01-500994-index.htm",
    "finalLink": "https://www.sec.gov/Archives/edgar/data/858877/000089161801500994/f73006e10-q.txt"
  },
  {
    "date": "2001-01-27",
    "symbol": "CSCO",
    "reportedCurrency": "USD",
    "cik": "0000858877",
    "fillingDate": "2001-03-12",
    "acceptedDate": "2001-03-12 00:00:00",
    "calendarYear": "2001",
    "period": "Q2",
    "revenue": 6748000000,
    "costOfRevenue": 2581000000,
    "grossProfit": 4167000000,
    "grossProfitRatio": 0.6175163011,
    "researchAndDevelopmentExpenses": 1249000000,
    "generalAndAdministrativeExpenses": 196000000,
    "sellingAndMarketingExpenses": 1434000000,
    "sellingGeneralAndAdministrativeExpenses": 1630000000,
    "otherExpenses": 256000000,
    "operatingExpenses": 3135000000,
    "costAndExpenses": 5716000000,
    "interestIncome": 0,
    "interestExpense": 0,
    "depreciationAndAmortization": 540000000,
    "ebitda": 1572000000,
    "ebitdaratio": 0.2329579135,
    "operatingIncome": 1032000000,
    "operatingIncomeRatio": 0.1529342027,
    "totalOtherIncomeExpensesNet": 275000000,
    "incomeBeforeTax": 1307000000,
    "incomeBeforeTaxRatio": 0.1936870184,
    "incomeTaxExpense": 433000000,
    "netIncome": 874000000,
    "netIncomeRatio": 0.1295198577,
    "eps": 0.12,
    "epsdiluted": 0.12,
    "weightedAverageShsOut": 7144000000,
    "weightedAverageShsOutDil": 7556000000,
    "link": "https://www.sec.gov/Archives/edgar/data/858877/000109581101500424/0001095811-01-500424-index.htm",
    "finalLink": "https://www.sec.gov/Archives/edgar/data/858877/000109581101500424/f70305ore10-q.txt"
  },
  {
    "date": "2000-10-28",
    "symbol": "CSCO",
    "reportedCurrency": "USD",
    "cik": "0000858877",
    "fillingDate": "2000-12-12",
    "acceptedDate": "2000-12-12 00:00:00",
    "calendarYear": "2001",
    "period": "Q1",
    "revenue": 6519000000,
    "costOfRevenue": 2378000000,
    "grossProfit": 4141000000,
    "grossProfitRatio": 0.6352201258,
    "researchAndDevelopmentExpenses": 1451000000,
    "generalAndAdministrativeExpenses": 195000000,
    "sellingAndMarketingExpenses": 1362000000,
    "sellingGeneralAndAdministrativeExpenses": 1557000000,
    "otherExpenses": 231000000,
    "operatingExpenses": 3239000000,
    "costAndExpenses": 5617000000,
    "interestIncome": 0,
    "interestExpense": 0,
    "depreciationAndAmortization": 434000000,
    "ebitda": 1336000000,
    "ebitdaratio": 0.2049394079,
    "operatingIncome": 902000000,
    "operatingIncomeRatio": 0.1383647799,
    "totalOtherIncomeExpensesNet": 420000000,
    "incomeBeforeTax": 1322000000,
    "incomeBeforeTaxRatio": 0.2027918392,
    "incomeTaxExpense": 524000000,
    "netIncome": 798000000,
    "netIncomeRatio": 0.1224114128,
    "eps": 0.11,
    "epsdiluted": 0.11,
    "weightedAverageShsOut": 7093000000,
    "weightedAverageShsOutDil": 7580000000,
    "link": "https://www.sec.gov/Archives/edgar/data/858877/000089161800005271/0000891618-00-005271-index.htm",
    "finalLink": "https://www.sec.gov/Archives/edgar/data/858877/000089161800005271/f67903e10-q.txt"
  },
  {
    "date": "2000-07-29",
    "symbol": "CSCO",
    "reportedCurrency": "USD",
    "cik": "0000858877",
    "fillingDate": "2000-09-29",
    "acceptedDate": "2000-09-29 00:00:00",
    "calendarYear": "2000",
    "period": "Q4",
    "revenue": 5745000000,
    "costOfRevenue": 2075000000,
    "grossProfit": 3670000000,
    "grossProfitRatio": 0.6388163621,
    "researchAndDevelopmentExpenses": 1311000000,
    "generalAndAdministrativeExpenses": 234000000,
    "sellingAndMarketingExpenses": 1186000000,
    "sellingGeneralAndAdministrativeExpenses": 1439000000,
    "otherExpenses": 151000000,
    "operatingExpenses": 2900000000,
    "costAndExpenses": 4975000000,
    "interestIncome": 0,
    "interestExpense": 0,
    "depreciationAndAmortization": 371000000,
    "ebitda": 1141000000,
    "ebitdaratio": 0.1986074848,
    "operatingIncome": 770000000,
    "operatingIncomeRatio": 0.1340295909,
    "totalOtherIncomeExpensesNet": 542000000,
    "incomeBeforeTax": 1312000000,
    "incomeBeforeTaxRatio": 0.2283724978,
    "incomeTaxExpense": 551000000,
    "netIncome": 761000000,
    "netIncomeRatio": 0.1324630113,
    "eps": 0.12,
    "epsdiluted": 0.11,
    "weightedAverageShsOut": 6887000000,
    "weightedAverageShsOutDil": 7528000000,
    "link": "https://www.sec.gov/Archives/edgar/data/858877/000109581100003692/0001095811-00-003692-index.htm",
    "finalLink": "https://www.sec.gov/Archives/edgar/data/858877/000109581100003692/f65797e10-k.txt"
  },
  {
    "date": "2000-04-29",
    "symbol": "CSCO",
    "reportedCurrency": "USD",
    "cik": "0000858877",
    "fillingDate": "2000-06-13",
    "acceptedDate": "2000-06-13 00:00:00",
    "calendarYear": "2000",
    "period": "Q3",
    "revenue": 4919000000,
    "costOfRevenue": 1748000000,
    "grossProfit": 3171000000,
    "grossProfitRatio": 0.6446432202,
    "researchAndDevelopmentExpenses": 1207000000,
    "generalAndAdministrativeExpenses": 146000000,
    "sellingAndMarketingExpenses": 1023000000,
    "sellingGeneralAndAdministrativeExpenses": 1188000000,
    "otherExpenses": 14000000,
    "operatingExpenses": 2427000000,
    "costAndExpenses": 4175000000,
    "interestIncome": 0,
    "interestExpense": 0,
    "depreciationAndAmortization": 160000000,
    "ebitda": 873000000,
    "ebitdaratio": 0.1774750966,
    "operatingIncome": 744000000,
    "operatingIncomeRatio": 0.1512502541,
    "totalOtherIncomeExpensesNet": 283000000,
    "incomeBeforeTax": 1057000000,
    "incomeBeforeTaxRatio": 0.2148810734,
    "incomeTaxExpense": 395000000,
    "netIncome": 662000000,
    "netIncomeRatio": 0.1345801992,
    "eps": 0.09,
    "epsdiluted": 0.08,
    "weightedAverageShsOut": 7036000000,
    "weightedAverageShsOutDil": 7548000000,
    "link": "https://www.sec.gov/Archives/edgar/data/858877/000089161800003345/0000891618-00-003345-index.htm",
    "finalLink": "https://www.sec.gov/Archives/edgar/data/858877/000089161800003345/0000891618-00-003345-0001.txt"
  },
  {
    "date": "2000-01-29",
    "symbol": "CSCO",
    "reportedCurrency": "USD",
    "cik": "0000858877",
    "fillingDate": "2000-03-14",
    "acceptedDate": "2000-03-14 00:00:00",
    "calendarYear": "2000",
    "period": "Q2",
    "revenue": 4350000000,
    "costOfRevenue": 1536000000,
    "grossProfit": 2814000000,
    "grossProfitRatio": 0.6468965517,
    "researchAndDevelopmentExpenses": 641000000,
    "generalAndAdministrativeExpenses": 143000000,
    "sellingAndMarketingExpenses": 924000000,
    "sellingGeneralAndAdministrativeExpenses": 1080000000,
    "otherExpenses": 16000000,
    "operatingExpenses": 1755000000,
    "costAndExpenses": 3291000000,
    "interestIncome": 0,
    "interestExpense": 0,
    "depreciationAndAmortization": 164000000,
    "ebitda": 1210000000,
    "ebitdaratio": 0.2781609195,
    "operatingIncome": 1059000000,
    "operatingIncomeRatio": 0.2434482759,
    "totalOtherIncomeExpensesNet": 151000000,
    "incomeBeforeTax": 1210000000,
    "incomeBeforeTaxRatio": 0.2781609195,
    "incomeTaxExpense": 385000000,
    "netIncome": 825000000,
    "netIncomeRatio": 0.1896551724,
    "eps": 0.12,
    "epsdiluted": 0.11,
    "weightedAverageShsOut": 6911000000,
    "weightedAverageShsOutDil": 7387000000,
    "link": "https://www.sec.gov/Archives/edgar/data/858877/000089161800001422/0000891618-00-001422-index.htm",
    "finalLink": "https://www.sec.gov/Archives/edgar/data/858877/000089161800001422/0000891618-00-001422.txt"
  },
  {
    "date": "1999-10-30",
    "symbol": "CSCO",
    "reportedCurrency": "USD",
    "cik": "0000858877",
    "fillingDate": "1999-12-14",
    "acceptedDate": "1999-12-14 00:00:00",
    "calendarYear": "2000",
    "period": "Q1",
    "revenue": 3877000000,
    "costOfRevenue": 1364000000,
    "grossProfit": 2513000000,
    "grossProfitRatio": 0.6481815837,
    "researchAndDevelopmentExpenses": 900000000,
    "generalAndAdministrativeExpenses": 101000000,
    "sellingAndMarketingExpenses": 803000000,
    "sellingGeneralAndAdministrativeExpenses": 904000000,
    "otherExpenses": 2000000,
    "operatingExpenses": 1828000000,
    "costAndExpenses": 3192000000,
    "interestIncome": 0,
    "interestExpense": 0,
    "depreciationAndAmortization": 144000000,
    "ebitda": 798000000,
    "ebitdaratio": 0.2058292494,
    "operatingIncome": 685000000,
    "operatingIncomeRatio": 0.1766830023,
    "totalOtherIncomeExpensesNet": 71000000,
    "incomeBeforeTax": 791000000,
    "incomeBeforeTaxRatio": 0.2040237297,
    "incomeTaxExpense": 353000000,
    "netIncome": 438000000,
    "netIncomeRatio": 0.1129739489,
    "eps": 0.06,
    "epsdiluted": 0.06,
    "weightedAverageShsOut": 6833000000,
    "weightedAverageShsOutDil": 7288000000,
    "link": "https://www.sec.gov/Archives/edgar/data/858877/000089161899005677/0000891618-99-005677-index.htm",
    "finalLink": "https://www.sec.gov/Archives/edgar/data/858877/000089161899005677/0000891618-99-005677.txt"
  },
  {
    "date": "1999-07-31",
    "symbol": "CSCO",
    "reportedCurrency": "USD",
    "cik": "0000858877",
    "fillingDate": "1999-09-28",
    "acceptedDate": "1999-09-28 00:00:00",
    "calendarYear": "1999",
    "period": "Q4",
    "revenue": 3592000000,
    "costOfRevenue": 1259000000,
    "grossProfit": 2333000000,
    "grossProfitRatio": 0.6494988864,
    "researchAndDevelopmentExpenses": 573000000,
    "generalAndAdministrativeExpenses": 139000000,
    "sellingAndMarketingExpenses": 716000000,
    "sellingGeneralAndAdministrativeExpenses": 855000000,
    "otherExpenses": 0,
    "operatingExpenses": 1428000000,
    "costAndExpenses": 2687000000,
    "interestIncome": 0,
    "interestExpense": 0,
    "depreciationAndAmortization": 152000000,
    "ebitda": 1057000000,
    "ebitdaratio": 0.2942650334,
    "operatingIncome": 905000000,
    "operatingIncomeRatio": 0.2519487751,
    "totalOtherIncomeExpensesNet": 97000000,
    "incomeBeforeTax": 1002000000,
    "incomeBeforeTaxRatio": 0.2789532294,
    "incomeTaxExpense": 358000000,
    "netIncome": 644000000,
    "netIncomeRatio": 0.1792873051,
    "eps": 0.08,
    "epsdiluted": 0.08,
    "weightedAverageShsOut": 6955000000,
    "weightedAverageShsOutDil": 7383000000,
    "link": "https://www.sec.gov/Archives/edgar/data/858877/000089161899004365/0000891618-99-004365-index.htm",
    "finalLink": "https://www.sec.gov/Archives/edgar/data/858877/000089161899004365/"
  },
  {
    "date": "1999-05-01",
    "symbol": "CSCO",
    "reportedCurrency": "USD",
    "cik": "0000858877",
    "fillingDate": "1999-06-15",
    "acceptedDate": "1999-06-15 00:00:00",
    "calendarYear": "1999",
    "period": "Q3",
    "revenue": 3147000000,
    "costOfRevenue": 1102000000,
    "grossProfit": 2045000000,
    "grossProfitRatio": 0.6498252304,
    "researchAndDevelopmentExpenses": 418000000,
    "generalAndAdministrativeExpenses": 105000000,
    "sellingAndMarketingExpenses": 647000000,
    "sellingGeneralAndAdministrativeExpenses": 752000000,
    "otherExpenses": 0,
    "operatingExpenses": 1170000000,
    "costAndExpenses": 2272000000,
    "interestIncome": 0,
    "interestExpense": 0,
    "depreciationAndAmortization": 105000000,
    "ebitda": 963000000,
    "ebitdaratio": 0.3060057197,
    "operatingIncome": 875000000,
    "operatingIncomeRatio": 0.2780425802,
    "totalOtherIncomeExpensesNet": 90000000,
    "incomeBeforeTax": 965000000,
    "incomeBeforeTaxRatio": 0.3066412456,
    "incomeTaxExpense": 319000000,
    "netIncome": 646000000,
    "netIncomeRatio": 0.205274865,
    "eps": 0.1,
    "epsdiluted": 0.09,
    "weightedAverageShsOut": 6624000000,
    "weightedAverageShsOutDil": 7054000000,
    "link": "https://www.sec.gov/Archives/edgar/data/858877/000089161899002711/0000891618-99-002711-index.htm",
    "finalLink": "https://www.sec.gov/Archives/edgar/data/858877/000089161899002711/0000891618-99-002711.txt"
  },
  {
    "date": "1999-01-23",
    "symbol": "CSCO",
    "reportedCurrency": "USD",
    "cik": "0000858877",
    "fillingDate": "1999-03-09",
    "acceptedDate": "1999-03-09 00:00:00",
    "calendarYear": "1999",
    "period": "Q2",
    "revenue": 2827000000,
    "costOfRevenue": 985000000,
    "grossProfit": 1842000000,
    "grossProfitRatio": 0.6515741068,
    "researchAndDevelopmentExpenses": 706000000,
    "generalAndAdministrativeExpenses": 90000000,
    "sellingAndMarketingExpenses": 570000000,
    "sellingGeneralAndAdministrativeExpenses": 660000000,
    "otherExpenses": 0,
    "operatingExpenses": 1366000000,
    "costAndExpenses": 2351000000,
    "interestIncome": 0,
    "interestExpense": 0,
    "depreciationAndAmortization": 118000000,
    "ebitda": 582000000,
    "ebitdaratio": 0.2058719491,
    "operatingIncome": 476000000,
    "operatingIncomeRatio": 0.1683763707,
    "totalOtherIncomeExpensesNet": 69000000,
    "incomeBeforeTax": 556000000,
    "incomeBeforeTaxRatio": 0.1966749204,
    "incomeTaxExpense": 268000000,
    "netIncome": 288000000,
    "netIncomeRatio": 0.1018747789,
    "eps": 0.045,
    "epsdiluted": 0.04,
    "weightedAverageShsOut": 6548000000,
    "weightedAverageShsOutDil": 6972000000,
    "link": "https://www.sec.gov/Archives/edgar/data/858877/000089161899000863/0000891618-99-000863-index.htm",
    "finalLink": "https://www.sec.gov/Archives/edgar/data/858877/0000891618-99-000863.txt"
  },
  {
    "date": "1998-10-24",
    "symbol": "CSCO",
    "reportedCurrency": "USD",
    "cik": "0000858877",
    "fillingDate": "1998-12-08",
    "acceptedDate": "1998-12-08 00:00:00",
    "calendarYear": "1999",
    "period": "Q1",
    "revenue": 2588000000,
    "costOfRevenue": 894000000,
    "grossProfit": 1694000000,
    "grossProfitRatio": 0.6545595054,
    "researchAndDevelopmentExpenses": 368000000,
    "generalAndAdministrativeExpenses": 84000000,
    "sellingAndMarketingExpenses": 514000000,
    "sellingGeneralAndAdministrativeExpenses": 598000000,
    "otherExpenses": 0,
    "operatingExpenses": 966000000,
    "costAndExpenses": 1860000000,
    "interestIncome": 0,
    "interestExpense": 0,
    "depreciationAndAmortization": 111000000,
    "ebitda": 834000000,
    "ebitdaratio": 0.3222565688,
    "operatingIncome": 728000000,
    "operatingIncomeRatio": 0.2812982998,
    "totalOtherIncomeExpensesNet": 59000000,
    "incomeBeforeTax": 793000000,
    "incomeBeforeTaxRatio": 0.3064142195,
    "incomeTaxExpense": 275000000,
    "netIncome": 518000000,
    "netIncomeRatio": 0.2001545595,
    "eps": 0.08,
    "epsdiluted": 0.075,
    "weightedAverageShsOut": 6358000000,
    "weightedAverageShsOutDil": 6702000000,
    "link": "https://www.sec.gov/Archives/edgar/data/858877/000089161898005245/0000891618-98-005245-index.htm",
    "finalLink": "https://www.sec.gov/Archives/edgar/data/858877/0000891618-98-005245.txt"
  },
  {
    "date": "1998-07-25",
    "symbol": "CSCO",
    "reportedCurrency": "USD",
    "cik": "0000858877",
    "fillingDate": "1998-09-25",
    "acceptedDate": "1998-09-25 00:00:00",
    "calendarYear": "1998",
    "period": "Q4",
    "revenue": 2389989000,
    "costOfRevenue": 818935000,
    "grossProfit": 1571054000,
    "grossProfitRatio": 0.6573477953,
    "researchAndDevelopmentExpenses": 342220000,
    "generalAndAdministrativeExpenses": 76835000,
    "sellingAndMarketingExpenses": 455353000,
    "sellingGeneralAndAdministrativeExpenses": 532188000,
    "otherExpenses": 0,
    "operatingExpenses": 874408000,
    "costAndExpenses": 1693343000,
    "interestIncome": 0,
    "interestExpense": 0,
    "depreciationAndAmortization": 97171000,
    "ebitda": 793817000,
    "ebitdaratio": 0.3321425329,
    "operatingIncome": 696646000,
    "operatingIncomeRatio": 0.2914850236,
    "totalOtherIncomeExpensesNet": 59780000,
    "incomeBeforeTax": 756426000,
    "incomeBeforeTaxRatio": 0.316497691,
    "incomeTaxExpense": 264749000,
    "netIncome": 491677000,
    "netIncomeRatio": 0.205723541,
    "eps": 0.07,
    "epsdiluted": 0.065,
    "weightedAverageShsOut": 6936000000,
    "weightedAverageShsOutDil": 7456000000,
    "link": "https://www.sec.gov/Archives/edgar/data/858877/000089161898004310/0000891618-98-004310-index.htm",
    "finalLink": "https://www.sec.gov/Archives/edgar/data/858877/0000891618-98-004310.txt"
  },
  {
    "date": "1998-04-25",
    "symbol": "CSCO",
    "reportedCurrency": "USD",
    "cik": "0000858877",
    "fillingDate": "1998-06-08",
    "acceptedDate": "1998-06-08 00:00:00",
    "calendarYear": "1998",
    "period": "Q3",
    "revenue": 2183756000,
    "costOfRevenue": 749727000,
    "grossProfit": 1434029000,
    "grossProfitRatio": 0.6566800503,
    "researchAndDevelopmentExpenses": 681723000,
    "generalAndAdministrativeExpenses": 67329000,
    "sellingAndMarketingExpenses": 412241000,
    "sellingGeneralAndAdministrativeExpenses": 479570000,
    "otherExpenses": 0,
    "operatingExpenses": 1161293000,
    "costAndExpenses": 1911020000,
    "interestIncome": 0,
    "interestExpense": 0,
    "depreciationAndAmortization": 92093000,
    "ebitda": 364829000,
    "ebitdaratio": 0.1670649102,
    "operatingIncome": 272736000,
    "operatingIncomeRatio": 0.1248930741,
    "totalOtherIncomeExpensesNet": 52264000,
    "incomeBeforeTax": 324783000,
    "incomeBeforeTaxRatio": 0.1487267808,
    "incomeTaxExpense": 260205000,
    "netIncome": 64578000,
    "netIncomeRatio": 0.0295719851,
    "eps": 0.01,
    "epsdiluted": 0.01,
    "weightedAverageShsOut": 6164000000,
    "weightedAverageShsOutDil": 6456000000,
    "link": "https://www.sec.gov/Archives/edgar/data/858877/000089161898002769/0000891618-98-002769-index.htm",
    "finalLink": "https://www.sec.gov/Archives/edgar/data/858877/0000891618-98-002769.txt"
  },
  {
    "date": "1998-01-24",
    "symbol": "CSCO",
    "reportedCurrency": "USD",
    "cik": "0000858877",
    "fillingDate": "1998-03-09",
    "acceptedDate": "1998-03-09 00:00:00",
    "calendarYear": "1998",
    "period": "Q2",
    "revenue": 2016315000,
    "costOfRevenue": 696774000,
    "grossProfit": 1319541000,
    "grossProfitRatio": 0.6544319712,
    "researchAndDevelopmentExpenses": 238772000,
    "generalAndAdministrativeExpenses": 57668000,
    "sellingAndMarketingExpenses": 363408000,
    "sellingGeneralAndAdministrativeExpenses": 421076000,
    "otherExpenses": 0,
    "operatingExpenses": 659848000,
    "costAndExpenses": 1356622000,
    "interestIncome": 0,
    "interestExpense": 0,
    "depreciationAndAmortization": 70531000,
    "ebitda": 730224000,
    "ebitdaratio": 0.3621576986,
    "operatingIncome": 659693000,
    "operatingIncomeRatio": 0.3271775491,
    "totalOtherIncomeExpensesNet": 43818000,
    "incomeBeforeTax": 703511000,
    "incomeBeforeTaxRatio": 0.3489092726,
    "incomeTaxExpense": 246229000,
    "netIncome": 457282000,
    "netIncomeRatio": 0.2267909528,
    "eps": 0.075,
    "epsdiluted": 0.0725,
    "weightedAverageShsOut": 6092000000,
    "weightedAverageShsOutDil": 6376000000,
    "link": "https://www.sec.gov/Archives/edgar/data/858877/000089161898001021/0000891618-98-001021-index.htm",
    "finalLink": "https://www.sec.gov/Archives/edgar/data/858877/0000891618-98-001021.txt"
  },
  {
    "date": "1997-10-25",
    "symbol": "CSCO",
    "reportedCurrency": "USD",
    "cik": "0000858877",
    "fillingDate": "1997-12-09",
    "acceptedDate": "1997-12-09 00:00:00",
    "calendarYear": "1998",
    "period": "Q1",
    "revenue": 1868717000,
    "costOfRevenue": 652181000,
    "grossProfit": 1216536000,
    "grossProfitRatio": 0.6510006598,
    "researchAndDevelopmentExpenses": 351426000,
    "generalAndAdministrativeExpenses": 56414000,
    "sellingAndMarketingExpenses": 333417000,
    "sellingGeneralAndAdministrativeExpenses": 389831000,
    "otherExpenses": 0,
    "operatingExpenses": 741257000,
    "costAndExpenses": 1393438000,
    "interestIncome": 0,
    "interestExpense": 0,
    "depreciationAndAmortization": 67538000,
    "ebitda": 543000000,
    "ebitdaratio": 0.2905736931,
    "operatingIncome": 475279000,
    "operatingIncomeRatio": 0.2543343909,
    "totalOtherIncomeExpensesNet": 42721000,
    "incomeBeforeTax": 517746000,
    "incomeBeforeTaxRatio": 0.2770596083,
    "incomeTaxExpense": 181211000,
    "netIncome": 336535000,
    "netIncomeRatio": 0.1800887989,
    "eps": 0.055,
    "epsdiluted": 0.0525,
    "weightedAverageShsOut": 6056000000,
    "weightedAverageShsOutDil": 6340000000,
    "link": "https://www.sec.gov/Archives/edgar/data/858877/000089161897004868/0000891618-97-004868-index.htm",
    "finalLink": "https://www.sec.gov/Archives/edgar/data/858877/0000891618-97-004868.txt"
  },
  {
    "date": "1997-07-26",
    "symbol": "CSCO",
    "reportedCurrency": "USD",
    "cik": "0000858877",
    "fillingDate": "1997-10-22",
    "acceptedDate": "1997-10-22 00:00:00",
    "calendarYear": "1997",
    "period": "Q4",
    "revenue": 1765097000,
    "costOfRevenue": 616040000,
    "grossProfit": 1149057000,
    "grossProfitRatio": 0.6509880194,
    "researchAndDevelopmentExpenses": 492700000,
    "generalAndAdministrativeExpenses": 56425000,
    "sellingAndMarketingExpenses": 313479000,
    "sellingGeneralAndAdministrativeExpenses": 369904000,
    "otherExpenses": 0,
    "operatingExpenses": 862604000,
    "costAndExpenses": 1478644000,
    "interestIncome": 0,
    "interestExpense": 0,
    "depreciationAndAmortization": 61156000,
    "ebitda": 347609000,
    "ebitdaratio": 0.196934786,
    "operatingIncome": 286453000,
    "operatingIncomeRatio": 0.1622873984,
    "totalOtherIncomeExpensesNet": 49248000,
    "incomeBeforeTax": 335701000,
    "incomeBeforeTaxRatio": 0.1901884146,
    "incomeTaxExpense": 184744000,
    "netIncome": 150957000,
    "netIncomeRatio": 0.0855233452,
    "eps": 0.0233,
    "epsdiluted": 0.0233,
    "weightedAverageShsOut": 6144298000,
    "weightedAverageShsOutDil": 6467062000,
    "link": "https://www.sec.gov/Archives/edgar/data/858877/000089161897004205/0000891618-97-004205-index.htm",
    "finalLink": "https://www.sec.gov/Archives/edgar/data/858877/0000891618-97-004205.txt"
  },
  {
    "date": "1997-04-26",
    "symbol": "CSCO",
    "reportedCurrency": "USD",
    "cik": "0000858877",
    "fillingDate": "1997-06-10",
    "acceptedDate": "1997-06-10 00:00:00",
    "calendarYear": "1997",
    "period": "Q3",
    "revenue": 1647871000,
    "costOfRevenue": 571339000,
    "grossProfit": 1076532000,
    "grossProfitRatio": 0.653286574,
    "researchAndDevelopmentExpenses": 183714000,
    "generalAndAdministrativeExpenses": 54349000,
    "sellingAndMarketingExpenses": 299339000,
    "sellingGeneralAndAdministrativeExpenses": 353688000,
    "otherExpenses": 0,
    "operatingExpenses": 537402000,
    "costAndExpenses": 1108741000,
    "interestIncome": 0,
    "interestExpense": 0,
    "depreciationAndAmortization": 52503000,
    "ebitda": 591633000,
    "ebitdaratio": 0.3590287104,
    "operatingIncome": 539130000,
    "operatingIncomeRatio": 0.3271675999,
    "totalOtherIncomeExpensesNet": 61381000,
    "incomeBeforeTax": 600511000,
    "incomeBeforeTaxRatio": 0.364416268,
    "incomeTaxExpense": 222190000,
    "netIncome": 378321000,
    "netIncomeRatio": 0.2295816845,
    "eps": 0.0633,
    "epsdiluted": 0.0617,
    "weightedAverageShsOut": 5976102000,
    "weightedAverageShsOutDil": 6196062000,
    "link": "https://www.sec.gov/Archives/edgar/data/858877/000089161897002545/0000891618-97-002545-index.htm",
    "finalLink": "https://www.sec.gov/Archives/edgar/data/858877/0000891618-97-002545.txt"
  },
  {
    "date": "1997-01-25",
    "symbol": "CSCO",
    "reportedCurrency": "USD",
    "cik": "0000858877",
    "fillingDate": "1997-03-10",
    "acceptedDate": "1997-03-10 00:00:00",
    "calendarYear": "1997",
    "period": "Q2",
    "revenue": 1592377000,
    "costOfRevenue": 552519000,
    "grossProfit": 1039858000,
    "grossProfitRatio": 0.653022494,
    "researchAndDevelopmentExpenses": 210855000,
    "generalAndAdministrativeExpenses": 52111000,
    "sellingAndMarketingExpenses": 288341000,
    "sellingGeneralAndAdministrativeExpenses": 340452000,
    "otherExpenses": 0,
    "operatingExpenses": 551307000,
    "costAndExpenses": 1103826000,
    "interestIncome": 0,
    "interestExpense": 0,
    "depreciationAndAmortization": 54796000,
    "ebitda": 543347000,
    "ebitdaratio": 0.3412175634,
    "operatingIncome": 488551000,
    "operatingIncomeRatio": 0.3068061144,
    "totalOtherIncomeExpensesNet": 74363000,
    "incomeBeforeTax": 562914000,
    "incomeBeforeTaxRatio": 0.3535054827,
    "incomeTaxExpense": 224455000,
    "netIncome": 338459000,
    "netIncomeRatio": 0.2125495407,
    "eps": 0.0567,
    "epsdiluted": 0.055,
    "weightedAverageShsOut": 5928654000,
    "weightedAverageShsOutDil": 6212736000,
    "link": "https://www.sec.gov/Archives/edgar/data/858877/000089161897001083/0000891618-97-001083-index.htm",
    "finalLink": "https://www.sec.gov/Archives/edgar/data/858877/0000891618-97-001083.txt"
  },
  {
    "date": "1996-10-26",
    "symbol": "CSCO",
    "reportedCurrency": "USD",
    "cik": "0000858877",
    "fillingDate": "1996-12-10",
    "acceptedDate": "1996-12-10 00:00:00",
    "calendarYear": "1997",
    "period": "Q1",
    "revenue": 1434826000,
    "costOfRevenue": 501480000,
    "grossProfit": 933346000,
    "grossProfitRatio": 0.6504942063,
    "researchAndDevelopmentExpenses": 319300000,
    "generalAndAdministrativeExpenses": 41776000,
    "sellingAndMarketingExpenses": 259110000,
    "sellingGeneralAndAdministrativeExpenses": 300886000,
    "otherExpenses": 0,
    "operatingExpenses": 620186000,
    "costAndExpenses": 1121666000,
    "interestIncome": 0,
    "interestExpense": 0,
    "depreciationAndAmortization": 43745000,
    "ebitda": 356905000,
    "ebitdaratio": 0.2487444471,
    "operatingIncome": 313160000,
    "operatingIncomeRatio": 0.2182564297,
    "totalOtherIncomeExpensesNet": 76586000,
    "incomeBeforeTax": 389746000,
    "incomeBeforeTaxRatio": 0.2716329367,
    "incomeTaxExpense": 208804000,
    "netIncome": 180942000,
    "netIncomeRatio": 0.1261072771,
    "eps": 0.0289,
    "epsdiluted": 0.0289,
    "weightedAverageShsOut": 6146262000,
    "weightedAverageShsOutDil": 6146262000,
    "link": "https://www.sec.gov/Archives/edgar/data/858877/000089161896003015/0000891618-96-003015-index.htm",
    "finalLink": "https://www.sec.gov/Archives/edgar/data/858877/0000891618-96-003015.txt"
  },
  {
    "date": "1996-07-28",
    "symbol": "CSCO",
    "reportedCurrency": "USD",
    "cik": "0000858877",
    "fillingDate": "1996-10-25",
    "acceptedDate": "1996-10-25 00:00:00",
    "calendarYear": "1996",
    "period": "Q4",
    "revenue": 1574187000,
    "costOfRevenue": 559080000,
    "grossProfit": 1015107000,
    "grossProfitRatio": 0.6448452439,
    "researchAndDevelopmentExpenses": 173887000,
    "generalAndAdministrativeExpenses": 70322000,
    "sellingAndMarketingExpenses": 280555000,
    "sellingGeneralAndAdministrativeExpenses": 350877000,
    "otherExpenses": 0,
    "operatingExpenses": 524764000,
    "costAndExpenses": 1083844000,
    "interestIncome": 0,
    "interestExpense": 0,
    "depreciationAndAmortization": 67264000,
    "ebitda": 557607000,
    "ebitdaratio": 0.354219035,
    "operatingIncome": 490343000,
    "operatingIncomeRatio": 0.3114896769,
    "totalOtherIncomeExpensesNet": 22839000,
    "incomeBeforeTax": 513182000,
    "incomeBeforeTaxRatio": 0.3259981184,
    "incomeTaxExpense": 194635000,
    "netIncome": 318547000,
    "netIncomeRatio": 0.202356518,
    "eps": 0.0533,
    "epsdiluted": 0.0474,
    "weightedAverageShsOut": 5055084000,
    "weightedAverageShsOutDil": 5837715999,
    "link": "https://www.sec.gov/Archives/edgar/data/858877/000095014996001640/0000950149-96-001640-index.htm",
    "finalLink": "https://www.sec.gov/Archives/edgar/data/858877/0000950149-96-001640.txt"
  },
  {
    "date": "1996-04-28",
    "symbol": "CSCO",
    "reportedCurrency": "USD",
    "cik": "0000858877",
    "fillingDate": "1996-06-12",
    "acceptedDate": "1996-06-12 00:00:00",
    "calendarYear": "1996",
    "period": "Q3",
    "revenue": 985147000,
    "costOfRevenue": 338782000,
    "grossProfit": 646365000,
    "grossProfitRatio": 0.6561102049,
    "researchAndDevelopmentExpenses": 89277000,
    "generalAndAdministrativeExpenses": 34886000,
    "sellingAndMarketingExpenses": 169817000,
    "sellingGeneralAndAdministrativeExpenses": 204703000,
    "otherExpenses": 0,
    "operatingExpenses": 293980000,
    "costAndExpenses": 632762000,
    "interestIncome": 0,
    "interestExpense": 0,
    "depreciationAndAmortization": 20791000,
    "ebitda": 397363000,
    "ebitdaratio": 0.4033540172,
    "operatingIncome": 352385000,
    "operatingIncomeRatio": 0.3576978867,
    "totalOtherIncomeExpensesNet": 15103000,
    "incomeBeforeTax": 367488000,
    "incomeBeforeTaxRatio": 0.3730285937,
    "incomeTaxExpense": 137808000,
    "netIncome": 229680000,
    "netIncomeRatio": 0.2331428711,
    "eps": 0.0411,
    "epsdiluted": 0.0411,
    "weightedAverageShsOut": 6029640000,
    "weightedAverageShsOutDil": 6029640000,
    "link": "https://www.sec.gov/Archives/edgar/data/858877/000095014996000703/0000950149-96-000703-index.htm",
    "finalLink": "https://www.sec.gov/Archives/edgar/data/858877/0000950149-96-000703.txt"
  },
  {
    "date": "1996-01-28",
    "symbol": "CSCO",
    "reportedCurrency": "USD",
    "cik": "0000858877",
    "fillingDate": "1996-03-13",
    "acceptedDate": "1996-03-13 00:00:00",
    "calendarYear": "1996",
    "period": "Q2",
    "revenue": 826482000,
    "costOfRevenue": 277597000,
    "grossProfit": 548885000,
    "grossProfitRatio": 0.6641221466,
    "researchAndDevelopmentExpenses": 73262000,
    "generalAndAdministrativeExpenses": 28826000,
    "sellingAndMarketingExpenses": 146895000,
    "sellingGeneralAndAdministrativeExpenses": 175721000,
    "otherExpenses": 0,
    "operatingExpenses": 248983000,
    "costAndExpenses": 526580000,
    "interestIncome": 0,
    "interestExpense": 0,
    "depreciationAndAmortization": 25974000,
    "ebitda": 347485000,
    "ebitdaratio": 0.4204386786,
    "operatingIncome": 299902000,
    "operatingIncomeRatio": 0.3628657369,
    "totalOtherIncomeExpensesNet": 14258000,
    "incomeBeforeTax": 314160000,
    "incomeBeforeTaxRatio": 0.3801171713,
    "incomeTaxExpense": 117810000,
    "netIncome": 196350000,
    "netIncomeRatio": 0.2375732321,
    "eps": 0.0344,
    "epsdiluted": 0.0344,
    "weightedAverageShsOut": 5995593000,
    "weightedAverageShsOutDil": 5995593000,
    "link": "https://www.sec.gov/Archives/edgar/data/858877/000095014996000218/0000950149-96-000218-index.htm",
    "finalLink": "https://www.sec.gov/Archives/edgar/data/858877/0000950149-96-000218.txt"
  },
  {
    "date": "1995-10-29",
    "symbol": "CSCO",
    "reportedCurrency": "USD",
    "cik": "0000858877",
    "fillingDate": "1995-12-12",
    "acceptedDate": "1995-12-12 00:00:00",
    "calendarYear": "1996",
    "period": "Q1",
    "revenue": 710191000,
    "costOfRevenue": 234403000,
    "grossProfit": 475788000,
    "grossProfitRatio": 0.6699437194,
    "researchAndDevelopmentExpenses": 62865000,
    "generalAndAdministrativeExpenses": 25736000,
    "sellingAndMarketingExpenses": 129011000,
    "sellingGeneralAndAdministrativeExpenses": 154747000,
    "otherExpenses": 0,
    "operatingExpenses": 217612000,
    "costAndExpenses": 452015000,
    "interestIncome": 0,
    "interestExpense": 0,
    "depreciationAndAmortization": 26824000,
    "ebitda": 305675000,
    "ebitdaratio": 0.430412382,
    "operatingIncome": 258176000,
    "operatingIncomeRatio": 0.3635303742,
    "totalOtherIncomeExpensesNet": 11819000,
    "incomeBeforeTax": 269995000,
    "incomeBeforeTaxRatio": 0.3801723762,
    "incomeTaxExpense": 101248000,
    "netIncome": 168747000,
    "netIncomeRatio": 0.2376079111,
    "eps": 0.0311,
    "epsdiluted": 0.0311,
    "weightedAverageShsOut": 5869566000,
    "weightedAverageShsOutDil": 5869566000,
    "link": "https://www.sec.gov/Archives/edgar/data/858877/000095014995000869/0000950149-95-000869-index.htm",
    "finalLink": "https://www.sec.gov/Archives/edgar/data/858877/0000950149-95-000869.txt"
  }
]