[
  {
    "date": "2024-12-31",
    "symbol": "CSGP",
    "reportedCurrency": "USD",
    "cik": "0001057352",
    "fillingDate": "2025-02-20",
    "acceptedDate": "2025-02-19 17:48:29",
    "calendarYear": "2024",
    "period": "FY",
    "revenue": 2736200000,
    "costOfRevenue": 558500000,
    "grossProfit": 2177700000,
    "grossProfitRatio": 0.7958848037,
    "researchAndDevelopmentExpenses": 325300000,
    "generalAndAdministrativeExpenses": 439100000,
    "sellingAndMarketingExpenses": 1364300000,
    "sellingGeneralAndAdministrativeExpenses": 1803400000,
    "otherExpenses": 44300000,
    "operatingExpenses": 2173000000,
    "costAndExpenses": 2731500000,
    "interestIncome": 239900000,
    "interestExpense": 27400000,
    "depreciationAndAmortization": 146900000,
    "ebitda": 151600000,
    "ebitdaratio": 0.0554053066,
    "operatingIncome": 4700000,
    "operatingIncomeRatio": 0.0017177107,
    "totalOtherIncomeExpensesNet": 205400000,
    "incomeBeforeTax": 210100000,
    "incomeBeforeTaxRatio": 0.0767853227,
    "incomeTaxExpense": 71400000,
    "netIncome": 138700000,
    "netIncomeRatio": 0.050690739,
    "eps": 0.34,
    "epsdiluted": 0.34,
    "weightedAverageShsOut": 406300000,
    "weightedAverageShsOutDil": 407800000,
    "link": "https://www.sec.gov/Archives/edgar/data/1057352/000105735225000016/0001057352-25-000016-index.htm",
    "finalLink": "https://www.sec.gov/Archives/edgar/data/1057352/000105735225000016/csgp-20241231.htm"
  },
  {
    "date": "2023-12-31",
    "symbol": "CSGP",
    "reportedCurrency": "USD",
    "cik": "0001057352",
    "fillingDate": "2024-02-22",
    "acceptedDate": "2024-02-21 18:04:05",
    "calendarYear": "2023",
    "period": "FY",
    "revenue": 2455000000,
    "costOfRevenue": 491500000,
    "grossProfit": 1963500000,
    "grossProfitRatio": 0.799796334,
    "researchAndDevelopmentExpenses": 267600000,
    "generalAndAdministrativeExpenses": 381500000,
    "sellingAndMarketingExpenses": 989900000,
    "sellingGeneralAndAdministrativeExpenses": 1371400000,
    "otherExpenses": 42200000,
    "operatingExpenses": 1681200000,
    "costAndExpenses": 2172700000,
    "interestIncome": 245000000,
    "interestExpense": 31400000,
    "depreciationAndAmortization": 107500000,
    "ebitda": 389800000,
    "ebitdaratio": 0.1587780041,
    "operatingIncome": 282300000,
    "operatingIncomeRatio": 0.1149898167,
    "totalOtherIncomeExpensesNet": 219000000,
    "incomeBeforeTax": 501300000,
    "incomeBeforeTaxRatio": 0.2041955193,
    "incomeTaxExpense": 126600000,
    "netIncome": 374700000,
    "netIncomeRatio": 0.1526272912,
    "eps": 0.92,
    "epsdiluted": 0.92,
    "weightedAverageShsOut": 405300000,
    "weightedAverageShsOutDil": 406900000,
    "link": "https://www.sec.gov/Archives/edgar/data/1057352/000105735224000013/0001057352-24-000013-index.htm",
    "finalLink": "https://www.sec.gov/Archives/edgar/data/1057352/000105735224000013/csgp-20231231.htm"
  },
  {
    "date": "2022-12-31",
    "symbol": "CSGP",
    "reportedCurrency": "USD",
    "cik": "0001057352",
    "fillingDate": "2023-02-22",
    "acceptedDate": "2023-02-22 16:33:56",
    "calendarYear": "2022",
    "period": "FY",
    "revenue": 2182399000,
    "costOfRevenue": 414000000,
    "grossProfit": 1768400000,
    "grossProfitRatio": 0.8103009578,
    "researchAndDevelopmentExpenses": 220900000,
    "generalAndAdministrativeExpenses": 338737000,
    "sellingAndMarketingExpenses": 684222000,
    "sellingGeneralAndAdministrativeExpenses": 1022900000,
    "otherExpenses": 73600000,
    "operatingExpenses": 1317400000,
    "costAndExpenses": 1731400000,
    "interestIncome": 32125000,
    "interestExpense": 0,
    "depreciationAndAmortization": 137900000,
    "ebitda": 588900000,
    "ebitdaratio": 0.2698406662,
    "operatingIncome": 451000000,
    "operatingIncomeRatio": 0.2066533205,
    "totalOtherIncomeExpensesNet": 35508000,
    "incomeBeforeTax": 486457000,
    "incomeBeforeTaxRatio": 0.2229001205,
    "incomeTaxExpense": 117004000,
    "netIncome": 369500000,
    "netIncomeRatio": 0.1693090952,
    "eps": 0.93,
    "epsdiluted": 0.93,
    "weightedAverageShsOut": 396284000,
    "weightedAverageShsOutDil": 397752000,
    "link": "https://www.sec.gov/Archives/edgar/data/1057352/000105735223000030/0001057352-23-000030-index.htm",
    "finalLink": "https://www.sec.gov/Archives/edgar/data/1057352/000105735223000030/csgp-20221231.htm"
  },
  {
    "date": "2021-12-31",
    "symbol": "CSGP",
    "reportedCurrency": "USD",
    "cik": "0001057352",
    "fillingDate": "2022-02-23",
    "acceptedDate": "2022-02-23 16:40:08",
    "calendarYear": "2021",
    "period": "FY",
    "revenue": 1944135000,
    "costOfRevenue": 357200000,
    "grossProfit": 1586900000,
    "grossProfitRatio": 0.8162499003,
    "researchAndDevelopmentExpenses": 201000000,
    "generalAndAdministrativeExpenses": 256711000,
    "sellingAndMarketingExpenses": 622007000,
    "sellingGeneralAndAdministrativeExpenses": 878800000,
    "otherExpenses": 74800000,
    "operatingExpenses": 1154600000,
    "costAndExpenses": 1511800000,
    "interestIncome": 0,
    "interestExpense": 31621000,
    "depreciationAndAmortization": 139558000,
    "ebitda": 571858000,
    "ebitdaratio": 0.2941452111,
    "operatingIncome": 432300000,
    "operatingIncomeRatio": 0.2223611015,
    "totalOtherIncomeExpensesNet": -28369000,
    "incomeBeforeTax": 403968000,
    "incomeBeforeTaxRatio": 0.2077880394,
    "incomeTaxExpense": 111404000,
    "netIncome": 292600000,
    "netIncomeRatio": 0.1505039516,
    "eps": 0.75,
    "epsdiluted": 0.74,
    "weightedAverageShsOut": 392210000,
    "weightedAverageShsOutDil": 394160000,
    "link": "https://www.sec.gov/Archives/edgar/data/1057352/000105735222000027/0001057352-22-000027-index.htm",
    "finalLink": "https://www.sec.gov/Archives/edgar/data/1057352/000105735222000027/csgp-20211231.htm"
  },
  {
    "date": "2020-12-31",
    "symbol": "CSGP",
    "reportedCurrency": "USD",
    "cik": "0001057352",
    "fillingDate": "2021-02-24",
    "acceptedDate": "2021-02-24 16:27:24",
    "calendarYear": "2020",
    "period": "FY",
    "revenue": 1659019000,
    "costOfRevenue": 308968000,
    "grossProfit": 1350051000,
    "grossProfitRatio": 0.8137646404,
    "researchAndDevelopmentExpenses": 162916000,
    "generalAndAdministrativeExpenses": 299698000,
    "sellingAndMarketingExpenses": 535778000,
    "sellingGeneralAndAdministrativeExpenses": 835476000,
    "otherExpenses": 62457000,
    "operatingExpenses": 1060849000,
    "costAndExpenses": 1369817000,
    "interestIncome": 0,
    "interestExpense": 17395000,
    "depreciationAndAmortization": 116944000,
    "ebitda": 406146000,
    "ebitdaratio": 0.2448109395,
    "operatingIncome": 289202000,
    "operatingIncomeRatio": 0.1743210898,
    "totalOtherIncomeExpensesNet": -18222000,
    "incomeBeforeTax": 270980000,
    "incomeBeforeTaxRatio": 0.1633374904,
    "incomeTaxExpense": 43852000,
    "netIncome": 227128000,
    "netIncomeRatio": 0.1369050023,
    "eps": 0.6,
    "epsdiluted": 0.59,
    "weightedAverageShsOut": 380730000,
    "weightedAverageShsOutDil": 383260000,
    "link": "https://www.sec.gov/Archives/edgar/data/1057352/000105735221000032/0001057352-21-000032-index.htm",
    "finalLink": "https://www.sec.gov/Archives/edgar/data/1057352/000105735221000032/csgp-20201231.htm"
  },
  {
    "date": "2019-12-31",
    "symbol": "CSGP",
    "reportedCurrency": "USD",
    "cik": "0001057352",
    "fillingDate": "2020-02-26",
    "acceptedDate": "2020-02-26 16:15:47",
    "calendarYear": "2019",
    "period": "FY",
    "revenue": 1399719000,
    "costOfRevenue": 289239000,
    "grossProfit": 1110480000,
    "grossProfitRatio": 0.7933592385,
    "researchAndDevelopmentExpenses": 125602000,
    "generalAndAdministrativeExpenses": 178740000,
    "sellingAndMarketingExpenses": 408596000,
    "sellingGeneralAndAdministrativeExpenses": 587336000,
    "otherExpenses": 33995000,
    "operatingExpenses": 746933000,
    "costAndExpenses": 1036172000,
    "interestIncome": 19017000,
    "interestExpense": 2615000,
    "depreciationAndAmortization": 81165000,
    "ebitda": 444712000,
    "ebitdaratio": 0.3177151986,
    "operatingIncome": 363547000,
    "operatingIncomeRatio": 0.2597285598,
    "totalOtherIncomeExpensesNet": 27402000,
    "incomeBeforeTax": 390949000,
    "incomeBeforeTaxRatio": 0.2793053463,
    "incomeTaxExpense": 75986000,
    "netIncome": 314963000,
    "netIncomeRatio": 0.2250187359,
    "eps": 0.87,
    "epsdiluted": 0.86,
    "weightedAverageShsOut": 363100000,
    "weightedAverageShsOutDil": 366300000,
    "link": "https://www.sec.gov/Archives/edgar/data/1057352/000105735220000036/0001057352-20-000036-index.htm",
    "finalLink": "https://www.sec.gov/Archives/edgar/data/1057352/000105735220000036/csgp20191231-10k.htm"
  },
  {
    "date": "2018-12-31",
    "symbol": "CSGP",
    "reportedCurrency": "USD",
    "cik": "0001057352",
    "fillingDate": "2019-02-28",
    "acceptedDate": "2019-02-28 14:04:18",
    "calendarYear": "2018",
    "period": "FY",
    "revenue": 1191832000,
    "costOfRevenue": 269933000,
    "grossProfit": 921899000,
    "grossProfitRatio": 0.7735142201,
    "researchAndDevelopmentExpenses": 100937000,
    "generalAndAdministrativeExpenses": 156659000,
    "sellingAndMarketingExpenses": 359858000,
    "sellingGeneralAndAdministrativeExpenses": 516517000,
    "otherExpenses": 30881000,
    "operatingExpenses": 648335000,
    "costAndExpenses": 918268000,
    "interestIncome": 13281000,
    "interestExpense": 2830000,
    "depreciationAndAmortization": 77743000,
    "ebitda": 351307000,
    "ebitdaratio": 0.2947621812,
    "operatingIncome": 273564000,
    "operatingIncomeRatio": 0.2295323502,
    "totalOtherIncomeExpensesNet": 10451000,
    "incomeBeforeTax": 284015000,
    "incomeBeforeTaxRatio": 0.2383012035,
    "incomeTaxExpense": 45681000,
    "netIncome": 238334000,
    "netIncomeRatio": 0.199972815,
    "eps": 0.66,
    "epsdiluted": 0.65,
    "weightedAverageShsOut": 360580000,
    "weightedAverageShsOutDil": 364480000,
    "link": "https://www.sec.gov/Archives/edgar/data/1057352/000105735219000017/0001057352-19-000017-index.htm",
    "finalLink": "https://www.sec.gov/Archives/edgar/data/1057352/000105735219000017/csgp20181231-10k.htm"
  },
  {
    "date": "2017-12-31",
    "symbol": "CSGP",
    "reportedCurrency": "USD",
    "cik": "0001057352",
    "fillingDate": "2018-02-23",
    "acceptedDate": "2018-02-22 19:09:26",
    "calendarYear": "2017",
    "period": "FY",
    "revenue": 965230000,
    "costOfRevenue": 220403000,
    "grossProfit": 744827000,
    "grossProfitRatio": 0.7716575324,
    "researchAndDevelopmentExpenses": 88850000,
    "generalAndAdministrativeExpenses": 146128000,
    "sellingAndMarketingExpenses": 318362000,
    "sellingGeneralAndAdministrativeExpenses": 464490000,
    "otherExpenses": 17671000,
    "operatingExpenses": 571011000,
    "costAndExpenses": 791414000,
    "interestIncome": 4044000,
    "interestExpense": 9014000,
    "depreciationAndAmortization": 63643000,
    "ebitda": 237715000,
    "ebitdaratio": 0.2462780892,
    "operatingIncome": 173816000,
    "operatingIncomeRatio": 0.1800772873,
    "totalOtherIncomeExpensesNet": -8758000,
    "incomeBeforeTax": 165058000,
    "incomeBeforeTaxRatio": 0.1710038022,
    "incomeTaxExpense": 42363000,
    "netIncome": 122695000,
    "netIncomeRatio": 0.1271147809,
    "eps": 0.37,
    "epsdiluted": 0.37,
    "weightedAverageShsOut": 332000000,
    "weightedAverageShsOutDil": 335590000,
    "link": "https://www.sec.gov/Archives/edgar/data/1057352/000105735218000011/0001057352-18-000011-index.htm",
    "finalLink": "https://www.sec.gov/Archives/edgar/data/1057352/000105735218000011/csgp20171231-10k.htm"
  },
  {
    "date": "2016-12-31",
    "symbol": "CSGP",
    "reportedCurrency": "USD",
    "cik": "0001057352",
    "fillingDate": "2017-02-24",
    "acceptedDate": "2017-02-23 18:21:15",
    "calendarYear": "2016",
    "period": "FY",
    "revenue": 837630000,
    "costOfRevenue": 173814000,
    "grossProfit": 663816000,
    "grossProfitRatio": 0.7924931055,
    "researchAndDevelopmentExpenses": 76400000,
    "generalAndAdministrativeExpenses": 123297000,
    "sellingAndMarketingExpenses": 296483000,
    "sellingGeneralAndAdministrativeExpenses": 419780000,
    "otherExpenses": 22731000,
    "operatingExpenses": 518911000,
    "costAndExpenses": 692725000,
    "interestIncome": 1773000,
    "interestExpense": 10016000,
    "depreciationAndAmortization": 70165000,
    "ebitda": 216843000,
    "ebitdaratio": 0.2588768311,
    "operatingIncome": 144905000,
    "operatingIncomeRatio": 0.1729940427,
    "totalOtherIncomeExpensesNet": -8243000,
    "incomeBeforeTax": 136662000,
    "incomeBeforeTaxRatio": 0.1631531822,
    "incomeTaxExpense": 51591000,
    "netIncome": 85071000,
    "netIncomeRatio": 0.1015615487,
    "eps": 0.26,
    "epsdiluted": 0.26,
    "weightedAverageShsOut": 321670000,
    "weightedAverageShsOutDil": 324360000,
    "link": "https://www.sec.gov/Archives/edgar/data/1057352/000105735217000008/0001057352-17-000008-index.htm",
    "finalLink": "https://www.sec.gov/Archives/edgar/data/1057352/000105735217000008/csgp20161231-10k.htm"
  },
  {
    "date": "2015-12-31",
    "symbol": "CSGP",
    "reportedCurrency": "USD",
    "cik": "0001057352",
    "fillingDate": "2016-02-26",
    "acceptedDate": "2016-02-25 18:57:53",
    "calendarYear": "2015",
    "period": "FY",
    "revenue": 711764000,
    "costOfRevenue": 188885000,
    "grossProfit": 522879000,
    "grossProfitRatio": 0.734624117,
    "researchAndDevelopmentExpenses": 65760000,
    "generalAndAdministrativeExpenses": 115507000,
    "sellingAndMarketingExpenses": 302226000,
    "sellingGeneralAndAdministrativeExpenses": 417733000,
    "otherExpenses": 27931000,
    "operatingExpenses": 511424000,
    "costAndExpenses": 700309000,
    "interestIncome": 537000,
    "interestExpense": 9411000,
    "depreciationAndAmortization": 78532000,
    "ebitda": 90524000,
    "ebitdaratio": 0.1271826055,
    "operatingIncome": 11455000,
    "operatingIncomeRatio": 0.0160938176,
    "totalOtherIncomeExpensesNet": -8874000,
    "incomeBeforeTax": 2581000,
    "incomeBeforeTaxRatio": 0.0036262019,
    "incomeTaxExpense": 6046000,
    "netIncome": -3465000,
    "netIncomeRatio": -0.0048681866,
    "eps": -0.011,
    "epsdiluted": -0.0108,
    "weightedAverageShsOut": 315000000,
    "weightedAverageShsOutDil": 319500000,
    "link": "https://www.sec.gov/Archives/edgar/data/1057352/000105735216000103/0001057352-16-000103-index.htm",
    "finalLink": "https://www.sec.gov/Archives/edgar/data/1057352/000105735216000103/csgp20151231-10k.htm"
  },
  {
    "date": "2014-12-31",
    "symbol": "CSGP",
    "reportedCurrency": "USD",
    "cik": "0001057352",
    "fillingDate": "2015-02-26",
    "acceptedDate": "2015-02-26 16:14:32",
    "calendarYear": "2014",
    "period": "FY",
    "revenue": 575936000,
    "costOfRevenue": 156979000,
    "grossProfit": 418957000,
    "grossProfitRatio": 0.7274367291,
    "researchAndDevelopmentExpenses": 55426000,
    "generalAndAdministrativeExpenses": 103916000,
    "sellingAndMarketingExpenses": 150305000,
    "sellingGeneralAndAdministrativeExpenses": 254221000,
    "otherExpenses": 28432000,
    "operatingExpenses": 338079000,
    "costAndExpenses": 495058000,
    "interestIncome": 516000,
    "interestExpense": 10481000,
    "depreciationAndAmortization": 70372000,
    "ebitda": 151766000,
    "ebitdaratio": 0.263511918,
    "operatingIncome": 80878000,
    "operatingIncomeRatio": 0.1404287976,
    "totalOtherIncomeExpensesNet": -9965000,
    "incomeBeforeTax": 70913000,
    "incomeBeforeTaxRatio": 0.1231265279,
    "incomeTaxExpense": 26044000,
    "netIncome": 44869000,
    "netIncomeRatio": 0.0779062257,
    "eps": 0.15,
    "epsdiluted": 0.15,
    "weightedAverageShsOut": 302150000,
    "weightedAverageShsOutDil": 306410000,
    "link": "https://www.sec.gov/Archives/edgar/data/1057352/000105735215000012/0001057352-15-000012-index.htm",
    "finalLink": "https://www.sec.gov/Archives/edgar/data/1057352/000105735215000012/csgp-10k_20141231.htm"
  },
  {
    "date": "2013-12-31",
    "symbol": "CSGP",
    "reportedCurrency": "USD",
    "cik": "0001057352",
    "fillingDate": "2014-02-20",
    "acceptedDate": "2014-02-20 16:40:09",
    "calendarYear": "2013",
    "period": "FY",
    "revenue": 440943000,
    "costOfRevenue": 129185000,
    "grossProfit": 311758000,
    "grossProfitRatio": 0.7070256246,
    "researchAndDevelopmentExpenses": 46757000,
    "generalAndAdministrativeExpenses": 96956000,
    "sellingAndMarketingExpenses": 98708000,
    "sellingGeneralAndAdministrativeExpenses": 195664000,
    "otherExpenses": 15183000,
    "operatingExpenses": 257604000,
    "costAndExpenses": 386789000,
    "interestIncome": 326000,
    "interestExpense": 6943000,
    "depreciationAndAmortization": 40058000,
    "ebitda": 94538000,
    "ebitdaratio": 0.2143995936,
    "operatingIncome": 54154000,
    "operatingIncomeRatio": 0.1228140599,
    "totalOtherIncomeExpensesNet": -6617000,
    "incomeBeforeTax": 47537000,
    "incomeBeforeTaxRatio": 0.1078075851,
    "incomeTaxExpense": 17803000,
    "netIncome": 29734000,
    "netIncomeRatio": 0.0674327521,
    "eps": 0.11,
    "epsdiluted": 0.11,
    "weightedAverageShsOut": 276700000,
    "weightedAverageShsOutDil": 282120000,
    "link": "https://www.sec.gov/Archives/edgar/data/1057352/000105735214000006/0001057352-14-000006-index.htm",
    "finalLink": "https://www.sec.gov/Archives/edgar/data/1057352/000105735214000006/csgp20131231-10k.htm"
  },
  {
    "date": "2012-12-31",
    "symbol": "CSGP",
    "reportedCurrency": "USD",
    "cik": "0001057352",
    "fillingDate": "2013-03-01",
    "acceptedDate": "2013-02-28 17:58:52",
    "calendarYear": "2012",
    "period": "FY",
    "revenue": 349936000,
    "costOfRevenue": 114866000,
    "grossProfit": 235070000,
    "grossProfitRatio": 0.671751406,
    "researchAndDevelopmentExpenses": 32756000,
    "generalAndAdministrativeExpenses": 77154000,
    "sellingAndMarketingExpenses": 84113000,
    "sellingGeneralAndAdministrativeExpenses": 161267000,
    "otherExpenses": 13607000,
    "operatingExpenses": 207630000,
    "costAndExpenses": 322496000,
    "interestIncome": 526000,
    "interestExpense": 4832000,
    "depreciationAndAmortization": 32752000,
    "ebitda": 60718000,
    "ebitdaratio": 0.1735117279,
    "operatingIncome": 27440000,
    "operatingIncomeRatio": 0.0784143386,
    "totalOtherIncomeExpensesNet": -4306000,
    "incomeBeforeTax": 23134000,
    "incomeBeforeTaxRatio": 0.0661092314,
    "incomeTaxExpense": 13219000,
    "netIncome": 9915000,
    "netIncomeRatio": 0.0283337525,
    "eps": 0.037,
    "epsdiluted": 0.037,
    "weightedAverageShsOut": 265330000,
    "weightedAverageShsOutDil": 269490000,
    "link": "https://www.sec.gov/Archives/edgar/data/1057352/000105735213000013/0001057352-13-000013-index.htm",
    "finalLink": "https://www.sec.gov/Archives/edgar/data/1057352/000105735213000013/csgp20121231-10k.htm"
  },
  {
    "date": "2011-12-31",
    "symbol": "CSGP",
    "reportedCurrency": "USD",
    "cik": "0001057352",
    "fillingDate": "2012-02-23",
    "acceptedDate": "2012-02-23 17:23:31",
    "calendarYear": "2011",
    "period": "FY",
    "revenue": 251738000,
    "costOfRevenue": 88167000,
    "grossProfit": 163571000,
    "grossProfitRatio": 0.6497668211,
    "researchAndDevelopmentExpenses": 20037000,
    "generalAndAdministrativeExpenses": 58362000,
    "sellingAndMarketingExpenses": 61164000,
    "sellingGeneralAndAdministrativeExpenses": 119526000,
    "otherExpenses": 2237000,
    "operatingExpenses": 141800000,
    "costAndExpenses": 229967000,
    "interestIncome": 798000,
    "interestExpense": 0,
    "depreciationAndAmortization": 12852000,
    "ebitda": 35421000,
    "ebitdaratio": 0.1407058132,
    "operatingIncome": 21771000,
    "operatingIncomeRatio": 0.0864827718,
    "totalOtherIncomeExpensesNet": 798000,
    "incomeBeforeTax": 22569000,
    "incomeBeforeTaxRatio": 0.0896527342,
    "incomeTaxExpense": 7913000,
    "netIncome": 14656000,
    "netIncomeRatio": 0.0582192597,
    "eps": 0.063,
    "epsdiluted": 0.062,
    "weightedAverageShsOut": 231310000,
    "weightedAverageShsOutDil": 235270000,
    "link": "https://www.sec.gov/Archives/edgar/data/1057352/000105735212000024/0001057352-12-000024-index.htm",
    "finalLink": "https://www.sec.gov/Archives/edgar/data/1057352/000105735212000024/form_10-k.htm"
  },
  {
    "date": "2010-12-31",
    "symbol": "CSGP",
    "reportedCurrency": "USD",
    "cik": "0001057352",
    "fillingDate": "2011-02-25",
    "acceptedDate": "2011-02-24 21:50:42",
    "calendarYear": "2010",
    "period": "FY",
    "revenue": 226260000,
    "costOfRevenue": 83599000,
    "grossProfit": 142661000,
    "grossProfitRatio": 0.6305179882,
    "researchAndDevelopmentExpenses": 17350000,
    "generalAndAdministrativeExpenses": 47776000,
    "sellingAndMarketingExpenses": 52455000,
    "sellingGeneralAndAdministrativeExpenses": 100231000,
    "otherExpenses": 2305000,
    "operatingExpenses": 119886000,
    "costAndExpenses": 203485000,
    "interestIncome": 735000,
    "interestExpense": 0,
    "depreciationAndAmortization": 13649000,
    "ebitda": 37159000,
    "ebitdaratio": 0.1642314152,
    "operatingIncome": 22775000,
    "operatingIncomeRatio": 0.1006585344,
    "totalOtherIncomeExpensesNet": 735000,
    "incomeBeforeTax": 23510000,
    "incomeBeforeTaxRatio": 0.1039070096,
    "incomeTaxExpense": 10221000,
    "netIncome": 13289000,
    "netIncomeRatio": 0.0587333157,
    "eps": 0.065,
    "epsdiluted": 0.064,
    "weightedAverageShsOut": 203300000,
    "weightedAverageShsOutDil": 207070000,
    "link": "https://www.sec.gov/Archives/edgar/data/1057352/000105735211000012/0001057352-11-000012-index.htm",
    "finalLink": "https://www.sec.gov/Archives/edgar/data/1057352/000105735211000012/form_10-k.htm"
  },
  {
    "date": "2009-12-31",
    "symbol": "CSGP",
    "reportedCurrency": "USD",
    "cik": "0001057352",
    "fillingDate": "2010-02-26",
    "acceptedDate": "2010-02-25 21:46:41",
    "calendarYear": "2009",
    "period": "FY",
    "revenue": 209659000,
    "costOfRevenue": 73714000,
    "grossProfit": 135945000,
    "grossProfitRatio": 0.6484100373,
    "researchAndDevelopmentExpenses": 13942000,
    "generalAndAdministrativeExpenses": 44248000,
    "sellingAndMarketingExpenses": 42508000,
    "sellingGeneralAndAdministrativeExpenses": 86756000,
    "otherExpenses": 3412000,
    "operatingExpenses": 104110000,
    "costAndExpenses": 177824000,
    "interestIncome": 1253000,
    "interestExpense": 0,
    "depreciationAndAmortization": 14676000,
    "ebitda": 46511000,
    "ebitdaratio": 0.2218411802,
    "operatingIncome": 31835000,
    "operatingIncomeRatio": 0.1518418003,
    "totalOtherIncomeExpensesNet": 1253000,
    "incomeBeforeTax": 33088000,
    "incomeBeforeTaxRatio": 0.1578181714,
    "incomeTaxExpense": 14395000,
    "netIncome": 18693000,
    "netIncomeRatio": 0.0891590631,
    "eps": 0.095,
    "epsdiluted": 0.094,
    "weightedAverageShsOut": 197800000,
    "weightedAverageShsOutDil": 199250000,
    "link": "https://www.sec.gov/Archives/edgar/data/1057352/000105735210000004/0001057352-10-000004-index.htm",
    "finalLink": "https://www.sec.gov/Archives/edgar/data/1057352/000105735210000004/form_10-k.htm"
  },
  {
    "date": "2008-12-31",
    "symbol": "CSGP",
    "reportedCurrency": "USD",
    "cik": "0001057352",
    "fillingDate": "2009-02-24",
    "acceptedDate": "2009-02-23 19:49:06",
    "calendarYear": "2008",
    "period": "FY",
    "revenue": 212428000,
    "costOfRevenue": 73408000,
    "grossProfit": 139020000,
    "grossProfitRatio": 0.6544335022,
    "researchAndDevelopmentExpenses": 12759000,
    "generalAndAdministrativeExpenses": 39888000,
    "sellingAndMarketingExpenses": 41705000,
    "sellingGeneralAndAdministrativeExpenses": 81593000,
    "otherExpenses": 4880000,
    "operatingExpenses": 99232000,
    "costAndExpenses": 172640000,
    "interestIncome": 4914000,
    "interestExpense": 0,
    "depreciationAndAmortization": 16801000,
    "ebitda": 56589000,
    "ebitdaratio": 0.2663914362,
    "operatingIncome": 39788000,
    "operatingIncomeRatio": 0.1873011091,
    "totalOtherIncomeExpensesNet": 4914000,
    "incomeBeforeTax": 44702000,
    "incomeBeforeTaxRatio": 0.2104336528,
    "incomeTaxExpense": 20079000,
    "netIncome": 24623000,
    "netIncomeRatio": 0.115912215,
    "eps": 0.13,
    "epsdiluted": 0.13,
    "weightedAverageShsOut": 193720000,
    "weightedAverageShsOutDil": 195500000,
    "link": "https://www.sec.gov/Archives/edgar/data/1057352/000105735209000013/0001057352-09-000013-index.htm",
    "finalLink": "https://www.sec.gov/Archives/edgar/data/1057352/000105735209000013/form_10-k.htm"
  },
  {
    "date": "2007-12-31",
    "symbol": "CSGP",
    "reportedCurrency": "USD",
    "cik": "0001057352",
    "fillingDate": "2008-02-29",
    "acceptedDate": "2008-02-28 20:38:34",
    "calendarYear": "2007",
    "period": "FY",
    "revenue": 192805000,
    "costOfRevenue": 76704000,
    "grossProfit": 116101000,
    "grossProfitRatio": 0.6021679936,
    "researchAndDevelopmentExpenses": 12453000,
    "generalAndAdministrativeExpenses": 36569000,
    "sellingAndMarketingExpenses": 51777000,
    "sellingGeneralAndAdministrativeExpenses": 88346000,
    "otherExpenses": -2550000,
    "operatingExpenses": 98249000,
    "costAndExpenses": 174953000,
    "interestIncome": 8045000,
    "interestExpense": 0,
    "depreciationAndAmortization": 16147000,
    "ebitda": 33999000,
    "ebitdaratio": 0.1763387879,
    "operatingIncome": 17852000,
    "operatingIncomeRatio": 0.0925909598,
    "totalOtherIncomeExpensesNet": 8045000,
    "incomeBeforeTax": 25897000,
    "incomeBeforeTaxRatio": 0.1343170561,
    "incomeTaxExpense": 9946000,
    "netIncome": 15951000,
    "netIncomeRatio": 0.082731257,
    "eps": 0.084,
    "epsdiluted": 0.082,
    "weightedAverageShsOut": 190440000,
    "weightedAverageShsOutDil": 194040000,
    "link": "https://www.sec.gov/Archives/edgar/data/1057352/000105735208000004/0001057352-08-000004-index.htm",
    "finalLink": "https://www.sec.gov/Archives/edgar/data/1057352/000105735208000004/form10k.htm"
  },
  {
    "date": "2006-12-31",
    "symbol": "CSGP",
    "reportedCurrency": "USD",
    "cik": "0001057352",
    "fillingDate": "2007-02-28",
    "acceptedDate": "2007-02-27 18:54:22",
    "calendarYear": "2006",
    "period": "FY",
    "revenue": 158889000,
    "costOfRevenue": 56136000,
    "grossProfit": 102753000,
    "grossProfitRatio": 0.6466967506,
    "researchAndDevelopmentExpenses": 12008000,
    "generalAndAdministrativeExpenses": 30707000,
    "sellingAndMarketingExpenses": 41774000,
    "sellingGeneralAndAdministrativeExpenses": 72481000,
    "otherExpenses": 4183000,
    "operatingExpenses": 88672000,
    "costAndExpenses": 144808000,
    "interestIncome": 6845000,
    "interestExpense": 0,
    "depreciationAndAmortization": 11810000,
    "ebitda": 25891000,
    "ebitdaratio": 0.1629502357,
    "operatingIncome": 14081000,
    "operatingIncomeRatio": 0.0886216163,
    "totalOtherIncomeExpensesNet": 6845000,
    "incomeBeforeTax": 20926000,
    "incomeBeforeTaxRatio": 0.1317020058,
    "incomeTaxExpense": 8516000,
    "netIncome": 12410000,
    "netIncomeRatio": 0.0781048405,
    "eps": 0.066,
    "epsdiluted": 0.065,
    "weightedAverageShsOut": 187510000,
    "weightedAverageShsOutDil": 191650000,
    "link": "https://www.sec.gov/Archives/edgar/data/1057352/000095013307000829/0000950133-07-000829-index.htm",
    "finalLink": "https://www.sec.gov/Archives/edgar/data/1057352/000095013307000829/w30982e10vk.htm"
  },
  {
    "date": "2005-12-31",
    "symbol": "CSGP",
    "reportedCurrency": "USD",
    "cik": "0001057352",
    "fillingDate": "2006-03-07",
    "acceptedDate": "2006-03-07 12:35:57",
    "calendarYear": "2005",
    "period": "FY",
    "revenue": 134338000,
    "costOfRevenue": 44286000,
    "grossProfit": 90052000,
    "grossProfitRatio": 0.6703389957,
    "researchAndDevelopmentExpenses": 10123000,
    "generalAndAdministrativeExpenses": 27550000,
    "sellingAndMarketingExpenses": 38351000,
    "sellingGeneralAndAdministrativeExpenses": 65901000,
    "otherExpenses": 6686000,
    "operatingExpenses": 82710000,
    "costAndExpenses": 126996000,
    "interestIncome": 3455000,
    "interestExpense": 0,
    "depreciationAndAmortization": 11714000,
    "ebitda": 21273000,
    "ebitdaratio": 0.1583543003,
    "operatingIncome": 7342000,
    "operatingIncomeRatio": 0.0546531882,
    "totalOtherIncomeExpensesNet": 3455000,
    "incomeBeforeTax": 10797000,
    "incomeBeforeTaxRatio": 0.0803718978,
    "incomeTaxExpense": 4340000,
    "netIncome": 6457000,
    "netIncomeRatio": 0.0480653278,
    "eps": 0.035,
    "epsdiluted": 0.034,
    "weightedAverageShsOut": 184530000,
    "weightedAverageShsOutDil": 190070000,
    "link": "https://www.sec.gov/Archives/edgar/data/1057352/000095013306001049/0000950133-06-001049-index.htm",
    "finalLink": "https://www.sec.gov/Archives/edgar/data/1057352/000095013306001049/w18205e10vk.htm"
  },
  {
    "date": "2004-12-31",
    "symbol": "CSGP",
    "reportedCurrency": "USD",
    "cik": "0001057352",
    "fillingDate": "2005-03-11",
    "acceptedDate": "2005-03-11 16:48:33",
    "calendarYear": "2004",
    "period": "FY",
    "revenue": 112085000,
    "costOfRevenue": 35384000,
    "grossProfit": 76701000,
    "grossProfitRatio": 0.684311014,
    "researchAndDevelopmentExpenses": 8492000,
    "generalAndAdministrativeExpenses": 27654000,
    "sellingAndMarketingExpenses": 29458000,
    "sellingGeneralAndAdministrativeExpenses": 57112000,
    "otherExpenses": 4351000,
    "operatingExpenses": 69955000,
    "costAndExpenses": 105339000,
    "interestIncome": 1314000,
    "interestExpense": 0,
    "depreciationAndAmortization": 13010000,
    "ebitda": 19756000,
    "ebitdaratio": 0.1762590891,
    "operatingIncome": 6746000,
    "operatingIncomeRatio": 0.0601864656,
    "totalOtherIncomeExpensesNet": 1314000,
    "incomeBeforeTax": 8060000,
    "incomeBeforeTaxRatio": 0.0719097114,
    "incomeTaxExpense": -16925000,
    "netIncome": 24985000,
    "netIncomeRatio": 0.2229111835,
    "eps": 0.14,
    "epsdiluted": 0.13,
    "weightedAverageShsOut": 181650000,
    "weightedAverageShsOutDil": 188270000,
    "link": "https://www.sec.gov/Archives/edgar/data/1057352/000095013305000993/0000950133-05-000993-index.htm",
    "finalLink": "https://www.sec.gov/Archives/edgar/data/1057352/000095013305000993/w06444e10vk.htm"
  },
  {
    "date": "2003-12-31",
    "symbol": "CSGP",
    "reportedCurrency": "USD",
    "cik": "0001057352",
    "fillingDate": "2004-03-12",
    "acceptedDate": "2004-03-12 15:43:34",
    "calendarYear": "2003",
    "period": "FY",
    "revenue": 95105000,
    "costOfRevenue": 30742000,
    "grossProfit": 64363000,
    "grossProfitRatio": 0.6767572683,
    "researchAndDevelopmentExpenses": 6886000,
    "generalAndAdministrativeExpenses": 26451000,
    "sellingAndMarketingExpenses": 26537000,
    "sellingGeneralAndAdministrativeExpenses": 52988000,
    "otherExpenses": 4487000,
    "operatingExpenses": 64361000,
    "costAndExpenses": 95103000,
    "interestIncome": 0,
    "interestExpense": 0,
    "depreciationAndAmortization": 13166000,
    "ebitda": 13168000,
    "ebitdaratio": 0.1384574943,
    "operatingIncome": 2000,
    "operatingIncomeRatio": 0.0000210294,
    "totalOtherIncomeExpensesNet": 380000,
    "incomeBeforeTax": 382000,
    "incomeBeforeTaxRatio": 0.0040166132,
    "incomeTaxExpense": 282000,
    "netIncome": 100000,
    "netIncomeRatio": 0.0010514694,
    "eps": 0.001,
    "epsdiluted": 0.001,
    "weightedAverageShsOut": 162020000,
    "weightedAverageShsOutDil": 166740000,
    "link": "https://www.sec.gov/Archives/edgar/data/1057352/000095013304000870/0000950133-04-000870-index.htm",
    "finalLink": "https://www.sec.gov/Archives/edgar/data/1057352/000095013304000870/w95059e10vk.htm"
  },
  {
    "date": "2002-12-31",
    "symbol": "CSGP",
    "reportedCurrency": "USD",
    "cik": "0001057352",
    "fillingDate": "2003-10-15",
    "acceptedDate": "2003-10-15 14:35:21",
    "calendarYear": "2002",
    "period": "FY",
    "revenue": 79363000,
    "costOfRevenue": 28012000,
    "grossProfit": 51351000,
    "grossProfitRatio": 0.6470395524,
    "researchAndDevelopmentExpenses": 5524000,
    "generalAndAdministrativeExpenses": 24612000,
    "sellingAndMarketingExpenses": 23158000,
    "sellingGeneralAndAdministrativeExpenses": 47770000,
    "otherExpenses": 3600000,
    "operatingExpenses": 56894000,
    "costAndExpenses": 84906000,
    "interestIncome": 0,
    "interestExpense": 0,
    "depreciationAndAmortization": 11787000,
    "ebitda": 6244000,
    "ebitdaratio": 0.0786764613,
    "operatingIncome": -5543000,
    "operatingIncomeRatio": -0.0698436299,
    "totalOtherIncomeExpensesNet": 759000,
    "incomeBeforeTax": -4784000,
    "incomeBeforeTaxRatio": -0.0602799793,
    "incomeTaxExpense": 0,
    "netIncome": -4784000,
    "netIncomeRatio": -0.0602799793,
    "eps": -0.0304,
    "epsdiluted": -0.0304,
    "weightedAverageShsOut": 157590000,
    "weightedAverageShsOutDil": 157590000,
    "link": "https://www.sec.gov/Archives/edgar/data/1057352/000095013303003441/0000950133-03-003441-index.htm",
    "finalLink": "https://www.sec.gov/Archives/edgar/data/1057352/000095013303003441/w90361a1e10vkza.htm"
  },
  {
    "date": "2001-12-31",
    "symbol": "CSGP",
    "reportedCurrency": "USD",
    "cik": "0001057352",
    "fillingDate": "2002-03-28",
    "acceptedDate": "2002-03-28 00:00:00",
    "calendarYear": "2001",
    "period": "FY",
    "revenue": 72512952,
    "costOfRevenue": 30316161,
    "grossProfit": 42196791,
    "grossProfitRatio": 0.5819207443,
    "researchAndDevelopmentExpenses": 5136734,
    "generalAndAdministrativeExpenses": 256711000,
    "sellingAndMarketingExpenses": 622007000,
    "sellingGeneralAndAdministrativeExpenses": 51940607,
    "otherExpenses": 7845818,
    "operatingExpenses": 64923159,
    "costAndExpenses": 95239320,
    "interestIncome": 0,
    "interestExpense": 0,
    "depreciationAndAmortization": 19249867,
    "ebitda": -3476501,
    "ebitdaratio": -0.047943173,
    "operatingIncome": -22726368,
    "operatingIncomeRatio": -0.3134111545,
    "totalOtherIncomeExpensesNet": 1577777,
    "incomeBeforeTax": -21148591,
    "incomeBeforeTaxRatio": -0.2916526002,
    "incomeTaxExpense": -987262,
    "netIncome": -20161329,
    "netIncomeRatio": -0.2780376256,
    "eps": -0.13,
    "epsdiluted": -0.13,
    "weightedAverageShsOut": 156359310,
    "weightedAverageShsOutDil": 156359310,
    "link": "https://www.sec.gov/Archives/edgar/data/1057352/000095013302001247/0000950133-02-001247-index.htm",
    "finalLink": "https://www.sec.gov/Archives/edgar/data/1057352/000095013302001247/w58976e10-k405.htm"
  },
  {
    "date": "2000-12-31",
    "symbol": "CSGP",
    "reportedCurrency": "USD",
    "cik": "0001057352",
    "fillingDate": "2001-03-30",
    "acceptedDate": "2001-03-30 00:00:00",
    "calendarYear": "2000",
    "period": "FY",
    "revenue": 58502302,
    "costOfRevenue": 20321926,
    "grossProfit": 38180376,
    "grossProfitRatio": 0.6526303187,
    "researchAndDevelopmentExpenses": 3864380,
    "generalAndAdministrativeExpenses": 0,
    "sellingAndMarketingExpenses": 0,
    "sellingGeneralAndAdministrativeExpenses": 64729891,
    "otherExpenses": 18808836,
    "operatingExpenses": 87403107,
    "costAndExpenses": 107725033,
    "interestIncome": 0,
    "interestExpense": 0,
    "depreciationAndAmortization": 18808836,
    "ebitda": -30413895,
    "ebitdaratio": -0.5198751837,
    "operatingIncome": -49222731,
    "operatingIncomeRatio": -0.8413810964,
    "totalOtherIncomeExpensesNet": -2477232,
    "incomeBeforeTax": -51699963,
    "incomeBeforeTaxRatio": -0.8837252763,
    "incomeTaxExpense": -2045014,
    "netIncome": -49654949,
    "netIncomeRatio": -0.8487691476,
    "eps": -0.33,
    "epsdiluted": -0.33,
    "weightedAverageShsOut": 151369760,
    "weightedAverageShsOutDil": 151369760,
    "link": "https://www.sec.gov/Archives/edgar/data/1057352/000095013301500346/0000950133-01-500346-index.htm",
    "finalLink": "https://www.sec.gov/Archives/edgar/data/1057352/000095013301500346/w46876e10-k405.txt"
  },
  {
    "date": "1999-12-31",
    "symbol": "CSGP",
    "reportedCurrency": "USD",
    "cik": "0001057352",
    "fillingDate": "2000-03-29",
    "acceptedDate": "2000-03-29 00:00:00",
    "calendarYear": "1999",
    "period": "FY",
    "revenue": 30200000,
    "costOfRevenue": 8300000,
    "grossProfit": 21900000,
    "grossProfitRatio": 0.7251655629,
    "researchAndDevelopmentExpenses": 1100000,
    "generalAndAdministrativeExpenses": 0,
    "sellingAndMarketingExpenses": 0,
    "sellingGeneralAndAdministrativeExpenses": 31300000,
    "otherExpenses": 4900000,
    "operatingExpenses": 37300000,
    "costAndExpenses": 45600000,
    "interestIncome": 0,
    "interestExpense": 0,
    "depreciationAndAmortization": 4900000,
    "ebitda": -10500000,
    "ebitdaratio": -0.3476821192,
    "operatingIncome": -15400000,
    "operatingIncomeRatio": -0.5099337748,
    "totalOtherIncomeExpensesNet": 0,
    "incomeBeforeTax": 0,
    "incomeBeforeTaxRatio": 0,
    "incomeTaxExpense": -3100000,
    "netIncome": -12300000,
    "netIncomeRatio": -0.4072847682,
    "eps": -0.1,
    "epsdiluted": -0.1,
    "weightedAverageShsOut": 117265890,
    "weightedAverageShsOutDil": 117265890,
    "link": "https://www.sec.gov/Archives/edgar/data/1057352/000095013300001207/0000950133-00-001207-index.html",
    "finalLink": "https://www.sec.gov/Archives/edgar/data/1057352/000095013300001207/"
  },
  {
    "date": "1998-12-31",
    "symbol": "CSGP",
    "reportedCurrency": "USD",
    "cik": "0001057352",
    "fillingDate": "1999-03-31",
    "acceptedDate": "1999-03-31 00:00:00",
    "calendarYear": "1998",
    "period": "FY",
    "revenue": 13900000,
    "costOfRevenue": 3500000,
    "grossProfit": 10400000,
    "grossProfitRatio": 0.7482014388,
    "researchAndDevelopmentExpenses": 700000,
    "generalAndAdministrativeExpenses": 0,
    "sellingAndMarketingExpenses": 0,
    "sellingGeneralAndAdministrativeExpenses": 12100000,
    "otherExpenses": 1100000,
    "operatingExpenses": 13900000,
    "costAndExpenses": 17400000,
    "interestIncome": 0,
    "interestExpense": 0,
    "depreciationAndAmortization": 1100000,
    "ebitda": -2400000,
    "ebitdaratio": -0.1726618705,
    "operatingIncome": -3500000,
    "operatingIncomeRatio": -0.2517985612,
    "totalOtherIncomeExpensesNet": 500000,
    "incomeBeforeTax": -3000000,
    "incomeBeforeTaxRatio": -0.2158273381,
    "incomeTaxExpense": -300000,
    "netIncome": -3200000,
    "netIncomeRatio": -0.2302158273,
    "eps": -0.0444,
    "epsdiluted": -0.0444,
    "weightedAverageShsOut": 72130370,
    "weightedAverageShsOutDil": 72130370,
    "link": "https://www.sec.gov/Archives/edgar/data/1057352/000095013399001092/0000950133-99-001092-index.html",
    "finalLink": "https://www.sec.gov/Archives/edgar/data/1057352/"
  },
  {
    "date": "1997-12-31",
    "symbol": "CSGP",
    "reportedCurrency": "USD",
    "cik": "0001057352",
    "fillingDate": "1997-12-31",
    "acceptedDate": "1997-12-31 00:00:00",
    "calendarYear": "1997",
    "period": "FY",
    "revenue": 7900000,
    "costOfRevenue": 2600000,
    "grossProfit": 5300000,
    "grossProfitRatio": 0.6708860759,
    "researchAndDevelopmentExpenses": 400000,
    "generalAndAdministrativeExpenses": 0,
    "sellingAndMarketingExpenses": 0,
    "sellingGeneralAndAdministrativeExpenses": 7400000,
    "otherExpenses": 800000,
    "operatingExpenses": 8600000,
    "costAndExpenses": 11200000,
    "interestIncome": 0,
    "interestExpense": 0,
    "depreciationAndAmortization": 800000,
    "ebitda": -2500000,
    "ebitdaratio": -0.3164556962,
    "operatingIncome": -3300000,
    "operatingIncomeRatio": -0.417721519,
    "totalOtherIncomeExpensesNet": 100000,
    "incomeBeforeTax": -3200000,
    "incomeBeforeTaxRatio": -0.4050632911,
    "incomeTaxExpense": 0,
    "netIncome": -3300000,
    "netIncomeRatio": -0.417721519,
    "eps": -0.057,
    "epsdiluted": -0.057,
    "weightedAverageShsOut": 57894737,
    "weightedAverageShsOutDil": 57894737,
    "link": null,
    "finalLink": null
  }
]