[
  {
    "date": "2025-06-30",
    "symbol": "CSGP",
    "reportedCurrency": "USD",
    "cik": "0001057352",
    "fillingDate": "2025-07-23",
    "acceptedDate": "2025-07-23 16:00:42",
    "calendarYear": "2025",
    "period": "Q2",
    "revenue": 781300000,
    "costOfRevenue": 167800000,
    "grossProfit": 613500000,
    "grossProfitRatio": 0.7852297453,
    "researchAndDevelopmentExpenses": 97100000,
    "generalAndAdministrativeExpenses": 122200000,
    "sellingAndMarketingExpenses": 394900000,
    "sellingGeneralAndAdministrativeExpenses": 517100000,
    "otherExpenses": 26500000,
    "operatingExpenses": 640700000,
    "costAndExpenses": 808500000,
    "interestIncome": 32500000,
    "interestExpense": 0,
    "depreciationAndAmortization": 65500000,
    "ebitda": 38300000,
    "ebitdaratio": 0.0490208627,
    "operatingIncome": -27200000,
    "operatingIncomeRatio": -0.0348137719,
    "totalOtherIncomeExpensesNet": 48800000,
    "incomeBeforeTax": 21600000,
    "incomeBeforeTaxRatio": 0.0276462306,
    "incomeTaxExpense": 15400000,
    "netIncome": 6200000,
    "netIncomeRatio": 0.0079354921,
    "eps": 0.0148,
    "epsdiluted": 0.0146,
    "weightedAverageShsOut": 419600000,
    "weightedAverageShsOutDil": 424300000,
    "link": "https://www.sec.gov/Archives/edgar/data/1057352/000105735225000097/0001057352-25-000097-index.htm",
    "finalLink": "https://www.sec.gov/Archives/edgar/data/1057352/000105735225000097/csgp-20250630.htm"
  },
  {
    "date": "2025-03-31",
    "symbol": "CSGP",
    "reportedCurrency": "USD",
    "cik": "0001057352",
    "fillingDate": "2025-05-01",
    "acceptedDate": "2025-04-30 18:06:16",
    "calendarYear": "2025",
    "period": "Q1",
    "revenue": 732200000,
    "costOfRevenue": 153300000,
    "grossProfit": 578900000,
    "grossProfitRatio": 0.7906309751,
    "researchAndDevelopmentExpenses": 94500000,
    "generalAndAdministrativeExpenses": 141100000,
    "sellingAndMarketingExpenses": 368900000,
    "sellingGeneralAndAdministrativeExpenses": 510000000,
    "otherExpenses": 17200000,
    "operatingExpenses": 621700000,
    "costAndExpenses": 775000000,
    "interestIncome": 38500000,
    "interestExpense": 0,
    "depreciationAndAmortization": 47300000,
    "ebitda": 4500000,
    "ebitdaratio": 0.0061458618,
    "operatingIncome": -42800000,
    "operatingIncomeRatio": -0.0584539743,
    "totalOtherIncomeExpensesNet": 36100000,
    "incomeBeforeTax": -6700000,
    "incomeBeforeTaxRatio": -0.0091505053,
    "incomeTaxExpense": 8100000,
    "netIncome": -14800000,
    "netIncomeRatio": -0.0202130565,
    "eps": -0.0361,
    "epsdiluted": -0.0361,
    "weightedAverageShsOut": 410500000,
    "weightedAverageShsOutDil": 410500000,
    "link": "https://www.sec.gov/Archives/edgar/data/1057352/000105735225000067/0001057352-25-000067-index.htm",
    "finalLink": "https://www.sec.gov/Archives/edgar/data/1057352/000105735225000067/csgp-20250331.htm"
  },
  {
    "date": "2024-12-31",
    "symbol": "CSGP",
    "reportedCurrency": "USD",
    "cik": "0001057352",
    "fillingDate": "2025-02-20",
    "acceptedDate": "2025-02-19 17:48:29",
    "calendarYear": "2024",
    "period": "Q4",
    "revenue": 709400000,
    "costOfRevenue": 140900000,
    "grossProfit": 568500000,
    "grossProfitRatio": 0.8013814491,
    "researchAndDevelopmentExpenses": 82300000,
    "generalAndAdministrativeExpenses": 124800000,
    "sellingAndMarketingExpenses": 308500000,
    "sellingGeneralAndAdministrativeExpenses": 433400000,
    "otherExpenses": 12800000,
    "operatingExpenses": 528500000,
    "costAndExpenses": 669400000,
    "interestIncome": 53600000,
    "interestExpense": 6400000,
    "depreciationAndAmortization": 39300000,
    "ebitda": 79300000,
    "ebitdaratio": 0.1117846067,
    "operatingIncome": 40000000,
    "operatingIncomeRatio": 0.056385678,
    "totalOtherIncomeExpensesNet": 45000000,
    "incomeBeforeTax": 85000000,
    "incomeBeforeTaxRatio": 0.1198195658,
    "incomeTaxExpense": 25200000,
    "netIncome": 59800000,
    "netIncomeRatio": 0.0842965887,
    "eps": 0.15,
    "epsdiluted": 0.15,
    "weightedAverageShsOut": 406900000,
    "weightedAverageShsOutDil": 408400000,
    "link": "https://www.sec.gov/Archives/edgar/data/1057352/000105735225000016/0001057352-25-000016-index.htm",
    "finalLink": "https://www.sec.gov/Archives/edgar/data/1057352/000105735225000016/csgp-20241231.htm"
  },
  {
    "date": "2024-09-30",
    "symbol": "CSGP",
    "reportedCurrency": "USD",
    "cik": "0001057352",
    "fillingDate": "2024-10-23",
    "acceptedDate": "2024-10-23 16:52:54",
    "calendarYear": "2024",
    "period": "Q3",
    "revenue": 692600000,
    "costOfRevenue": 140600000,
    "grossProfit": 552000000,
    "grossProfitRatio": 0.7969968236,
    "researchAndDevelopmentExpenses": 81000000,
    "generalAndAdministrativeExpenses": 105800000,
    "sellingAndMarketingExpenses": 331200000,
    "sellingGeneralAndAdministrativeExpenses": 437000000,
    "otherExpenses": 10300000,
    "operatingExpenses": 528300000,
    "costAndExpenses": 668900000,
    "interestIncome": 55600000,
    "interestExpense": 0,
    "depreciationAndAmortization": 35500000,
    "ebitda": 59200000,
    "ebitdaratio": 0.0854750217,
    "operatingIncome": 23700000,
    "operatingIncomeRatio": 0.0342188854,
    "totalOtherIncomeExpensesNet": 54000000,
    "incomeBeforeTax": 77700000,
    "incomeBeforeTaxRatio": 0.1121859659,
    "incomeTaxExpense": 24700000,
    "netIncome": 53000000,
    "netIncomeRatio": 0.0765232457,
    "eps": 0.13,
    "epsdiluted": 0.13,
    "weightedAverageShsOut": 406800000,
    "weightedAverageShsOutDil": 408000000,
    "link": "https://www.sec.gov/Archives/edgar/data/1057352/000105735224000125/0001057352-24-000125-index.htm",
    "finalLink": "https://www.sec.gov/Archives/edgar/data/1057352/000105735224000125/csgp-20240930.htm"
  },
  {
    "date": "2024-06-30",
    "symbol": "CSGP",
    "reportedCurrency": "USD",
    "cik": "0001057352",
    "fillingDate": "2024-07-25",
    "acceptedDate": "2024-07-24 17:31:45",
    "calendarYear": "2024",
    "period": "Q2",
    "revenue": 677800000,
    "costOfRevenue": 135800000,
    "grossProfit": 542000000,
    "grossProfitRatio": 0.7996459132,
    "researchAndDevelopmentExpenses": 79600000,
    "generalAndAdministrativeExpenses": 109900000,
    "sellingAndMarketingExpenses": 358400000,
    "sellingGeneralAndAdministrativeExpenses": 468300000,
    "otherExpenses": 10200000,
    "operatingExpenses": 558100000,
    "costAndExpenses": 693900000,
    "interestIncome": 53500000,
    "interestExpense": 0,
    "depreciationAndAmortization": 38800000,
    "ebitda": 22700000,
    "ebitdaratio": 0.0334907052,
    "operatingIncome": -16100000,
    "operatingIncomeRatio": -0.0237533196,
    "totalOtherIncomeExpensesNet": 52000000,
    "incomeBeforeTax": 35900000,
    "incomeBeforeTaxRatio": 0.0529654765,
    "incomeTaxExpense": 16700000,
    "netIncome": 19200000,
    "netIncomeRatio": 0.0283269401,
    "eps": 0.0473,
    "epsdiluted": 0.0471,
    "weightedAverageShsOut": 406000000,
    "weightedAverageShsOutDil": 407400000,
    "link": "https://www.sec.gov/Archives/edgar/data/1057352/000105735224000091/0001057352-24-000091-index.htm",
    "finalLink": "https://www.sec.gov/Archives/edgar/data/1057352/000105735224000091/csgp-20240630.htm"
  },
  {
    "date": "2024-03-31",
    "symbol": "CSGP",
    "reportedCurrency": "USD",
    "cik": "0001057352",
    "fillingDate": "2024-04-24",
    "acceptedDate": "2024-04-24 17:30:26",
    "calendarYear": "2024",
    "period": "Q1",
    "revenue": 656400000,
    "costOfRevenue": 141200000,
    "grossProfit": 515200000,
    "grossProfitRatio": 0.7848872639,
    "researchAndDevelopmentExpenses": 82400000,
    "generalAndAdministrativeExpenses": 98500000,
    "sellingAndMarketingExpenses": 366100000,
    "sellingGeneralAndAdministrativeExpenses": 464600000,
    "otherExpenses": 11000000,
    "operatingExpenses": 558000000,
    "costAndExpenses": 699200000,
    "interestIncome": 63500000,
    "interestExpense": 7300000,
    "depreciationAndAmortization": 33300000,
    "ebitda": -9500000,
    "ebitdaratio": -0.0144728824,
    "operatingIncome": -42800000,
    "operatingIncomeRatio": -0.0652041438,
    "totalOtherIncomeExpensesNet": 54300000,
    "incomeBeforeTax": 11500000,
    "incomeBeforeTaxRatio": 0.017519805,
    "incomeTaxExpense": 4800000,
    "netIncome": 6700000,
    "netIncomeRatio": 0.0102071907,
    "eps": 0.0165,
    "epsdiluted": 0.0164,
    "weightedAverageShsOut": 405600000,
    "weightedAverageShsOutDil": 407300000,
    "link": "https://www.sec.gov/Archives/edgar/data/1057352/000105735224000059/0001057352-24-000059-index.htm",
    "finalLink": "https://www.sec.gov/Archives/edgar/data/1057352/000105735224000059/csgp-20240331.htm"
  },
  {
    "date": "2023-12-31",
    "symbol": "CSGP",
    "reportedCurrency": "USD",
    "cik": "0001057352",
    "fillingDate": "2024-02-22",
    "acceptedDate": "2024-02-21 18:04:05",
    "calendarYear": "2023",
    "period": "Q4",
    "revenue": 640100000,
    "costOfRevenue": 136276000,
    "grossProfit": 503783000,
    "grossProfitRatio": 0.7870379628,
    "researchAndDevelopmentExpenses": 69750000,
    "generalAndAdministrativeExpenses": 107058000,
    "sellingAndMarketingExpenses": 246747000,
    "sellingGeneralAndAdministrativeExpenses": 353805000,
    "otherExpenses": 10889000,
    "operatingExpenses": 434444000,
    "costAndExpenses": 570720000,
    "interestIncome": 67245000,
    "interestExpense": 7545000,
    "depreciationAndAmortization": 28685000,
    "ebitda": 98024000,
    "ebitdaratio": 0.1531385721,
    "operatingIncome": 69339000,
    "operatingIncomeRatio": 0.1083252617,
    "totalOtherIncomeExpensesNet": 63464000,
    "incomeBeforeTax": 132700000,
    "incomeBeforeTaxRatio": 0.2073113576,
    "incomeTaxExpense": 36300000,
    "netIncome": 96475000,
    "netIncomeRatio": 0.1507186377,
    "eps": 0.24,
    "epsdiluted": 0.24,
    "weightedAverageShsOut": 405800000,
    "weightedAverageShsOutDil": 407500000,
    "link": "https://www.sec.gov/Archives/edgar/data/1057352/000105735224000013/0001057352-24-000013-index.htm",
    "finalLink": "https://www.sec.gov/Archives/edgar/data/1057352/000105735224000013/csgp-20231231.htm"
  },
  {
    "date": "2023-09-30",
    "symbol": "CSGP",
    "reportedCurrency": "USD",
    "cik": "0001057352",
    "fillingDate": "2023-10-25",
    "acceptedDate": "2023-10-25 15:35:48",
    "calendarYear": "2023",
    "period": "Q3",
    "revenue": 624669000,
    "costOfRevenue": 123700000,
    "grossProfit": 501000000,
    "grossProfitRatio": 0.8020247523,
    "researchAndDevelopmentExpenses": 67900000,
    "generalAndAdministrativeExpenses": 94371000,
    "sellingAndMarketingExpenses": 266893000,
    "sellingGeneralAndAdministrativeExpenses": 361300000,
    "otherExpenses": 10200000,
    "operatingExpenses": 439400000,
    "costAndExpenses": 563100000,
    "interestIncome": 58400000,
    "interestExpense": 0,
    "depreciationAndAmortization": 27100000,
    "ebitda": 88700000,
    "ebitdaratio": 0.1419952007,
    "operatingIncome": 61600000,
    "operatingIncomeRatio": 0.098612225,
    "totalOtherIncomeExpensesNet": 58887000,
    "incomeBeforeTax": 120481000,
    "incomeBeforeTaxRatio": 0.1928717449,
    "incomeTaxExpense": 29907000,
    "netIncome": 90574000,
    "netIncomeRatio": 0.1449951895,
    "eps": 0.22,
    "epsdiluted": 0.22,
    "weightedAverageShsOut": 405649000,
    "weightedAverageShsOutDil": 407229000,
    "link": "https://www.sec.gov/Archives/edgar/data/1057352/000105735223000127/0001057352-23-000127-index.htm",
    "finalLink": "https://www.sec.gov/Archives/edgar/data/1057352/000105735223000127/csgp-20230930.htm"
  },
  {
    "date": "2023-06-30",
    "symbol": "CSGP",
    "reportedCurrency": "USD",
    "cik": "0001057352",
    "fillingDate": "2023-07-26",
    "acceptedDate": "2023-07-26 15:50:28",
    "calendarYear": "2023",
    "period": "Q2",
    "revenue": 605906000,
    "costOfRevenue": 112400000,
    "grossProfit": 493500000,
    "grossProfitRatio": 0.8144827746,
    "researchAndDevelopmentExpenses": 63400000,
    "generalAndAdministrativeExpenses": 90563000,
    "sellingAndMarketingExpenses": 250026000,
    "sellingGeneralAndAdministrativeExpenses": 340600000,
    "otherExpenses": 10400000,
    "operatingExpenses": 414400000,
    "costAndExpenses": 526800000,
    "interestIncome": 51900000,
    "interestExpense": 0,
    "depreciationAndAmortization": 26100000,
    "ebitda": 105200000,
    "ebitdaratio": 0.1736242916,
    "operatingIncome": 79100000,
    "operatingIncomeRatio": 0.1305483029,
    "totalOtherIncomeExpensesNet": 52520000,
    "incomeBeforeTax": 131666000,
    "incomeBeforeTaxRatio": 0.2173043343,
    "incomeTaxExpense": 31146000,
    "netIncome": 100500000,
    "netIncomeRatio": 0.1658673128,
    "eps": 0.25,
    "epsdiluted": 0.25,
    "weightedAverageShsOut": 405429000,
    "weightedAverageShsOutDil": 406751000,
    "link": "https://www.sec.gov/Archives/edgar/data/1057352/000105735223000111/0001057352-23-000111-index.htm",
    "finalLink": "https://www.sec.gov/Archives/edgar/data/1057352/000105735223000111/csgp-20230630.htm"
  },
  {
    "date": "2023-03-31",
    "symbol": "CSGP",
    "reportedCurrency": "USD",
    "cik": "0001057352",
    "fillingDate": "2023-04-26",
    "acceptedDate": "2023-04-26 16:24:54",
    "calendarYear": "2023",
    "period": "Q1",
    "revenue": 584400000,
    "costOfRevenue": 119200000,
    "grossProfit": 465200000,
    "grossProfitRatio": 0.7960301164,
    "researchAndDevelopmentExpenses": 66600000,
    "generalAndAdministrativeExpenses": 89500000,
    "sellingAndMarketingExpenses": 226300000,
    "sellingGeneralAndAdministrativeExpenses": 315800000,
    "otherExpenses": 10600000,
    "operatingExpenses": 393000000,
    "costAndExpenses": 512200000,
    "interestIncome": 52103000,
    "interestExpense": 8555000,
    "depreciationAndAmortization": 25600000,
    "ebitda": 97800000,
    "ebitdaratio": 0.1673511294,
    "operatingIncome": 72200000,
    "operatingIncomeRatio": 0.1235455168,
    "totalOtherIncomeExpensesNet": 44100000,
    "incomeBeforeTax": 116300000,
    "incomeBeforeTaxRatio": 0.1990075291,
    "incomeTaxExpense": 29200000,
    "netIncome": 87100000,
    "netIncomeRatio": 0.1490417522,
    "eps": 0.22,
    "epsdiluted": 0.21,
    "weightedAverageShsOut": 404490000,
    "weightedAverageShsOutDil": 406200000,
    "link": "https://www.sec.gov/Archives/edgar/data/1057352/000105735223000075/0001057352-23-000075-index.htm",
    "finalLink": "https://www.sec.gov/Archives/edgar/data/1057352/000105735223000075/csgp-20230331.htm"
  },
  {
    "date": "2022-12-31",
    "symbol": "CSGP",
    "reportedCurrency": "USD",
    "cik": "0001057352",
    "fillingDate": "2023-02-22",
    "acceptedDate": "2023-02-22 16:33:56",
    "calendarYear": "2022",
    "period": "Q4",
    "revenue": 573345000,
    "costOfRevenue": 109194000,
    "grossProfit": 464151000,
    "grossProfitRatio": 0.8095492243,
    "researchAndDevelopmentExpenses": 58403000,
    "generalAndAdministrativeExpenses": 92161000,
    "sellingAndMarketingExpenses": 173486000,
    "sellingGeneralAndAdministrativeExpenses": 265647000,
    "otherExpenses": 12939000,
    "operatingExpenses": 336989000,
    "costAndExpenses": 446183000,
    "interestIncome": 32586000,
    "interestExpense": 0,
    "depreciationAndAmortization": 27902000,
    "ebitda": 155064000,
    "ebitdaratio": 0.2704549617,
    "operatingIncome": 127162000,
    "operatingIncomeRatio": 0.2217896729,
    "totalOtherIncomeExpensesNet": 32373000,
    "incomeBeforeTax": 159535000,
    "incomeBeforeTaxRatio": 0.2782530588,
    "incomeTaxExpense": 35163000,
    "netIncome": 124372000,
    "netIncomeRatio": 0.2169234928,
    "eps": 0.31,
    "epsdiluted": 0.31,
    "weightedAverageShsOut": 404185000,
    "weightedAverageShsOutDil": 406087000,
    "link": "https://www.sec.gov/Archives/edgar/data/1057352/000105735223000030/0001057352-23-000030-index.htm",
    "finalLink": "https://www.sec.gov/Archives/edgar/data/1057352/000105735223000030/csgp-20221231.htm"
  },
  {
    "date": "2022-09-30",
    "symbol": "CSGP",
    "reportedCurrency": "USD",
    "cik": "0001057352",
    "fillingDate": "2022-10-26",
    "acceptedDate": "2022-10-26 16:32:44",
    "calendarYear": "2022",
    "period": "Q3",
    "revenue": 556921000,
    "costOfRevenue": 108364000,
    "grossProfit": 448557000,
    "grossProfitRatio": 0.8054230313,
    "researchAndDevelopmentExpenses": 56912000,
    "generalAndAdministrativeExpenses": 91270000,
    "sellingAndMarketingExpenses": 185395000,
    "sellingGeneralAndAdministrativeExpenses": 276665000,
    "otherExpenses": 29651000,
    "operatingExpenses": 363228000,
    "costAndExpenses": 471592000,
    "interestIncome": 10656000,
    "interestExpense": 0,
    "depreciationAndAmortization": 45856000,
    "ebitda": 131185000,
    "ebitdaratio": 0.2355540552,
    "operatingIncome": 85329000,
    "operatingIncomeRatio": 0.1532156266,
    "totalOtherIncomeExpensesNet": 12045000,
    "incomeBeforeTax": 97374000,
    "incomeBeforeTaxRatio": 0.1748434697,
    "incomeTaxExpense": 25084000,
    "netIncome": 72290000,
    "netIncomeRatio": 0.1298029703,
    "eps": 0.18,
    "epsdiluted": 0.18,
    "weightedAverageShsOut": 394712000,
    "weightedAverageShsOutDil": 396209000,
    "link": "https://www.sec.gov/Archives/edgar/data/1057352/000105735222000121/0001057352-22-000121-index.htm",
    "finalLink": "https://www.sec.gov/Archives/edgar/data/1057352/000105735222000121/csgp-20220930.htm"
  },
  {
    "date": "2022-06-30",
    "symbol": "CSGP",
    "reportedCurrency": "USD",
    "cik": "0001057352",
    "fillingDate": "2022-07-27",
    "acceptedDate": "2022-07-27 16:04:36",
    "calendarYear": "2022",
    "period": "Q2",
    "revenue": 536308000,
    "costOfRevenue": 100971000,
    "grossProfit": 435337000,
    "grossProfitRatio": 0.811729454,
    "researchAndDevelopmentExpenses": 51587000,
    "generalAndAdministrativeExpenses": 77345000,
    "sellingAndMarketingExpenses": 181344000,
    "sellingGeneralAndAdministrativeExpenses": 258689000,
    "otherExpenses": 14878000,
    "operatingExpenses": 325154000,
    "costAndExpenses": 426125000,
    "interestIncome": 0,
    "interestExpense": 3399000,
    "depreciationAndAmortization": 31937000,
    "ebitda": 142120000,
    "ebitdaratio": 0.2649969793,
    "operatingIncome": 110183000,
    "operatingIncomeRatio": 0.205447243,
    "totalOtherIncomeExpensesNet": -2056000,
    "incomeBeforeTax": 108127000,
    "incomeBeforeTaxRatio": 0.201613625,
    "incomeTaxExpense": 24654000,
    "netIncome": 83473000,
    "netIncomeRatio": 0.1556437719,
    "eps": 0.21,
    "epsdiluted": 0.21,
    "weightedAverageShsOut": 393342000,
    "weightedAverageShsOutDil": 394478000,
    "link": "https://www.sec.gov/Archives/edgar/data/1057352/000105735222000084/0001057352-22-000084-index.htm",
    "finalLink": "https://www.sec.gov/Archives/edgar/data/1057352/000105735222000084/csgp-20220630.htm"
  },
  {
    "date": "2022-03-31",
    "symbol": "CSGP",
    "reportedCurrency": "USD",
    "cik": "0001057352",
    "fillingDate": "2022-04-28",
    "acceptedDate": "2022-04-27 17:38:22",
    "calendarYear": "2022",
    "period": "Q1",
    "revenue": 515825000,
    "costOfRevenue": 95479000,
    "grossProfit": 420346000,
    "grossProfitRatio": 0.8149004023,
    "researchAndDevelopmentExpenses": 54021000,
    "generalAndAdministrativeExpenses": 77961000,
    "sellingAndMarketingExpenses": 143997000,
    "sellingGeneralAndAdministrativeExpenses": 221958000,
    "otherExpenses": 16092000,
    "operatingExpenses": 292071000,
    "costAndExpenses": 387550000,
    "interestIncome": 0,
    "interestExpense": 7718000,
    "depreciationAndAmortization": 32190000,
    "ebitda": 160465000,
    "ebitdaratio": 0.3110841855,
    "operatingIncome": 128275000,
    "operatingIncomeRatio": 0.2486793002,
    "totalOtherIncomeExpensesNet": -6854000,
    "incomeBeforeTax": 121421000,
    "incomeBeforeTaxRatio": 0.235391848,
    "incomeTaxExpense": 32103000,
    "netIncome": 89318000,
    "netIncomeRatio": 0.1731556245,
    "eps": 0.23,
    "epsdiluted": 0.23,
    "weightedAverageShsOut": 392895000,
    "weightedAverageShsOutDil": 394234000,
    "link": "https://www.sec.gov/Archives/edgar/data/1057352/000105735222000054/0001057352-22-000054-index.htm",
    "finalLink": "https://www.sec.gov/Archives/edgar/data/1057352/000105735222000054/csgp-20220331.htm"
  },
  {
    "date": "2021-12-31",
    "symbol": "CSGP",
    "reportedCurrency": "USD",
    "cik": "0001057352",
    "fillingDate": "2022-02-23",
    "acceptedDate": "2022-02-23 16:40:08",
    "calendarYear": "2021",
    "period": "Q4",
    "revenue": 506786000,
    "costOfRevenue": 86330000,
    "grossProfit": 420456000,
    "grossProfitRatio": 0.8296519636,
    "researchAndDevelopmentExpenses": 52522000,
    "generalAndAdministrativeExpenses": 69964000,
    "sellingAndMarketingExpenses": 138653000,
    "sellingGeneralAndAdministrativeExpenses": 208617000,
    "otherExpenses": 18932000,
    "operatingExpenses": 280071000,
    "costAndExpenses": 366401000,
    "interestIncome": 0,
    "interestExpense": 7923000,
    "depreciationAndAmortization": 37168000,
    "ebitda": 175210000,
    "ebitdaratio": 0.3457277825,
    "operatingIncome": 140385000,
    "operatingIncomeRatio": 0.2770104147,
    "totalOtherIncomeExpensesNet": -7014000,
    "incomeBeforeTax": 133371000,
    "incomeBeforeTaxRatio": 0.2631702533,
    "incomeTaxExpense": 40471000,
    "netIncome": 92900000,
    "netIncomeRatio": 0.1833120883,
    "eps": 0.24,
    "epsdiluted": 0.24,
    "weightedAverageShsOut": 392538000,
    "weightedAverageShsOutDil": 394532000,
    "link": "https://www.sec.gov/Archives/edgar/data/1057352/000105735222000027/0001057352-22-000027-index.htm",
    "finalLink": "https://www.sec.gov/Archives/edgar/data/1057352/000105735222000027/csgp-20211231.htm"
  },
  {
    "date": "2021-09-30",
    "symbol": "CSGP",
    "reportedCurrency": "USD",
    "cik": "0001057352",
    "fillingDate": "2021-10-27",
    "acceptedDate": "2021-10-27 16:11:20",
    "calendarYear": "2021",
    "period": "Q3",
    "revenue": 499319000,
    "costOfRevenue": 92597000,
    "grossProfit": 406722000,
    "grossProfitRatio": 0.8145534218,
    "researchAndDevelopmentExpenses": 53143000,
    "generalAndAdministrativeExpenses": 64671000,
    "sellingAndMarketingExpenses": 180055000,
    "sellingGeneralAndAdministrativeExpenses": 244726000,
    "otherExpenses": 19121000,
    "operatingExpenses": 316990000,
    "costAndExpenses": 409587000,
    "interestIncome": 0,
    "interestExpense": 7943000,
    "depreciationAndAmortization": 33874000,
    "ebitda": 123606000,
    "ebitdaratio": 0.247549162,
    "operatingIncome": 89732000,
    "operatingIncomeRatio": 0.1797087633,
    "totalOtherIncomeExpensesNet": -6397000,
    "incomeBeforeTax": 83335000,
    "incomeBeforeTaxRatio": 0.1668973141,
    "incomeTaxExpense": 19031000,
    "netIncome": 64304000,
    "netIncomeRatio": 0.128783403,
    "eps": 0.16,
    "epsdiluted": 0.16,
    "weightedAverageShsOut": 392419000,
    "weightedAverageShsOutDil": 394295000,
    "link": "https://www.sec.gov/Archives/edgar/data/1057352/000105735221000104/0001057352-21-000104-index.htm",
    "finalLink": "https://www.sec.gov/Archives/edgar/data/1057352/000105735221000104/csgp-20210930.htm"
  },
  {
    "date": "2021-06-30",
    "symbol": "CSGP",
    "reportedCurrency": "USD",
    "cik": "0001057352",
    "fillingDate": "2021-07-28",
    "acceptedDate": "2021-07-28 14:56:14",
    "calendarYear": "2021",
    "period": "Q2",
    "revenue": 480333000,
    "costOfRevenue": 89566000,
    "grossProfit": 390767000,
    "grossProfitRatio": 0.8135335278,
    "researchAndDevelopmentExpenses": 48573000,
    "generalAndAdministrativeExpenses": 58226000,
    "sellingAndMarketingExpenses": 164612000,
    "sellingGeneralAndAdministrativeExpenses": 222838000,
    "otherExpenses": 18345000,
    "operatingExpenses": 289756000,
    "costAndExpenses": 379322000,
    "interestIncome": 0,
    "interestExpense": 7877000,
    "depreciationAndAmortization": 33106000,
    "ebitda": 134964000,
    "ebitdaratio": 0.2809800701,
    "operatingIncome": 101011000,
    "operatingIncomeRatio": 0.2102936921,
    "totalOtherIncomeExpensesNet": -7030000,
    "incomeBeforeTax": 93981000,
    "incomeBeforeTaxRatio": 0.1956580123,
    "incomeTaxExpense": 32833000,
    "netIncome": 61148000,
    "netIncomeRatio": 0.12730335,
    "eps": 0.16,
    "epsdiluted": 0.16,
    "weightedAverageShsOut": 392306000,
    "weightedAverageShsOutDil": 394098000,
    "link": "https://www.sec.gov/Archives/edgar/data/1057352/000105735221000082/0001057352-21-000082-index.htm",
    "finalLink": "https://www.sec.gov/Archives/edgar/data/1057352/000105735221000082/csgp-20210630.htm"
  },
  {
    "date": "2021-03-31",
    "symbol": "CSGP",
    "reportedCurrency": "USD",
    "cik": "0001057352",
    "fillingDate": "2021-04-28",
    "acceptedDate": "2021-04-28 12:33:34",
    "calendarYear": "2021",
    "period": "Q1",
    "revenue": 457697000,
    "costOfRevenue": 88748000,
    "grossProfit": 368949000,
    "grossProfitRatio": 0.8060987946,
    "researchAndDevelopmentExpenses": 46784000,
    "generalAndAdministrativeExpenses": 63850000,
    "sellingAndMarketingExpenses": 138687000,
    "sellingGeneralAndAdministrativeExpenses": 202537000,
    "otherExpenses": 18419000,
    "operatingExpenses": 267740000,
    "costAndExpenses": 356488000,
    "interestIncome": 0,
    "interestExpense": 7878000,
    "depreciationAndAmortization": 35410000,
    "ebitda": 136569000,
    "ebitdaratio": 0.2983829914,
    "operatingIncome": 101209000,
    "operatingIncomeRatio": 0.2211266406,
    "totalOtherIncomeExpensesNet": -7928000,
    "incomeBeforeTax": 93281000,
    "incomeBeforeTaxRatio": 0.2038051375,
    "incomeTaxExpense": 19069000,
    "netIncome": 74212000,
    "netIncomeRatio": 0.1621422032,
    "eps": 0.19,
    "epsdiluted": 0.19,
    "weightedAverageShsOut": 391578000,
    "weightedAverageShsOutDil": 393715000,
    "link": "https://www.sec.gov/Archives/edgar/data/1057352/000105735221000067/0001057352-21-000067-index.htm",
    "finalLink": "https://www.sec.gov/Archives/edgar/data/1057352/000105735221000067/csgp-20210331.htm"
  },
  {
    "date": "2020-12-31",
    "symbol": "CSGP",
    "reportedCurrency": "USD",
    "cik": "0001057352",
    "fillingDate": "2021-02-24",
    "acceptedDate": "2021-02-24 16:27:24",
    "calendarYear": "2020",
    "period": "Q4",
    "revenue": 444393000,
    "costOfRevenue": 78154000,
    "grossProfit": 366239000,
    "grossProfitRatio": 0.8241331434,
    "researchAndDevelopmentExpenses": 41573000,
    "generalAndAdministrativeExpenses": 118100000,
    "sellingAndMarketingExpenses": 133576000,
    "sellingGeneralAndAdministrativeExpenses": 251676000,
    "otherExpenses": 17780000,
    "operatingExpenses": 311029000,
    "costAndExpenses": 389183000,
    "interestIncome": 0,
    "interestExpense": 7914000,
    "depreciationAndAmortization": 33033000,
    "ebitda": 88243000,
    "ebitdaratio": 0.1985697344,
    "operatingIncome": 55210000,
    "operatingIncomeRatio": 0.1242368804,
    "totalOtherIncomeExpensesNet": -8769000,
    "incomeBeforeTax": 46441000,
    "incomeBeforeTaxRatio": 0.1045043464,
    "incomeTaxExpense": 10652000,
    "netIncome": 35789000,
    "netIncomeRatio": 0.0805345719,
    "eps": 0.091,
    "epsdiluted": 0.091,
    "weightedAverageShsOut": 391370000,
    "weightedAverageShsOutDil": 393950000,
    "link": "https://www.sec.gov/Archives/edgar/data/1057352/000105735221000032/0001057352-21-000032-index.htm",
    "finalLink": "https://www.sec.gov/Archives/edgar/data/1057352/000105735221000032/csgp-20201231.htm"
  },
  {
    "date": "2020-09-30",
    "symbol": "CSGP",
    "reportedCurrency": "USD",
    "cik": "0001057352",
    "fillingDate": "2020-10-28",
    "acceptedDate": "2020-10-28 14:32:49",
    "calendarYear": "2020",
    "period": "Q3",
    "revenue": 425620000,
    "costOfRevenue": 77865000,
    "grossProfit": 347755000,
    "grossProfitRatio": 0.8170551196,
    "researchAndDevelopmentExpenses": 40732000,
    "generalAndAdministrativeExpenses": 65322000,
    "sellingAndMarketingExpenses": 146634000,
    "sellingGeneralAndAdministrativeExpenses": 211956000,
    "otherExpenses": 18258000,
    "operatingExpenses": 270946000,
    "costAndExpenses": 348811000,
    "interestIncome": 0,
    "interestExpense": 7537000,
    "depreciationAndAmortization": 31676000,
    "ebitda": 108147000,
    "ebitdaratio": 0.2540928528,
    "operatingIncome": 76809000,
    "operatingIncomeRatio": 0.180463794,
    "totalOtherIncomeExpensesNet": -7875000,
    "incomeBeforeTax": 68934000,
    "incomeBeforeTaxRatio": 0.161961374,
    "incomeTaxExpense": 10748000,
    "netIncome": 58186000,
    "netIncomeRatio": 0.1367088013,
    "eps": 0.15,
    "epsdiluted": 0.15,
    "weightedAverageShsOut": 391586000,
    "weightedAverageShsOutDil": 394013000,
    "link": "https://www.sec.gov/Archives/edgar/data/1057352/000105735220000126/0001057352-20-000126-index.htm",
    "finalLink": "https://www.sec.gov/Archives/edgar/data/1057352/000105735220000126/csgp-20200930.htm"
  },
  {
    "date": "2020-06-30",
    "symbol": "CSGP",
    "reportedCurrency": "USD",
    "cik": "0001057352",
    "fillingDate": "2020-07-29",
    "acceptedDate": "2020-07-29 17:21:56",
    "calendarYear": "2020",
    "period": "Q2",
    "revenue": 397159000,
    "costOfRevenue": 74040000,
    "grossProfit": 323119000,
    "grossProfitRatio": 0.813575923,
    "researchAndDevelopmentExpenses": 39001000,
    "generalAndAdministrativeExpenses": 57403000,
    "sellingAndMarketingExpenses": 130461000,
    "sellingGeneralAndAdministrativeExpenses": 187864000,
    "otherExpenses": 14935000,
    "operatingExpenses": 241800000,
    "costAndExpenses": 315840000,
    "interestIncome": 0,
    "interestExpense": 3596000,
    "depreciationAndAmortization": 27979000,
    "ebitda": 108824000,
    "ebitdaratio": 0.2740061285,
    "operatingIncome": 81319000,
    "operatingIncomeRatio": 0.2047517493,
    "totalOtherIncomeExpensesNet": -4070000,
    "incomeBeforeTax": 77249000,
    "incomeBeforeTaxRatio": 0.1945039644,
    "incomeTaxExpense": 16889000,
    "netIncome": 60360000,
    "netIncomeRatio": 0.1519794339,
    "eps": 0.16,
    "epsdiluted": 0.16,
    "weightedAverageShsOut": 375239000,
    "weightedAverageShsOutDil": 377336000,
    "link": "https://www.sec.gov/Archives/edgar/data/1057352/000105735220000093/0001057352-20-000093-index.htm",
    "finalLink": "https://www.sec.gov/Archives/edgar/data/1057352/000105735220000093/csgp-20200630.htm"
  },
  {
    "date": "2020-03-31",
    "symbol": "CSGP",
    "reportedCurrency": "USD",
    "cik": "0001057352",
    "fillingDate": "2020-04-29",
    "acceptedDate": "2020-04-29 16:49:03",
    "calendarYear": "2020",
    "period": "Q1",
    "revenue": 391847000,
    "costOfRevenue": 78909000,
    "grossProfit": 312938000,
    "grossProfitRatio": 0.7986229319,
    "researchAndDevelopmentExpenses": 41610000,
    "generalAndAdministrativeExpenses": 58873000,
    "sellingAndMarketingExpenses": 125107000,
    "sellingGeneralAndAdministrativeExpenses": 183980000,
    "otherExpenses": 11484000,
    "operatingExpenses": 237074000,
    "costAndExpenses": 315983000,
    "interestIncome": 3977000,
    "interestExpense": 2026000,
    "depreciationAndAmortization": 24256000,
    "ebitda": 100120000,
    "ebitdaratio": 0.2555078896,
    "operatingIncome": 75864000,
    "operatingIncomeRatio": 0.1936061779,
    "totalOtherIncomeExpensesNet": 2492000,
    "incomeBeforeTax": 78356000,
    "incomeBeforeTaxRatio": 0.199965803,
    "incomeTaxExpense": 5563000,
    "netIncome": 72793000,
    "netIncomeRatio": 0.1857689353,
    "eps": 0.2,
    "epsdiluted": 0.2,
    "weightedAverageShsOut": 364710000,
    "weightedAverageShsOutDil": 367760000,
    "link": "https://www.sec.gov/Archives/edgar/data/1057352/000105735220000071/0001057352-20-000071-index.htm",
    "finalLink": "https://www.sec.gov/Archives/edgar/data/1057352/000105735220000071/csgp-03312020x10q.htm"
  },
  {
    "date": "2019-12-31",
    "symbol": "CSGP",
    "reportedCurrency": "USD",
    "cik": "0001057352",
    "fillingDate": "2020-02-26",
    "acceptedDate": "2020-02-26 16:15:47",
    "calendarYear": "2019",
    "period": "Q4",
    "revenue": 374726000,
    "costOfRevenue": 74996000,
    "grossProfit": 299730000,
    "grossProfitRatio": 0.7998644343,
    "researchAndDevelopmentExpenses": 36580000,
    "generalAndAdministrativeExpenses": 50797000,
    "sellingAndMarketingExpenses": 99845000,
    "sellingGeneralAndAdministrativeExpenses": 150642000,
    "otherExpenses": 11522000,
    "operatingExpenses": 198744000,
    "costAndExpenses": 273740000,
    "interestIncome": 13801000,
    "interestExpense": 482000,
    "depreciationAndAmortization": 23930000,
    "ebitda": 138717000,
    "ebitdaratio": 0.37018248,
    "operatingIncome": 100986000,
    "operatingIncomeRatio": 0.2694929095,
    "totalOtherIncomeExpensesNet": 13319000,
    "incomeBeforeTax": 114305000,
    "incomeBeforeTaxRatio": 0.3050362131,
    "incomeTaxExpense": 26378000,
    "netIncome": 87927000,
    "netIncomeRatio": 0.2346434461,
    "eps": 0.24,
    "epsdiluted": 0.24,
    "weightedAverageShsOut": 363590000,
    "weightedAverageShsOutDil": 366740000,
    "link": "https://www.sec.gov/Archives/edgar/data/1057352/000105735220000036/0001057352-20-000036-index.htm",
    "finalLink": "https://www.sec.gov/Archives/edgar/data/1057352/000105735220000036/csgp20191231-10k.htm"
  },
  {
    "date": "2019-09-30",
    "symbol": "CSGP",
    "reportedCurrency": "USD",
    "cik": "0001057352",
    "fillingDate": "2019-10-23",
    "acceptedDate": "2019-10-23 15:26:07",
    "calendarYear": "2019",
    "period": "Q3",
    "revenue": 352808000,
    "costOfRevenue": 71172000,
    "grossProfit": 281636000,
    "grossProfitRatio": 0.7982698805,
    "researchAndDevelopmentExpenses": 32639000,
    "generalAndAdministrativeExpenses": 45530000,
    "sellingAndMarketingExpenses": 101582000,
    "sellingGeneralAndAdministrativeExpenses": 147112000,
    "otherExpenses": 7616000,
    "operatingExpenses": 187367000,
    "costAndExpenses": 258539000,
    "interestIncome": 5358000,
    "interestExpense": 704000,
    "depreciationAndAmortization": 18822000,
    "ebitda": 113091000,
    "ebitdaratio": 0.3205454525,
    "operatingIncome": 94269000,
    "operatingIncomeRatio": 0.2671963221,
    "totalOtherIncomeExpensesNet": 4654000,
    "incomeBeforeTax": 98923000,
    "incomeBeforeTaxRatio": 0.2803876329,
    "incomeTaxExpense": 20304000,
    "netIncome": 78619000,
    "netIncomeRatio": 0.2228379175,
    "eps": 0.22,
    "epsdiluted": 0.22,
    "weightedAverageShsOut": 363330000,
    "weightedAverageShsOutDil": 366520000,
    "link": "https://www.sec.gov/Archives/edgar/data/1057352/000105735219000094/0001057352-19-000094-index.htm",
    "finalLink": "https://www.sec.gov/Archives/edgar/data/1057352/000105735219000094/csgp-09302019x10q.htm"
  },
  {
    "date": "2019-06-30",
    "symbol": "CSGP",
    "reportedCurrency": "USD",
    "cik": "0001057352",
    "fillingDate": "2019-07-24",
    "acceptedDate": "2019-07-24 15:27:19",
    "calendarYear": "2019",
    "period": "Q2",
    "revenue": 343760000,
    "costOfRevenue": 71918000,
    "grossProfit": 271842000,
    "grossProfitRatio": 0.7907900861,
    "researchAndDevelopmentExpenses": 28455000,
    "generalAndAdministrativeExpenses": 42337000,
    "sellingAndMarketingExpenses": 119075000,
    "sellingGeneralAndAdministrativeExpenses": 161412000,
    "otherExpenses": 7175000,
    "operatingExpenses": 197042000,
    "costAndExpenses": 268960000,
    "interestIncome": 5913000,
    "interestExpense": 697000,
    "depreciationAndAmortization": 18754000,
    "ebitda": 93554000,
    "ebitdaratio": 0.2721491738,
    "operatingIncome": 74800000,
    "operatingIncomeRatio": 0.21759367,
    "totalOtherIncomeExpensesNet": 5216000,
    "incomeBeforeTax": 80016000,
    "incomeBeforeTaxRatio": 0.2327670468,
    "incomeTaxExpense": 16768000,
    "netIncome": 63248000,
    "netIncomeRatio": 0.1839888294,
    "eps": 0.17,
    "epsdiluted": 0.17,
    "weightedAverageShsOut": 363100000,
    "weightedAverageShsOutDil": 366270000,
    "link": "https://www.sec.gov/Archives/edgar/data/1057352/000105735219000065/0001057352-19-000065-index.htm",
    "finalLink": "https://www.sec.gov/Archives/edgar/data/1057352/000105735219000065/csgp-06302019x10q.htm"
  },
  {
    "date": "2019-03-31",
    "symbol": "CSGP",
    "reportedCurrency": "USD",
    "cik": "0001057352",
    "fillingDate": "2019-04-24",
    "acceptedDate": "2019-04-24 16:48:08",
    "calendarYear": "2019",
    "period": "Q1",
    "revenue": 328425000,
    "costOfRevenue": 71153000,
    "grossProfit": 257272000,
    "grossProfitRatio": 0.7833508411,
    "researchAndDevelopmentExpenses": 27928000,
    "generalAndAdministrativeExpenses": 40076000,
    "sellingAndMarketingExpenses": 88094000,
    "sellingGeneralAndAdministrativeExpenses": 128170000,
    "otherExpenses": 7682000,
    "operatingExpenses": 163780000,
    "costAndExpenses": 234933000,
    "interestIncome": 4945000,
    "interestExpense": 732000,
    "depreciationAndAmortization": 19659000,
    "ebitda": 118096000,
    "ebitdaratio": 0.3595828576,
    "operatingIncome": 93492000,
    "operatingIncomeRatio": 0.2846677324,
    "totalOtherIncomeExpensesNet": 4213000,
    "incomeBeforeTax": 97705000,
    "incomeBeforeTaxRatio": 0.297495623,
    "incomeTaxExpense": 12536000,
    "netIncome": 85169000,
    "netIncomeRatio": 0.259325569,
    "eps": 0.24,
    "epsdiluted": 0.23,
    "weightedAverageShsOut": 362370000,
    "weightedAverageShsOutDil": 365670000,
    "link": "https://www.sec.gov/Archives/edgar/data/1057352/000105735219000052/0001057352-19-000052-index.htm",
    "finalLink": "https://www.sec.gov/Archives/edgar/data/1057352/000105735219000052/csgp-03312019x10q.htm"
  },
  {
    "date": "2018-12-31",
    "symbol": "CSGP",
    "reportedCurrency": "USD",
    "cik": "0001057352",
    "fillingDate": "2019-02-28",
    "acceptedDate": "2019-02-28 14:04:18",
    "calendarYear": "2018",
    "period": "Q4",
    "revenue": 315571000,
    "costOfRevenue": 68248000,
    "grossProfit": 247323000,
    "grossProfitRatio": 0.7837317117,
    "researchAndDevelopmentExpenses": 25580000,
    "generalAndAdministrativeExpenses": 39001000,
    "sellingAndMarketingExpenses": 69152000,
    "sellingGeneralAndAdministrativeExpenses": 108153000,
    "otherExpenses": 7933000,
    "operatingExpenses": 141666000,
    "costAndExpenses": 209914000,
    "interestIncome": 4607000,
    "interestExpense": 695000,
    "depreciationAndAmortization": 19743000,
    "ebitda": 130007000,
    "ebitdaratio": 0.4119738506,
    "operatingIncome": 105657000,
    "operatingIncomeRatio": 0.3348121342,
    "totalOtherIncomeExpensesNet": 3912000,
    "incomeBeforeTax": 109569000,
    "incomeBeforeTaxRatio": 0.3472087106,
    "incomeTaxExpense": 26060000,
    "netIncome": 83509000,
    "netIncomeRatio": 0.2646282453,
    "eps": 0.23,
    "epsdiluted": 0.23,
    "weightedAverageShsOut": 361360000,
    "weightedAverageShsOutDil": 364740000,
    "link": "https://www.sec.gov/Archives/edgar/data/1057352/000105735219000017/0001057352-19-000017-index.htm",
    "finalLink": "https://www.sec.gov/Archives/edgar/data/1057352/000105735219000017/csgp20181231-10k.htm"
  },
  {
    "date": "2018-09-30",
    "symbol": "CSGP",
    "reportedCurrency": "USD",
    "cik": "0001057352",
    "fillingDate": "2018-10-24",
    "acceptedDate": "2018-10-24 16:28:22",
    "calendarYear": "2018",
    "period": "Q3",
    "revenue": 305525000,
    "costOfRevenue": 72072000,
    "grossProfit": 233453000,
    "grossProfitRatio": 0.7641044104,
    "researchAndDevelopmentExpenses": 26173000,
    "generalAndAdministrativeExpenses": 39012000,
    "sellingAndMarketingExpenses": 89251000,
    "sellingGeneralAndAdministrativeExpenses": 128263000,
    "otherExpenses": 8329000,
    "operatingExpenses": 162765000,
    "costAndExpenses": 234837000,
    "interestIncome": 3035000,
    "interestExpense": 717000,
    "depreciationAndAmortization": 20433000,
    "ebitda": 94156000,
    "ebitdaratio": 0.3081777269,
    "operatingIncome": 70688000,
    "operatingIncomeRatio": 0.231365682,
    "totalOtherIncomeExpensesNet": 2318000,
    "incomeBeforeTax": 73006000,
    "incomeBeforeTaxRatio": 0.2389526225,
    "incomeTaxExpense": 14247000,
    "netIncome": 58759000,
    "netIncomeRatio": 0.192321414,
    "eps": 0.16,
    "epsdiluted": 0.16,
    "weightedAverageShsOut": 361290000,
    "weightedAverageShsOutDil": 365180000,
    "link": "https://www.sec.gov/Archives/edgar/data/1057352/000105735218000115/0001057352-18-000115-index.htm",
    "finalLink": "https://www.sec.gov/Archives/edgar/data/1057352/000105735218000115/csgp-9302018x10q.htm"
  },
  {
    "date": "2018-06-30",
    "symbol": "CSGP",
    "reportedCurrency": "USD",
    "cik": "0001057352",
    "fillingDate": "2018-07-25",
    "acceptedDate": "2018-07-25 17:27:31",
    "calendarYear": "2018",
    "period": "Q2",
    "revenue": 297018000,
    "costOfRevenue": 67136000,
    "grossProfit": 229882000,
    "grossProfitRatio": 0.7739665609,
    "researchAndDevelopmentExpenses": 26271000,
    "generalAndAdministrativeExpenses": 38056000,
    "sellingAndMarketingExpenses": 112965000,
    "sellingGeneralAndAdministrativeExpenses": 151021000,
    "otherExpenses": 8816000,
    "operatingExpenses": 186108000,
    "costAndExpenses": 253244000,
    "interestIncome": 2652000,
    "interestExpense": 728000,
    "depreciationAndAmortization": 20584000,
    "ebitda": 67010000,
    "ebitdaratio": 0.2256092223,
    "operatingIncome": 43774000,
    "operatingIncomeRatio": 0.1473782734,
    "totalOtherIncomeExpensesNet": 1924000,
    "incomeBeforeTax": 45698000,
    "incomeBeforeTaxRatio": 0.1538559953,
    "incomeTaxExpense": 1863000,
    "netIncome": 43835000,
    "netIncomeRatio": 0.1475836481,
    "eps": 0.12,
    "epsdiluted": 0.12,
    "weightedAverageShsOut": 360730000,
    "weightedAverageShsOutDil": 364500000,
    "link": "https://www.sec.gov/Archives/edgar/data/1057352/000105735218000082/0001057352-18-000082-index.htm",
    "finalLink": "https://www.sec.gov/Archives/edgar/data/1057352/000105735218000082/csgp-6302018x10q.htm"
  },
  {
    "date": "2018-03-31",
    "symbol": "CSGP",
    "reportedCurrency": "USD",
    "cik": "0001057352",
    "fillingDate": "2018-04-25",
    "acceptedDate": "2018-04-25 16:06:30",
    "calendarYear": "2018",
    "period": "Q1",
    "revenue": 273718000,
    "costOfRevenue": 62477000,
    "grossProfit": 211241000,
    "grossProfitRatio": 0.7717468343,
    "researchAndDevelopmentExpenses": 22913000,
    "generalAndAdministrativeExpenses": 40590000,
    "sellingAndMarketingExpenses": 88490000,
    "sellingGeneralAndAdministrativeExpenses": 129080000,
    "otherExpenses": 5803000,
    "operatingExpenses": 157796000,
    "costAndExpenses": 220273000,
    "interestIncome": 2987000,
    "interestExpense": 690000,
    "depreciationAndAmortization": 16983000,
    "ebitda": 73415000,
    "ebitdaratio": 0.2682140013,
    "operatingIncome": 53445000,
    "operatingIncomeRatio": 0.1952557011,
    "totalOtherIncomeExpensesNet": 2297000,
    "incomeBeforeTax": 55742000,
    "incomeBeforeTaxRatio": 0.2036475497,
    "incomeTaxExpense": 3511000,
    "netIncome": 52231000,
    "netIncomeRatio": 0.1908204795,
    "eps": 0.15,
    "epsdiluted": 0.14,
    "weightedAverageShsOut": 358930000,
    "weightedAverageShsOutDil": 363500000,
    "link": "https://www.sec.gov/Archives/edgar/data/1057352/000105735218000066/0001057352-18-000066-index.htm",
    "finalLink": "https://www.sec.gov/Archives/edgar/data/1057352/000105735218000066/csgp-3312018x10q.htm"
  },
  {
    "date": "2017-12-31",
    "symbol": "CSGP",
    "reportedCurrency": "USD",
    "cik": "0001057352",
    "fillingDate": "2018-02-23",
    "acceptedDate": "2018-02-22 19:09:26",
    "calendarYear": "2017",
    "period": "Q4",
    "revenue": 253991000,
    "costOfRevenue": 58301000,
    "grossProfit": 195690000,
    "grossProfitRatio": 0.7704603706,
    "researchAndDevelopmentExpenses": 21796000,
    "generalAndAdministrativeExpenses": 41578000,
    "sellingAndMarketingExpenses": 77529000,
    "sellingGeneralAndAdministrativeExpenses": 119107000,
    "otherExpenses": 4029000,
    "operatingExpenses": 144932000,
    "costAndExpenses": 203233000,
    "interestIncome": 2455000,
    "interestExpense": 734000,
    "depreciationAndAmortization": 15366000,
    "ebitda": 64791000,
    "ebitdaratio": 0.2550917158,
    "operatingIncome": 50758000,
    "operatingIncomeRatio": 0.1998417267,
    "totalOtherIncomeExpensesNet": -2067000,
    "incomeBeforeTax": 48691000,
    "incomeBeforeTaxRatio": 0.191703643,
    "incomeTaxExpense": 4487000,
    "netIncome": 44204000,
    "netIncomeRatio": 0.1740376628,
    "eps": 0.12,
    "epsdiluted": 0.12,
    "weightedAverageShsOut": 356750000,
    "weightedAverageShsOutDil": 361190000,
    "link": "https://www.sec.gov/Archives/edgar/data/1057352/000105735218000011/0001057352-18-000011-index.htm",
    "finalLink": "https://www.sec.gov/Archives/edgar/data/1057352/000105735218000011/csgp20171231-10k.htm"
  },
  {
    "date": "2017-09-30",
    "symbol": "CSGP",
    "reportedCurrency": "USD",
    "cik": "0001057352",
    "fillingDate": "2017-10-26",
    "acceptedDate": "2017-10-26 17:24:41",
    "calendarYear": "2017",
    "period": "Q3",
    "revenue": 247533000,
    "costOfRevenue": 55483000,
    "grossProfit": 192050000,
    "grossProfitRatio": 0.7758561485,
    "researchAndDevelopmentExpenses": 21536000,
    "generalAndAdministrativeExpenses": 35998000,
    "sellingAndMarketingExpenses": 72705000,
    "sellingGeneralAndAdministrativeExpenses": 108703000,
    "otherExpenses": 4298000,
    "operatingExpenses": 134537000,
    "costAndExpenses": 190020000,
    "interestIncome": 555000,
    "interestExpense": 2901000,
    "depreciationAndAmortization": 15119000,
    "ebitda": 73187000,
    "ebitdaratio": 0.2956656284,
    "operatingIncome": 57513000,
    "operatingIncomeRatio": 0.2323447783,
    "totalOtherIncomeExpensesNet": -2346000,
    "incomeBeforeTax": 55167000,
    "incomeBeforeTaxRatio": 0.2228672541,
    "incomeTaxExpense": 20990000,
    "netIncome": 34177000,
    "netIncomeRatio": 0.1380704795,
    "eps": 0.11,
    "epsdiluted": 0.1,
    "weightedAverageShsOut": 324440000,
    "weightedAverageShsOutDil": 328140000,
    "link": "https://www.sec.gov/Archives/edgar/data/1057352/000105735217000075/0001057352-17-000075-index.htm",
    "finalLink": "https://www.sec.gov/Archives/edgar/data/1057352/000105735217000075/csgp-9302017x10q.htm"
  },
  {
    "date": "2017-06-30",
    "symbol": "CSGP",
    "reportedCurrency": "USD",
    "cik": "0001057352",
    "fillingDate": "2017-07-27",
    "acceptedDate": "2017-07-27 13:31:00",
    "calendarYear": "2017",
    "period": "Q2",
    "revenue": 237153000,
    "costOfRevenue": 55273000,
    "grossProfit": 181880000,
    "grossProfitRatio": 0.7669310529,
    "researchAndDevelopmentExpenses": 23144000,
    "generalAndAdministrativeExpenses": 34557000,
    "sellingAndMarketingExpenses": 91726000,
    "sellingGeneralAndAdministrativeExpenses": 126283000,
    "otherExpenses": 4570000,
    "operatingExpenses": 153997000,
    "costAndExpenses": 209270000,
    "interestIncome": 605000,
    "interestExpense": 2693000,
    "depreciationAndAmortization": 15860000,
    "ebitda": 44348000,
    "ebitdaratio": 0.1870016403,
    "operatingIncome": 27883000,
    "operatingIncomeRatio": 0.1175738869,
    "totalOtherIncomeExpensesNet": -2088000,
    "incomeBeforeTax": 25795000,
    "incomeBeforeTaxRatio": 0.1087694442,
    "incomeTaxExpense": 3611000,
    "netIncome": 22184000,
    "netIncomeRatio": 0.093542987,
    "eps": 0.068,
    "epsdiluted": 0.068,
    "weightedAverageShsOut": 324060000,
    "weightedAverageShsOutDil": 327390000,
    "link": "https://www.sec.gov/Archives/edgar/data/1057352/000105735217000045/0001057352-17-000045-index.htm",
    "finalLink": "https://www.sec.gov/Archives/edgar/data/1057352/000105735217000045/csgp-6302017x10q.htm"
  },
  {
    "date": "2017-03-31",
    "symbol": "CSGP",
    "reportedCurrency": "USD",
    "cik": "0001057352",
    "fillingDate": "2017-04-27",
    "acceptedDate": "2017-04-27 15:03:43",
    "calendarYear": "2017",
    "period": "Q1",
    "revenue": 226553000,
    "costOfRevenue": 51346000,
    "grossProfit": 175207000,
    "grossProfitRatio": 0.7733598761,
    "researchAndDevelopmentExpenses": 22374000,
    "generalAndAdministrativeExpenses": 33995000,
    "sellingAndMarketingExpenses": 76402000,
    "sellingGeneralAndAdministrativeExpenses": 110397000,
    "otherExpenses": 4774000,
    "operatingExpenses": 137545000,
    "costAndExpenses": 188891000,
    "interestIncome": 429000,
    "interestExpense": 2686000,
    "depreciationAndAmortization": 17298000,
    "ebitda": 55389000,
    "ebitdaratio": 0.2444858378,
    "operatingIncome": 37662000,
    "operatingIncomeRatio": 0.1662392464,
    "totalOtherIncomeExpensesNet": -2257000,
    "incomeBeforeTax": 35405000,
    "incomeBeforeTaxRatio": 0.1562768977,
    "incomeTaxExpense": 13275000,
    "netIncome": 22130000,
    "netIncomeRatio": 0.0976813373,
    "eps": 0.069,
    "epsdiluted": 0.068,
    "weightedAverageShsOut": 322760000,
    "weightedAverageShsOutDil": 325630000,
    "link": "https://www.sec.gov/Archives/edgar/data/1057352/000105735217000027/0001057352-17-000027-index.htm",
    "finalLink": "https://www.sec.gov/Archives/edgar/data/1057352/000105735217000027/csgp-3312017x10q.htm"
  },
  {
    "date": "2016-12-31",
    "symbol": "CSGP",
    "reportedCurrency": "USD",
    "cik": "0001057352",
    "fillingDate": "2017-02-24",
    "acceptedDate": "2017-02-23 18:21:15",
    "calendarYear": "2016",
    "period": "Q4",
    "revenue": 218311000,
    "costOfRevenue": 46013000,
    "grossProfit": 172298000,
    "grossProfitRatio": 0.7892318756,
    "researchAndDevelopmentExpenses": 19861000,
    "generalAndAdministrativeExpenses": 35022000,
    "sellingAndMarketingExpenses": 65397000,
    "sellingGeneralAndAdministrativeExpenses": 100419000,
    "otherExpenses": 5129000,
    "operatingExpenses": 125409000,
    "costAndExpenses": 171422000,
    "interestIncome": 1186000,
    "interestExpense": 2554000,
    "depreciationAndAmortization": 17124000,
    "ebitda": 65199000,
    "ebitdaratio": 0.2986519232,
    "operatingIncome": 46889000,
    "operatingIncomeRatio": 0.2147807486,
    "totalOtherIncomeExpensesNet": -1368000,
    "incomeBeforeTax": 45521000,
    "incomeBeforeTaxRatio": 0.2085144587,
    "incomeTaxExpense": 15948000,
    "netIncome": 29573000,
    "netIncomeRatio": 0.1354627115,
    "eps": 0.092,
    "epsdiluted": 0.091,
    "weightedAverageShsOut": 322130000,
    "weightedAverageShsOutDil": 324730000,
    "link": "https://www.sec.gov/Archives/edgar/data/1057352/000105735217000008/0001057352-17-000008-index.htm",
    "finalLink": "https://www.sec.gov/Archives/edgar/data/1057352/000105735217000008/csgp20161231-10k.htm"
  },
  {
    "date": "2016-09-30",
    "symbol": "CSGP",
    "reportedCurrency": "USD",
    "cik": "0001057352",
    "fillingDate": "2016-10-27",
    "acceptedDate": "2016-10-27 17:02:30",
    "calendarYear": "2016",
    "period": "Q3",
    "revenue": 212711000,
    "costOfRevenue": 42222000,
    "grossProfit": 170489000,
    "grossProfitRatio": 0.8015053288,
    "researchAndDevelopmentExpenses": 19357000,
    "generalAndAdministrativeExpenses": 30572000,
    "sellingAndMarketingExpenses": 75414000,
    "sellingGeneralAndAdministrativeExpenses": 105986000,
    "otherExpenses": 5550000,
    "operatingExpenses": 130893000,
    "costAndExpenses": 173115000,
    "interestIncome": 344000,
    "interestExpense": 2498000,
    "depreciationAndAmortization": 18080000,
    "ebitda": 58020000,
    "ebitdaratio": 0.2727644551,
    "operatingIncome": 39596000,
    "operatingIncomeRatio": 0.1861492824,
    "totalOtherIncomeExpensesNet": -2154000,
    "incomeBeforeTax": 37442000,
    "incomeBeforeTaxRatio": 0.1760228667,
    "incomeTaxExpense": 14241000,
    "netIncome": 23201000,
    "netIncomeRatio": 0.1090728735,
    "eps": 0.072,
    "epsdiluted": 0.072,
    "weightedAverageShsOut": 321860000,
    "weightedAverageShsOutDil": 324400000,
    "link": "https://www.sec.gov/Archives/edgar/data/1057352/000105735216000165/0001057352-16-000165-index.htm",
    "finalLink": "https://www.sec.gov/Archives/edgar/data/1057352/000105735216000165/csgp-9302016x10q.htm"
  },
  {
    "date": "2016-06-30",
    "symbol": "CSGP",
    "reportedCurrency": "USD",
    "cik": "0001057352",
    "fillingDate": "2016-07-28",
    "acceptedDate": "2016-07-28 15:29:30",
    "calendarYear": "2016",
    "period": "Q2",
    "revenue": 206869000,
    "costOfRevenue": 42679000,
    "grossProfit": 164190000,
    "grossProfitRatio": 0.7936906931,
    "researchAndDevelopmentExpenses": 19547000,
    "generalAndAdministrativeExpenses": 30227000,
    "sellingAndMarketingExpenses": 80468000,
    "sellingGeneralAndAdministrativeExpenses": 110695000,
    "otherExpenses": 5829000,
    "operatingExpenses": 136071000,
    "costAndExpenses": 178750000,
    "interestIncome": 159000,
    "interestExpense": 2455000,
    "depreciationAndAmortization": 17440000,
    "ebitda": 45718000,
    "ebitdaratio": 0.2209997631,
    "operatingIncome": 28119000,
    "operatingIncomeRatio": 0.1359266009,
    "totalOtherIncomeExpensesNet": -2296000,
    "incomeBeforeTax": 25823000,
    "incomeBeforeTaxRatio": 0.1248277896,
    "incomeTaxExpense": 10247000,
    "netIncome": 15576000,
    "netIncomeRatio": 0.0752940267,
    "eps": 0.048,
    "epsdiluted": 0.048,
    "weightedAverageShsOut": 321860000,
    "weightedAverageShsOutDil": 324480000,
    "link": "https://www.sec.gov/Archives/edgar/data/1057352/000105735216000143/0001057352-16-000143-index.htm",
    "finalLink": "https://www.sec.gov/Archives/edgar/data/1057352/000105735216000143/csgp-6302016x10q.htm"
  },
  {
    "date": "2016-03-31",
    "symbol": "CSGP",
    "reportedCurrency": "USD",
    "cik": "0001057352",
    "fillingDate": "2016-04-28",
    "acceptedDate": "2016-04-28 16:12:27",
    "calendarYear": "2016",
    "period": "Q1",
    "revenue": 199739000,
    "costOfRevenue": 42900000,
    "grossProfit": 156839000,
    "grossProfitRatio": 0.7852197117,
    "researchAndDevelopmentExpenses": 17635000,
    "generalAndAdministrativeExpenses": 27476000,
    "sellingAndMarketingExpenses": 75204000,
    "sellingGeneralAndAdministrativeExpenses": 102680000,
    "otherExpenses": 6223000,
    "operatingExpenses": 126538000,
    "costAndExpenses": 169438000,
    "interestIncome": 84000,
    "interestExpense": 2509000,
    "depreciationAndAmortization": 17521000,
    "ebitda": 47906000,
    "ebitdaratio": 0.2398429951,
    "operatingIncome": 30301000,
    "operatingIncomeRatio": 0.1517029724,
    "totalOtherIncomeExpensesNet": -2425000,
    "incomeBeforeTax": 27876000,
    "incomeBeforeTaxRatio": 0.1395621286,
    "incomeTaxExpense": 11155000,
    "netIncome": 16721000,
    "netIncomeRatio": 0.0837142471,
    "eps": 0.052,
    "epsdiluted": 0.052,
    "weightedAverageShsOut": 320850000,
    "weightedAverageShsOutDil": 323820000,
    "link": "https://www.sec.gov/Archives/edgar/data/1057352/000105735216000128/0001057352-16-000128-index.htm",
    "finalLink": "https://www.sec.gov/Archives/edgar/data/1057352/000105735216000128/csgp-3312016x10q.htm"
  },
  {
    "date": "2015-12-31",
    "symbol": "CSGP",
    "reportedCurrency": "USD",
    "cik": "0001057352",
    "fillingDate": "2016-02-26",
    "acceptedDate": "2016-02-25 18:57:53",
    "calendarYear": "2015",
    "period": "Q4",
    "revenue": 193009000,
    "costOfRevenue": 45127000,
    "grossProfit": 147882000,
    "grossProfitRatio": 0.7661922501,
    "researchAndDevelopmentExpenses": 16720000,
    "generalAndAdministrativeExpenses": 29161000,
    "sellingAndMarketingExpenses": 59808000,
    "sellingGeneralAndAdministrativeExpenses": 88969000,
    "otherExpenses": 6671000,
    "operatingExpenses": 112360000,
    "costAndExpenses": 157487000,
    "interestIncome": 64000,
    "interestExpense": 2351000,
    "depreciationAndAmortization": 19525000,
    "ebitda": 55111000,
    "ebitdaratio": 0.2855359077,
    "operatingIncome": 35522000,
    "operatingIncomeRatio": 0.1840432311,
    "totalOtherIncomeExpensesNet": -2287000,
    "incomeBeforeTax": 33235000,
    "incomeBeforeTaxRatio": 0.1721940428,
    "incomeTaxExpense": 10245000,
    "netIncome": 22990000,
    "netIncomeRatio": 0.1191136165,
    "eps": 0.072,
    "epsdiluted": 0.071,
    "weightedAverageShsOut": 319990000,
    "weightedAverageShsOutDil": 322840000,
    "link": "https://www.sec.gov/Archives/edgar/data/1057352/000105735216000103/0001057352-16-000103-index.htm",
    "finalLink": "https://www.sec.gov/Archives/edgar/data/1057352/000105735216000103/csgp20151231-10k.htm"
  },
  {
    "date": "2015-09-30",
    "symbol": "CSGP",
    "reportedCurrency": "USD",
    "cik": "0001057352",
    "fillingDate": "2015-10-29",
    "acceptedDate": "2015-10-29 15:50:02",
    "calendarYear": "2015",
    "period": "Q3",
    "revenue": 189078000,
    "costOfRevenue": 53728000,
    "grossProfit": 135350000,
    "grossProfitRatio": 0.7158421392,
    "researchAndDevelopmentExpenses": 17048000,
    "generalAndAdministrativeExpenses": 31074000,
    "sellingAndMarketingExpenses": 80506000,
    "sellingGeneralAndAdministrativeExpenses": 111580000,
    "otherExpenses": 7153000,
    "operatingExpenses": 135781000,
    "costAndExpenses": 189509000,
    "interestIncome": 42000,
    "interestExpense": 2363000,
    "depreciationAndAmortization": 22520000,
    "ebitda": 22131000,
    "ebitdaratio": 0.117046933,
    "operatingIncome": -431000,
    "operatingIncomeRatio": -0.0022794825,
    "totalOtherIncomeExpensesNet": -2321000,
    "incomeBeforeTax": -2752000,
    "incomeBeforeTaxRatio": -0.0145548398,
    "incomeTaxExpense": 2610000,
    "netIncome": -5362000,
    "netIncomeRatio": -0.0283586668,
    "eps": -0.017,
    "epsdiluted": -0.0168,
    "weightedAverageShsOut": 315411764,
    "weightedAverageShsOutDil": 319800000,
    "link": "https://www.sec.gov/Archives/edgar/data/1057352/000105735215000082/0001057352-15-000082-index.htm",
    "finalLink": "https://www.sec.gov/Archives/edgar/data/1057352/000105735215000082/csgp-9302015x10q.htm"
  },
  {
    "date": "2015-06-30",
    "symbol": "CSGP",
    "reportedCurrency": "USD",
    "cik": "0001057352",
    "fillingDate": "2015-07-30",
    "acceptedDate": "2015-07-30 16:31:57",
    "calendarYear": "2015",
    "period": "Q2",
    "revenue": 170657000,
    "costOfRevenue": 44634000,
    "grossProfit": 126023000,
    "grossProfitRatio": 0.7384578423,
    "researchAndDevelopmentExpenses": 16844000,
    "generalAndAdministrativeExpenses": 29909000,
    "sellingAndMarketingExpenses": 92434000,
    "sellingGeneralAndAdministrativeExpenses": 122343000,
    "otherExpenses": 6965000,
    "operatingExpenses": 146152000,
    "costAndExpenses": 190786000,
    "interestIncome": 137000,
    "interestExpense": 2354000,
    "depreciationAndAmortization": 18674000,
    "ebitda": -1318000,
    "ebitdaratio": -0.0077230937,
    "operatingIncome": -20129000,
    "operatingIncomeRatio": -0.1179500401,
    "totalOtherIncomeExpensesNet": -2217000,
    "incomeBeforeTax": -22346000,
    "incomeBeforeTaxRatio": -0.1309410103,
    "incomeTaxExpense": -7380000,
    "netIncome": -14966000,
    "netIncomeRatio": -0.0876963734,
    "eps": -0.047,
    "epsdiluted": -0.0468,
    "weightedAverageShsOut": 318425531,
    "weightedAverageShsOutDil": 319910000,
    "link": "https://www.sec.gov/Archives/edgar/data/1057352/000105735215000056/0001057352-15-000056-index.htm",
    "finalLink": "https://www.sec.gov/Archives/edgar/data/1057352/000105735215000056/csgp-6302015x10q.htm"
  },
  {
    "date": "2015-03-31",
    "symbol": "CSGP",
    "reportedCurrency": "USD",
    "cik": "0001057352",
    "fillingDate": "2015-04-30",
    "acceptedDate": "2015-04-30 14:41:57",
    "calendarYear": "2015",
    "period": "Q1",
    "revenue": 159020000,
    "costOfRevenue": 45396000,
    "grossProfit": 113624000,
    "grossProfitRatio": 0.7145264747,
    "researchAndDevelopmentExpenses": 15148000,
    "generalAndAdministrativeExpenses": 25363000,
    "sellingAndMarketingExpenses": 69478000,
    "sellingGeneralAndAdministrativeExpenses": 94841000,
    "otherExpenses": 7142000,
    "operatingExpenses": 117131000,
    "costAndExpenses": 162527000,
    "interestIncome": 294000,
    "interestExpense": 2343000,
    "depreciationAndAmortization": 17813000,
    "ebitda": 14600000,
    "ebitdaratio": 0.0918123506,
    "operatingIncome": -3507000,
    "operatingIncomeRatio": -0.0220538297,
    "totalOtherIncomeExpensesNet": -2049000,
    "incomeBeforeTax": -5556000,
    "incomeBeforeTaxRatio": -0.0349390014,
    "incomeTaxExpense": 571000,
    "netIncome": -6127000,
    "netIncomeRatio": -0.0385297447,
    "eps": -0.0192,
    "epsdiluted": -0.0192,
    "weightedAverageShsOut": 318310000,
    "weightedAverageShsOutDil": 318310000,
    "link": "https://www.sec.gov/Archives/edgar/data/1057352/000105735215000041/0001057352-15-000041-index.htm",
    "finalLink": "https://www.sec.gov/Archives/edgar/data/1057352/000105735215000041/csgp-3312015x10q.htm"
  },
  {
    "date": "2014-12-31",
    "symbol": "CSGP",
    "reportedCurrency": "USD",
    "cik": "0001057352",
    "fillingDate": "2015-02-26",
    "acceptedDate": "2015-02-26 16:14:32",
    "calendarYear": "2014",
    "period": "Q4",
    "revenue": 156096000,
    "costOfRevenue": 42923000,
    "grossProfit": 113173000,
    "grossProfitRatio": 0.7250217815,
    "researchAndDevelopmentExpenses": 13705000,
    "generalAndAdministrativeExpenses": 27381000,
    "sellingAndMarketingExpenses": 41003000,
    "sellingGeneralAndAdministrativeExpenses": 68384000,
    "otherExpenses": 7736000,
    "operatingExpenses": 89825000,
    "costAndExpenses": 132748000,
    "interestIncome": 271000,
    "interestExpense": 2415000,
    "depreciationAndAmortization": 19639000,
    "ebitda": 43258000,
    "ebitdaratio": 0.2771243337,
    "operatingIncome": 23348000,
    "operatingIncomeRatio": 0.1495746207,
    "totalOtherIncomeExpensesNet": -2144000,
    "incomeBeforeTax": 21204000,
    "incomeBeforeTaxRatio": 0.1358394834,
    "incomeTaxExpense": 7281000,
    "netIncome": 13923000,
    "netIncomeRatio": 0.0891951107,
    "eps": 0.044,
    "epsdiluted": 0.043,
    "weightedAverageShsOut": 317610000,
    "weightedAverageShsOutDil": 321420000,
    "link": "https://www.sec.gov/Archives/edgar/data/1057352/000105735215000012/0001057352-15-000012-index.htm",
    "finalLink": "https://www.sec.gov/Archives/edgar/data/1057352/000105735215000012/csgp-10k_20141231.htm"
  },
  {
    "date": "2014-09-30",
    "symbol": "CSGP",
    "reportedCurrency": "USD",
    "cik": "0001057352",
    "fillingDate": "2014-10-30",
    "acceptedDate": "2014-10-30 16:01:32",
    "calendarYear": "2014",
    "period": "Q3",
    "revenue": 153056000,
    "costOfRevenue": 40932000,
    "grossProfit": 112124000,
    "grossProfitRatio": 0.7325684717,
    "researchAndDevelopmentExpenses": 14227000,
    "generalAndAdministrativeExpenses": 25388000,
    "sellingAndMarketingExpenses": 40668000,
    "sellingGeneralAndAdministrativeExpenses": 66056000,
    "otherExpenses": 8361000,
    "operatingExpenses": 88644000,
    "costAndExpenses": 129576000,
    "interestIncome": 46000,
    "interestExpense": 2698000,
    "depreciationAndAmortization": 20212000,
    "ebitda": 43738000,
    "ebitdaratio": 0.2857646874,
    "operatingIncome": 23480000,
    "operatingIncomeRatio": 0.153407903,
    "totalOtherIncomeExpensesNet": -2652000,
    "incomeBeforeTax": 20828000,
    "incomeBeforeTaxRatio": 0.1360809116,
    "incomeTaxExpense": 7871000,
    "netIncome": 12957000,
    "netIncomeRatio": 0.0846552896,
    "eps": 0.041,
    "epsdiluted": 0.04,
    "weightedAverageShsOut": 317420000,
    "weightedAverageShsOutDil": 320750000,
    "link": "https://www.sec.gov/Archives/edgar/data/1057352/000105735214000073/0001057352-14-000073-index.htm",
    "finalLink": "https://www.sec.gov/Archives/edgar/data/1057352/000105735214000073/csgp-9302014x10q.htm"
  },
  {
    "date": "2014-06-30",
    "symbol": "CSGP",
    "reportedCurrency": "USD",
    "cik": "0001057352",
    "fillingDate": "2014-07-25",
    "acceptedDate": "2014-07-24 17:48:39",
    "calendarYear": "2014",
    "period": "Q2",
    "revenue": 147708000,
    "costOfRevenue": 39481000,
    "grossProfit": 108227000,
    "grossProfitRatio": 0.7327091288,
    "researchAndDevelopmentExpenses": 15143000,
    "generalAndAdministrativeExpenses": 26250000,
    "sellingAndMarketingExpenses": 40889000,
    "sellingGeneralAndAdministrativeExpenses": 67139000,
    "otherExpenses": 9036000,
    "operatingExpenses": 91318000,
    "costAndExpenses": 130799000,
    "interestIncome": 62000,
    "interestExpense": 3753000,
    "depreciationAndAmortization": 20670000,
    "ebitda": 37641000,
    "ebitdaratio": 0.2548338614,
    "operatingIncome": 16909000,
    "operatingIncomeRatio": 0.1144758578,
    "totalOtherIncomeExpensesNet": -3691000,
    "incomeBeforeTax": 13218000,
    "incomeBeforeTaxRatio": 0.089487367,
    "incomeTaxExpense": 4969000,
    "netIncome": 8249000,
    "netIncomeRatio": 0.0558466705,
    "eps": 0.028,
    "epsdiluted": 0.028,
    "weightedAverageShsOut": 290610000,
    "weightedAverageShsOutDil": 294860000,
    "link": "https://www.sec.gov/Archives/edgar/data/1057352/000105735214000050/0001057352-14-000050-index.htm",
    "finalLink": "https://www.sec.gov/Archives/edgar/data/1057352/000105735214000050/csgp-6302014x10q.htm"
  },
  {
    "date": "2014-03-31",
    "symbol": "CSGP",
    "reportedCurrency": "USD",
    "cik": "0001057352",
    "fillingDate": "2014-04-24",
    "acceptedDate": "2014-04-24 15:51:51",
    "calendarYear": "2014",
    "period": "Q1",
    "revenue": 119076000,
    "costOfRevenue": 33643000,
    "grossProfit": 85433000,
    "grossProfitRatio": 0.7174661561,
    "researchAndDevelopmentExpenses": 12351000,
    "generalAndAdministrativeExpenses": 24897000,
    "sellingAndMarketingExpenses": 27745000,
    "sellingGeneralAndAdministrativeExpenses": 52642000,
    "otherExpenses": 3299000,
    "operatingExpenses": 68292000,
    "costAndExpenses": 101935000,
    "interestIncome": 137000,
    "interestExpense": 1615000,
    "depreciationAndAmortization": 9851000,
    "ebitda": 27129000,
    "ebitdaratio": 0.2278292855,
    "operatingIncome": 17141000,
    "operatingIncomeRatio": 0.1439500823,
    "totalOtherIncomeExpensesNet": -1478000,
    "incomeBeforeTax": 15663000,
    "incomeBeforeTaxRatio": 0.1315378414,
    "incomeTaxExpense": 5923000,
    "netIncome": 9740000,
    "netIncomeRatio": 0.0817964997,
    "eps": 0.034,
    "epsdiluted": 0.034,
    "weightedAverageShsOut": 282730000,
    "weightedAverageShsOutDil": 288400000,
    "link": "https://www.sec.gov/Archives/edgar/data/1057352/000105735214000039/0001057352-14-000039-index.htm",
    "finalLink": "https://www.sec.gov/Archives/edgar/data/1057352/000105735214000039/csgp-3312014x10q.htm"
  },
  {
    "date": "2013-12-31",
    "symbol": "CSGP",
    "reportedCurrency": "USD",
    "cik": "0001057352",
    "fillingDate": "2014-02-20",
    "acceptedDate": "2014-02-20 16:40:09",
    "calendarYear": "2013",
    "period": "Q4",
    "revenue": 115610000,
    "costOfRevenue": 31754000,
    "grossProfit": 83856000,
    "grossProfitRatio": 0.7253351786,
    "researchAndDevelopmentExpenses": 11605000,
    "generalAndAdministrativeExpenses": 22499000,
    "sellingAndMarketingExpenses": 24569000,
    "sellingGeneralAndAdministrativeExpenses": 47068000,
    "otherExpenses": 3484000,
    "operatingExpenses": 62157000,
    "costAndExpenses": 93911000,
    "interestIncome": 87000,
    "interestExpense": 1694000,
    "depreciationAndAmortization": 9821000,
    "ebitda": 31607000,
    "ebitdaratio": 0.2733933051,
    "operatingIncome": 21699000,
    "operatingIncomeRatio": 0.1876913762,
    "totalOtherIncomeExpensesNet": -1607000,
    "incomeBeforeTax": 20092000,
    "incomeBeforeTaxRatio": 0.1737911945,
    "incomeTaxExpense": 7293000,
    "netIncome": 12799000,
    "netIncomeRatio": 0.1107084162,
    "eps": 0.046,
    "epsdiluted": 0.045,
    "weightedAverageShsOut": 278570000,
    "weightedAverageShsOutDil": 284380000,
    "link": "https://www.sec.gov/Archives/edgar/data/1057352/000105735214000006/0001057352-14-000006-index.htm",
    "finalLink": "https://www.sec.gov/Archives/edgar/data/1057352/000105735214000006/csgp20131231-10k.htm"
  },
  {
    "date": "2013-09-30",
    "symbol": "CSGP",
    "reportedCurrency": "USD",
    "cik": "0001057352",
    "fillingDate": "2013-10-24",
    "acceptedDate": "2013-10-24 15:05:58",
    "calendarYear": "2013",
    "period": "Q3",
    "revenue": 112301000,
    "costOfRevenue": 31724000,
    "grossProfit": 80577000,
    "grossProfitRatio": 0.717509194,
    "researchAndDevelopmentExpenses": 11562000,
    "generalAndAdministrativeExpenses": 21940000,
    "sellingAndMarketingExpenses": 23625000,
    "sellingGeneralAndAdministrativeExpenses": 45565000,
    "otherExpenses": 3680000,
    "operatingExpenses": 60807000,
    "costAndExpenses": 92531000,
    "interestIncome": 52000,
    "interestExpense": 1736000,
    "depreciationAndAmortization": 10022000,
    "ebitda": 29844000,
    "ebitdaratio": 0.2657500824,
    "operatingIncome": 19770000,
    "operatingIncomeRatio": 0.1760447369,
    "totalOtherIncomeExpensesNet": -1684000,
    "incomeBeforeTax": 18086000,
    "incomeBeforeTaxRatio": 0.1610493228,
    "incomeTaxExpense": 7034000,
    "netIncome": 11052000,
    "netIncomeRatio": 0.0984140836,
    "eps": 0.04,
    "epsdiluted": 0.039,
    "weightedAverageShsOut": 277580000,
    "weightedAverageShsOutDil": 283490000,
    "link": "https://www.sec.gov/Archives/edgar/data/1057352/000105735213000078/0001057352-13-000078-index.htm",
    "finalLink": "https://www.sec.gov/Archives/edgar/data/1057352/000105735213000078/csgp-9302013x10q.htm"
  },
  {
    "date": "2013-06-30",
    "symbol": "CSGP",
    "reportedCurrency": "USD",
    "cik": "0001057352",
    "fillingDate": "2013-07-24",
    "acceptedDate": "2013-07-24 16:24:36",
    "calendarYear": "2013",
    "period": "Q2",
    "revenue": 108999000,
    "costOfRevenue": 32101000,
    "grossProfit": 76898000,
    "grossProfitRatio": 0.7054927109,
    "researchAndDevelopmentExpenses": 11488000,
    "generalAndAdministrativeExpenses": 22697000,
    "sellingAndMarketingExpenses": 23536000,
    "sellingGeneralAndAdministrativeExpenses": 46233000,
    "otherExpenses": 3894000,
    "operatingExpenses": 61615000,
    "costAndExpenses": 93716000,
    "interestIncome": 83000,
    "interestExpense": 1758000,
    "depreciationAndAmortization": 10049000,
    "ebitda": 25415000,
    "ebitdaratio": 0.2331672768,
    "operatingIncome": 15283000,
    "operatingIncomeRatio": 0.1402122955,
    "totalOtherIncomeExpensesNet": -1675000,
    "incomeBeforeTax": 13608000,
    "incomeBeforeTaxRatio": 0.1248451821,
    "incomeTaxExpense": 5315000,
    "netIncome": 8293000,
    "netIncomeRatio": 0.0760832668,
    "eps": 0.03,
    "epsdiluted": 0.029,
    "weightedAverageShsOut": 276360000,
    "weightedAverageShsOutDil": 281680000,
    "link": "https://www.sec.gov/Archives/edgar/data/1057352/000105735213000048/0001057352-13-000048-index.htm",
    "finalLink": "https://www.sec.gov/Archives/edgar/data/1057352/000105735213000048/csgp-6302013x10q.htm"
  },
  {
    "date": "2013-03-31",
    "symbol": "CSGP",
    "reportedCurrency": "USD",
    "cik": "0001057352",
    "fillingDate": "2013-04-25",
    "acceptedDate": "2013-04-25 14:24:27",
    "calendarYear": "2013",
    "period": "Q1",
    "revenue": 104033000,
    "costOfRevenue": 33606000,
    "grossProfit": 70427000,
    "grossProfitRatio": 0.6769678852,
    "researchAndDevelopmentExpenses": 12102000,
    "generalAndAdministrativeExpenses": 29820000,
    "sellingAndMarketingExpenses": 26978000,
    "sellingGeneralAndAdministrativeExpenses": 56798000,
    "otherExpenses": 4125000,
    "operatingExpenses": 73025000,
    "costAndExpenses": 106631000,
    "interestIncome": 104000,
    "interestExpense": 1755000,
    "depreciationAndAmortization": 10166000,
    "ebitda": 7672000,
    "ebitdaratio": 0.0737458306,
    "operatingIncome": -2598000,
    "operatingIncomeRatio": -0.0249728452,
    "totalOtherIncomeExpensesNet": -1651000,
    "incomeBeforeTax": -4249000,
    "incomeBeforeTaxRatio": -0.0408428095,
    "incomeTaxExpense": -1839000,
    "netIncome": -2410000,
    "netIncomeRatio": -0.0231657263,
    "eps": -0.009,
    "epsdiluted": -0.0088,
    "weightedAverageShsOut": 267777777,
    "weightedAverageShsOutDil": 274280000,
    "link": "https://www.sec.gov/Archives/edgar/data/1057352/000105735213000039/0001057352-13-000039-index.htm",
    "finalLink": "https://www.sec.gov/Archives/edgar/data/1057352/000105735213000039/mastercopycsgp-3312013x10q.htm"
  },
  {
    "date": "2012-12-31",
    "symbol": "CSGP",
    "reportedCurrency": "USD",
    "cik": "0001057352",
    "fillingDate": "2013-03-01",
    "acceptedDate": "2013-02-28 17:58:52",
    "calendarYear": "2012",
    "period": "Q4",
    "revenue": 100083000,
    "costOfRevenue": 31478000,
    "grossProfit": 68605000,
    "grossProfitRatio": 0.6854810507,
    "researchAndDevelopmentExpenses": 10042000,
    "generalAndAdministrativeExpenses": 17552000,
    "sellingAndMarketingExpenses": 26537000,
    "sellingGeneralAndAdministrativeExpenses": 44089000,
    "otherExpenses": 4569000,
    "operatingExpenses": 58700000,
    "costAndExpenses": 90178000,
    "interestIncome": 86000,
    "interestExpense": 0,
    "depreciationAndAmortization": 10553000,
    "ebitda": 20984000,
    "ebitdaratio": 0.2096659772,
    "operatingIncome": 9905000,
    "operatingIncomeRatio": 0.0989678567,
    "totalOtherIncomeExpensesNet": -1724000,
    "incomeBeforeTax": 8181000,
    "incomeBeforeTaxRatio": 0.081742154,
    "incomeTaxExpense": 3467000,
    "netIncome": 4714000,
    "netIncomeRatio": 0.0471009062,
    "eps": 0.017,
    "epsdiluted": 0.017,
    "weightedAverageShsOut": 272950000,
    "weightedAverageShsOutDil": 277240000,
    "link": "https://www.sec.gov/Archives/edgar/data/1057352/000105735213000013/0001057352-13-000013-index.htm",
    "finalLink": "https://www.sec.gov/Archives/edgar/data/1057352/000105735213000013/csgp20121231-10k.htm"
  },
  {
    "date": "2012-09-30",
    "symbol": "CSGP",
    "reportedCurrency": "USD",
    "cik": "0001057352",
    "fillingDate": "2012-10-25",
    "acceptedDate": "2012-10-25 16:10:13",
    "calendarYear": "2012",
    "period": "Q3",
    "revenue": 96001000,
    "costOfRevenue": 30882000,
    "grossProfit": 65119000,
    "grossProfitRatio": 0.6783158509,
    "researchAndDevelopmentExpenses": 9722000,
    "generalAndAdministrativeExpenses": 19617000,
    "sellingAndMarketingExpenses": 22010000,
    "sellingGeneralAndAdministrativeExpenses": 41627000,
    "otherExpenses": 4824000,
    "operatingExpenses": 56173000,
    "costAndExpenses": 87055000,
    "interestIncome": 59000,
    "interestExpense": 1822000,
    "depreciationAndAmortization": 10695000,
    "ebitda": 19700000,
    "ebitdaratio": 0.2052061958,
    "operatingIncome": 8946000,
    "operatingIncomeRatio": 0.0931865293,
    "totalOtherIncomeExpensesNet": -1763000,
    "incomeBeforeTax": 7183000,
    "incomeBeforeTaxRatio": 0.0748221373,
    "incomeTaxExpense": 404000,
    "netIncome": 6779000,
    "netIncomeRatio": 0.0706138478,
    "eps": 0.025,
    "epsdiluted": 0.024,
    "weightedAverageShsOut": 272430000,
    "weightedAverageShsOutDil": 276730000,
    "link": "https://www.sec.gov/Archives/edgar/data/1057352/000105735212000158/0001057352-12-000158-index.htm",
    "finalLink": "https://www.sec.gov/Archives/edgar/data/1057352/000105735212000158/csgp-9302012x10q.htm"
  },
  {
    "date": "2012-06-30",
    "symbol": "CSGP",
    "reportedCurrency": "USD",
    "cik": "0001057352",
    "fillingDate": "2012-07-26",
    "acceptedDate": "2012-07-26 15:03:52",
    "calendarYear": "2012",
    "period": "Q2",
    "revenue": 85223000,
    "costOfRevenue": 28172000,
    "grossProfit": 57051000,
    "grossProfitRatio": 0.6694319609,
    "researchAndDevelopmentExpenses": 7977000,
    "generalAndAdministrativeExpenses": 25491000,
    "sellingAndMarketingExpenses": 20016000,
    "sellingGeneralAndAdministrativeExpenses": 45507000,
    "otherExpenses": 3580000,
    "operatingExpenses": 57064000,
    "costAndExpenses": 85236000,
    "interestIncome": 131000,
    "interestExpense": 1200000,
    "depreciationAndAmortization": 8184000,
    "ebitda": 8302000,
    "ebitdaratio": 0.0974150171,
    "operatingIncome": -13000,
    "operatingIncomeRatio": -0.000152541,
    "totalOtherIncomeExpensesNet": -1069000,
    "incomeBeforeTax": -1082000,
    "incomeBeforeTaxRatio": -0.0126961032,
    "incomeTaxExpense": 5628000,
    "netIncome": -6710000,
    "netIncomeRatio": -0.0787346139,
    "eps": -0.0254,
    "epsdiluted": -0.0254,
    "weightedAverageShsOut": 264650000,
    "weightedAverageShsOutDil": 264650000,
    "link": "https://www.sec.gov/Archives/edgar/data/1057352/000105735212000117/0001057352-12-000117-index.htm",
    "finalLink": "https://www.sec.gov/Archives/edgar/data/1057352/000105735212000117/csgp-6302012x10q.htm"
  },
  {
    "date": "2012-03-31",
    "symbol": "CSGP",
    "reportedCurrency": "USD",
    "cik": "0001057352",
    "fillingDate": "2012-04-27",
    "acceptedDate": "2012-04-26 18:32:29",
    "calendarYear": "2012",
    "period": "Q1",
    "revenue": 68629000,
    "costOfRevenue": 24334000,
    "grossProfit": 44295000,
    "grossProfitRatio": 0.6454268604,
    "researchAndDevelopmentExpenses": 5015000,
    "generalAndAdministrativeExpenses": 14494000,
    "sellingAndMarketingExpenses": 15550000,
    "sellingGeneralAndAdministrativeExpenses": 30044000,
    "otherExpenses": 634000,
    "operatingExpenses": 35693000,
    "costAndExpenses": 60027000,
    "interestIncome": 250000,
    "interestExpense": 0,
    "depreciationAndAmortization": 3320000,
    "ebitda": 12172000,
    "ebitdaratio": 0.1773594253,
    "operatingIncome": 8602000,
    "operatingIncomeRatio": 0.1253405995,
    "totalOtherIncomeExpensesNet": 250000,
    "incomeBeforeTax": 8852000,
    "incomeBeforeTaxRatio": 0.1289833744,
    "incomeTaxExpense": 3720000,
    "netIncome": 5132000,
    "netIncomeRatio": 0.0747788836,
    "eps": 0.02,
    "epsdiluted": 0.02,
    "weightedAverageShsOut": 251280000,
    "weightedAverageShsOutDil": 255280000,
    "link": "https://www.sec.gov/Archives/edgar/data/1057352/000105735212000063/0001057352-12-000063-index.htm",
    "finalLink": "https://www.sec.gov/Archives/edgar/data/1057352/000105735212000063/csgp-3312012x10q.htm"
  },
  {
    "date": "2011-12-31",
    "symbol": "CSGP",
    "reportedCurrency": "USD",
    "cik": "0001057352",
    "fillingDate": "2012-02-23",
    "acceptedDate": "2012-02-23 17:23:31",
    "calendarYear": "2011",
    "period": "Q4",
    "revenue": 66164000,
    "costOfRevenue": 22014000,
    "grossProfit": 44150000,
    "grossProfitRatio": 0.667281301,
    "researchAndDevelopmentExpenses": 4617000,
    "generalAndAdministrativeExpenses": 14987000,
    "sellingAndMarketingExpenses": 16171000,
    "sellingGeneralAndAdministrativeExpenses": 31158000,
    "otherExpenses": 613000,
    "operatingExpenses": 36388000,
    "costAndExpenses": 58402000,
    "interestIncome": -202000,
    "interestExpense": 0,
    "depreciationAndAmortization": 3209000,
    "ebitda": 10971000,
    "ebitdaratio": 0.165815247,
    "operatingIncome": 7762000,
    "operatingIncomeRatio": 0.1173145517,
    "totalOtherIncomeExpensesNet": 224000,
    "incomeBeforeTax": 7986000,
    "incomeBeforeTaxRatio": 0.1207000786,
    "incomeTaxExpense": 2810000,
    "netIncome": 5176000,
    "netIncomeRatio": 0.0782298531,
    "eps": 0.0206,
    "epsdiluted": 0.0206,
    "weightedAverageShsOut": 250090000,
    "weightedAverageShsOutDil": 251280000,
    "link": "https://www.sec.gov/Archives/edgar/data/1057352/000105735212000024/0001057352-12-000024-index.htm",
    "finalLink": "https://www.sec.gov/Archives/edgar/data/1057352/000105735212000024/form_10-k.htm"
  },
  {
    "date": "2011-09-30",
    "symbol": "CSGP",
    "reportedCurrency": "USD",
    "cik": "0001057352",
    "fillingDate": "2011-10-27",
    "acceptedDate": "2011-10-27 15:42:34",
    "calendarYear": "2011",
    "period": "Q3",
    "revenue": 63829000,
    "costOfRevenue": 21175000,
    "grossProfit": 42654000,
    "grossProfitRatio": 0.6682542418,
    "researchAndDevelopmentExpenses": 5017000,
    "generalAndAdministrativeExpenses": 16631000,
    "sellingAndMarketingExpenses": 17467000,
    "sellingGeneralAndAdministrativeExpenses": 34098000,
    "otherExpenses": 535000,
    "operatingExpenses": 39650000,
    "costAndExpenses": 60825000,
    "interestIncome": 0,
    "interestExpense": 0,
    "depreciationAndAmortization": 3003000,
    "ebitda": 6007000,
    "ebitdaratio": 0.0941108274,
    "operatingIncome": 3004000,
    "operatingIncomeRatio": 0.0470632471,
    "totalOtherIncomeExpensesNet": 194000,
    "incomeBeforeTax": 3198000,
    "incomeBeforeTaxRatio": 0.0501026179,
    "incomeTaxExpense": 887000,
    "netIncome": 2311000,
    "netIncomeRatio": 0.0362061132,
    "eps": 0.009,
    "epsdiluted": 0.009,
    "weightedAverageShsOut": 249730000,
    "weightedAverageShsOutDil": 253170000,
    "link": "https://www.sec.gov/Archives/edgar/data/1057352/000105735211000139/0001057352-11-000139-index.htm",
    "finalLink": "https://www.sec.gov/Archives/edgar/data/1057352/000105735211000139/form_10-q.htm"
  },
  {
    "date": "2011-06-30",
    "symbol": "CSGP",
    "reportedCurrency": "USD",
    "cik": "0001057352",
    "fillingDate": "2011-07-28",
    "acceptedDate": "2011-07-28 17:17:42",
    "calendarYear": "2011",
    "period": "Q2",
    "revenue": 62127000,
    "costOfRevenue": 22412000,
    "grossProfit": 39715000,
    "grossProfitRatio": 0.6392550743,
    "researchAndDevelopmentExpenses": 5135000,
    "generalAndAdministrativeExpenses": 15845000,
    "sellingAndMarketingExpenses": 14280000,
    "sellingGeneralAndAdministrativeExpenses": 30125000,
    "otherExpenses": 546000,
    "operatingExpenses": 35806000,
    "costAndExpenses": 58218000,
    "interestIncome": 0,
    "interestExpense": 0,
    "depreciationAndAmortization": 3208000,
    "ebitda": 7117000,
    "ebitdaratio": 0.1145556682,
    "operatingIncome": 3909000,
    "operatingIncomeRatio": 0.0629195036,
    "totalOtherIncomeExpensesNet": 178000,
    "incomeBeforeTax": 4087000,
    "incomeBeforeTaxRatio": 0.0657846025,
    "incomeTaxExpense": 1450000,
    "netIncome": 2637000,
    "netIncomeRatio": 0.0424453136,
    "eps": 0.012,
    "epsdiluted": 0.012,
    "weightedAverageShsOut": 220110000,
    "weightedAverageShsOutDil": 224260000,
    "link": "https://www.sec.gov/Archives/edgar/data/1057352/000105735211000123/0001057352-11-000123-index.htm",
    "finalLink": "https://www.sec.gov/Archives/edgar/data/1057352/000105735211000123/form10-q.htm"
  },
  {
    "date": "2011-03-31",
    "symbol": "CSGP",
    "reportedCurrency": "USD",
    "cik": "0001057352",
    "fillingDate": "2011-04-29",
    "acceptedDate": "2011-04-29 16:09:12",
    "calendarYear": "2011",
    "period": "Q1",
    "revenue": 59618000,
    "costOfRevenue": 22566000,
    "grossProfit": 37052000,
    "grossProfitRatio": 0.621490154,
    "researchAndDevelopmentExpenses": 5268000,
    "generalAndAdministrativeExpenses": 10899000,
    "sellingAndMarketingExpenses": 13246000,
    "sellingGeneralAndAdministrativeExpenses": 24145000,
    "otherExpenses": 543000,
    "operatingExpenses": 29956000,
    "costAndExpenses": 52522000,
    "interestIncome": 0,
    "interestExpense": 0,
    "depreciationAndAmortization": 3432000,
    "ebitda": 10528000,
    "ebitdaratio": 0.1765909625,
    "operatingIncome": 7096000,
    "operatingIncomeRatio": 0.1190244557,
    "totalOtherIncomeExpensesNet": 202000,
    "incomeBeforeTax": 7298000,
    "incomeBeforeTaxRatio": 0.1224126942,
    "incomeTaxExpense": 2766000,
    "netIncome": 4532000,
    "netIncomeRatio": 0.0760173102,
    "eps": 0.022,
    "epsdiluted": 0.022,
    "weightedAverageShsOut": 205310000,
    "weightedAverageShsOutDil": 209650000,
    "link": "https://www.sec.gov/Archives/edgar/data/1057352/000105735211000072/0001057352-11-000072-index.htm",
    "finalLink": "https://www.sec.gov/Archives/edgar/data/1057352/000105735211000072/form10-q.htm"
  },
  {
    "date": "2010-12-31",
    "symbol": "CSGP",
    "reportedCurrency": "USD",
    "cik": "0001057352",
    "fillingDate": "2011-02-25",
    "acceptedDate": "2011-02-24 21:50:42",
    "calendarYear": "2010",
    "period": "Q4",
    "revenue": 58185000,
    "costOfRevenue": 21277000,
    "grossProfit": 36908000,
    "grossProfitRatio": 0.6343215605,
    "researchAndDevelopmentExpenses": 4781000,
    "generalAndAdministrativeExpenses": 10608000,
    "sellingAndMarketingExpenses": 13929000,
    "sellingGeneralAndAdministrativeExpenses": 24537000,
    "otherExpenses": 543000,
    "operatingExpenses": 29861000,
    "costAndExpenses": 51138000,
    "interestIncome": 0,
    "interestExpense": 0,
    "depreciationAndAmortization": 3388000,
    "ebitda": 10435000,
    "ebitdaratio": 0.1793417547,
    "operatingIncome": 7047000,
    "operatingIncomeRatio": 0.1211136891,
    "totalOtherIncomeExpensesNet": 145000,
    "incomeBeforeTax": 7192000,
    "incomeBeforeTaxRatio": 0.1236057403,
    "incomeTaxExpense": 3425000,
    "netIncome": 3767000,
    "netIncomeRatio": 0.0647417719,
    "eps": 0.0183,
    "epsdiluted": 0.0183,
    "weightedAverageShsOut": 203930000,
    "weightedAverageShsOutDil": 205310000,
    "link": "https://www.sec.gov/Archives/edgar/data/1057352/000105735211000012/0001057352-11-000012-index.htm",
    "finalLink": "https://www.sec.gov/Archives/edgar/data/1057352/000105735211000012/form_10-k.htm"
  },
  {
    "date": "2010-09-30",
    "symbol": "CSGP",
    "reportedCurrency": "USD",
    "cik": "0001057352",
    "fillingDate": "2010-10-22",
    "acceptedDate": "2010-10-21 19:34:10",
    "calendarYear": "2010",
    "period": "Q3",
    "revenue": 57144000,
    "costOfRevenue": 20762000,
    "grossProfit": 36382000,
    "grossProfitRatio": 0.6366722666,
    "researchAndDevelopmentExpenses": 4249000,
    "generalAndAdministrativeExpenses": 12441000,
    "sellingAndMarketingExpenses": 13017000,
    "sellingGeneralAndAdministrativeExpenses": 25458000,
    "otherExpenses": 540000,
    "operatingExpenses": 30247000,
    "costAndExpenses": 51009000,
    "interestIncome": 0,
    "interestExpense": 0,
    "depreciationAndAmortization": 3307000,
    "ebitda": 9442000,
    "ebitdaratio": 0.1652316954,
    "operatingIncome": 6135000,
    "operatingIncomeRatio": 0.1073603528,
    "totalOtherIncomeExpensesNet": 156000,
    "incomeBeforeTax": 6291000,
    "incomeBeforeTaxRatio": 0.1100902982,
    "incomeTaxExpense": 2909000,
    "netIncome": 3382000,
    "netIncomeRatio": 0.0591838163,
    "eps": 0.017,
    "epsdiluted": 0.016,
    "weightedAverageShsOut": 203280000,
    "weightedAverageShsOutDil": 206880000,
    "link": "https://www.sec.gov/Archives/edgar/data/1057352/000105735210000076/0001057352-10-000076-index.htm",
    "finalLink": "https://www.sec.gov/Archives/edgar/data/1057352/000105735210000076/form_10-q.htm"
  },
  {
    "date": "2010-06-30",
    "symbol": "CSGP",
    "reportedCurrency": "USD",
    "cik": "0001057352",
    "fillingDate": "2010-07-23",
    "acceptedDate": "2010-07-22 21:22:45",
    "calendarYear": "2010",
    "period": "Q2",
    "revenue": 55838000,
    "costOfRevenue": 20360000,
    "grossProfit": 35478000,
    "grossProfitRatio": 0.6353737598,
    "researchAndDevelopmentExpenses": 4123000,
    "generalAndAdministrativeExpenses": 13452000,
    "sellingAndMarketingExpenses": 12880000,
    "sellingGeneralAndAdministrativeExpenses": 26332000,
    "otherExpenses": 532000,
    "operatingExpenses": 30987000,
    "costAndExpenses": 51347000,
    "interestIncome": 0,
    "interestExpense": 0,
    "depreciationAndAmortization": 3306000,
    "ebitda": 7797000,
    "ebitdaratio": 0.1396360901,
    "operatingIncome": 4491000,
    "operatingIncomeRatio": 0.0804290985,
    "totalOtherIncomeExpensesNet": 196000,
    "incomeBeforeTax": 4687000,
    "incomeBeforeTaxRatio": 0.0839392528,
    "incomeTaxExpense": 1436000,
    "netIncome": 3251000,
    "netIncomeRatio": 0.0582219994,
    "eps": 0.016,
    "epsdiluted": 0.016,
    "weightedAverageShsOut": 202780000,
    "weightedAverageShsOutDil": 206240000,
    "link": "https://www.sec.gov/Archives/edgar/data/1057352/000105735210000047/0001057352-10-000047-index.htm",
    "finalLink": "https://www.sec.gov/Archives/edgar/data/1057352/000105735210000047/form_10-q.htm"
  },
  {
    "date": "2010-03-31",
    "symbol": "CSGP",
    "reportedCurrency": "USD",
    "cik": "0001057352",
    "fillingDate": "2010-04-23",
    "acceptedDate": "2010-04-22 19:21:45",
    "calendarYear": "2010",
    "period": "Q1",
    "revenue": 55093000,
    "costOfRevenue": 21200000,
    "grossProfit": 33893000,
    "grossProfitRatio": 0.6151961229,
    "researchAndDevelopmentExpenses": 4197000,
    "generalAndAdministrativeExpenses": 11275000,
    "sellingAndMarketingExpenses": 12629000,
    "sellingGeneralAndAdministrativeExpenses": 23904000,
    "otherExpenses": 690000,
    "operatingExpenses": 28791000,
    "costAndExpenses": 49991000,
    "interestIncome": 0,
    "interestExpense": 0,
    "depreciationAndAmortization": 3648000,
    "ebitda": 8750000,
    "ebitdaratio": 0.1588223549,
    "operatingIncome": 5102000,
    "operatingIncomeRatio": 0.0926070463,
    "totalOtherIncomeExpensesNet": 238000,
    "incomeBeforeTax": 5340000,
    "incomeBeforeTaxRatio": 0.0969270143,
    "incomeTaxExpense": 2451000,
    "netIncome": 2889000,
    "netIncomeRatio": 0.0524386038,
    "eps": 0.014,
    "epsdiluted": 0.014,
    "weightedAverageShsOut": 202490000,
    "weightedAverageShsOutDil": 206020000,
    "link": "https://www.sec.gov/Archives/edgar/data/1057352/000105735210000023/0001057352-10-000023-index.htm",
    "finalLink": "https://www.sec.gov/Archives/edgar/data/1057352/000105735210000023/form_10q.htm"
  },
  {
    "date": "2009-12-31",
    "symbol": "CSGP",
    "reportedCurrency": "USD",
    "cik": "0001057352",
    "fillingDate": "2010-02-26",
    "acceptedDate": "2010-02-25 21:46:41",
    "calendarYear": "2009",
    "period": "Q4",
    "revenue": 54635000,
    "costOfRevenue": 20927000,
    "grossProfit": 33708000,
    "grossProfitRatio": 0.6169671456,
    "researchAndDevelopmentExpenses": 4245000,
    "generalAndAdministrativeExpenses": 10663000,
    "sellingAndMarketingExpenses": 11966000,
    "sellingGeneralAndAdministrativeExpenses": 22629000,
    "otherExpenses": 882000,
    "operatingExpenses": 27756000,
    "costAndExpenses": 48683000,
    "interestIncome": 0,
    "interestExpense": 0,
    "depreciationAndAmortization": 3934000,
    "ebitda": 9886000,
    "ebitdaratio": 0.1809462799,
    "operatingIncome": 5952000,
    "operatingIncomeRatio": 0.1089411549,
    "totalOtherIncomeExpensesNet": 226000,
    "incomeBeforeTax": 6178000,
    "incomeBeforeTaxRatio": 0.1130776974,
    "incomeTaxExpense": 2532000,
    "netIncome": 3646000,
    "netIncomeRatio": 0.0667337787,
    "eps": 0.018,
    "epsdiluted": 0.018,
    "weightedAverageShsOut": 202360000,
    "weightedAverageShsOutDil": 202490000,
    "link": "https://www.sec.gov/Archives/edgar/data/1057352/000105735210000004/0001057352-10-000004-index.htm",
    "finalLink": "https://www.sec.gov/Archives/edgar/data/1057352/000105735210000004/form_10-k.htm"
  },
  {
    "date": "2009-09-30",
    "symbol": "CSGP",
    "reportedCurrency": "USD",
    "cik": "0001057352",
    "fillingDate": "2009-11-04",
    "acceptedDate": "2009-11-04 14:45:42",
    "calendarYear": "2009",
    "period": "Q3",
    "revenue": 53590000,
    "costOfRevenue": 19149000,
    "grossProfit": 34441000,
    "grossProfitRatio": 0.6426758724,
    "researchAndDevelopmentExpenses": 3454000,
    "generalAndAdministrativeExpenses": 11564000,
    "sellingAndMarketingExpenses": 11630000,
    "sellingGeneralAndAdministrativeExpenses": 23194000,
    "otherExpenses": 842000,
    "operatingExpenses": 27490000,
    "costAndExpenses": 46639000,
    "interestIncome": 0,
    "interestExpense": 0,
    "depreciationAndAmortization": 3608000,
    "ebitda": 10559000,
    "ebitdaratio": 0.1970330286,
    "operatingIncome": 6951000,
    "operatingIncomeRatio": 0.1297070349,
    "totalOtherIncomeExpensesNet": 263000,
    "incomeBeforeTax": 7214000,
    "incomeBeforeTaxRatio": 0.1346146669,
    "incomeTaxExpense": 2889000,
    "netIncome": 4325000,
    "netIncomeRatio": 0.0807053555,
    "eps": 0.022,
    "epsdiluted": 0.022,
    "weightedAverageShsOut": 198680000,
    "weightedAverageShsOutDil": 200840000,
    "link": "https://www.sec.gov/Archives/edgar/data/1057352/000105735209000076/0001057352-09-000076-index.htm",
    "finalLink": "https://www.sec.gov/Archives/edgar/data/1057352/000105735209000076/form_10q.htm"
  },
  {
    "date": "2009-06-30",
    "symbol": "CSGP",
    "reportedCurrency": "USD",
    "cik": "0001057352",
    "fillingDate": "2009-07-31",
    "acceptedDate": "2009-07-30 18:48:30",
    "calendarYear": "2009",
    "period": "Q2",
    "revenue": 50064000,
    "costOfRevenue": 16744000,
    "grossProfit": 33320000,
    "grossProfitRatio": 0.6655480984,
    "researchAndDevelopmentExpenses": 3065000,
    "generalAndAdministrativeExpenses": 11571000,
    "sellingAndMarketingExpenses": 9751000,
    "sellingGeneralAndAdministrativeExpenses": 21322000,
    "otherExpenses": 742000,
    "operatingExpenses": 25129000,
    "costAndExpenses": 41873000,
    "interestIncome": 0,
    "interestExpense": 0,
    "depreciationAndAmortization": 3458000,
    "ebitda": 11649000,
    "ebitdaratio": 0.2326821668,
    "operatingIncome": 8191000,
    "operatingIncomeRatio": 0.1636105785,
    "totalOtherIncomeExpensesNet": 322000,
    "incomeBeforeTax": 8513000,
    "incomeBeforeTaxRatio": 0.1700423458,
    "incomeTaxExpense": 3897000,
    "netIncome": 4616000,
    "netIncomeRatio": 0.0922019815,
    "eps": 0.024,
    "epsdiluted": 0.024,
    "weightedAverageShsOut": 194790000,
    "weightedAverageShsOutDil": 196380000,
    "link": "https://www.sec.gov/Archives/edgar/data/1057352/000105735209000056/0001057352-09-000056-index.htm",
    "finalLink": "https://www.sec.gov/Archives/edgar/data/1057352/000105735209000056/form_10-q.htm"
  },
  {
    "date": "2009-03-31",
    "symbol": "CSGP",
    "reportedCurrency": "USD",
    "cik": "0001057352",
    "fillingDate": "2009-05-08",
    "acceptedDate": "2009-05-07 19:24:24",
    "calendarYear": "2009",
    "period": "Q1",
    "revenue": 51370000,
    "costOfRevenue": 16894000,
    "grossProfit": 34476000,
    "grossProfitRatio": 0.6711310103,
    "researchAndDevelopmentExpenses": 3178000,
    "generalAndAdministrativeExpenses": 10450000,
    "sellingAndMarketingExpenses": 9161000,
    "sellingGeneralAndAdministrativeExpenses": 19611000,
    "otherExpenses": 946000,
    "operatingExpenses": 23735000,
    "costAndExpenses": 40629000,
    "interestIncome": 0,
    "interestExpense": 0,
    "depreciationAndAmortization": 3676000,
    "ebitda": 14417000,
    "ebitdaratio": 0.2806501849,
    "operatingIncome": 10741000,
    "operatingIncomeRatio": 0.2090909091,
    "totalOtherIncomeExpensesNet": 442000,
    "incomeBeforeTax": 11183000,
    "incomeBeforeTaxRatio": 0.2176951528,
    "incomeTaxExpense": 5077000,
    "netIncome": 6106000,
    "netIncomeRatio": 0.1188631497,
    "eps": 0.031,
    "epsdiluted": 0.031,
    "weightedAverageShsOut": 194680000,
    "weightedAverageShsOutDil": 195620000,
    "link": "https://www.sec.gov/Archives/edgar/data/1057352/000105735209000044/0001057352-09-000044-index.htm",
    "finalLink": "https://www.sec.gov/Archives/edgar/data/1057352/000105735209000044/form_10-q.htm"
  },
  {
    "date": "2008-12-31",
    "symbol": "CSGP",
    "reportedCurrency": "USD",
    "cik": "0001057352",
    "fillingDate": "2009-02-24",
    "acceptedDate": "2009-02-23 19:49:06",
    "calendarYear": "2008",
    "period": "Q4",
    "revenue": 52929000,
    "costOfRevenue": 17733000,
    "grossProfit": 35196000,
    "grossProfitRatio": 0.6649662756,
    "researchAndDevelopmentExpenses": 3082000,
    "generalAndAdministrativeExpenses": 18189000,
    "sellingAndMarketingExpenses": 0,
    "sellingGeneralAndAdministrativeExpenses": 18189000,
    "otherExpenses": 1157000,
    "operatingExpenses": 22428000,
    "costAndExpenses": 40161000,
    "interestIncome": 0,
    "interestExpense": 0,
    "depreciationAndAmortization": 3932000,
    "ebitda": 16700000,
    "ebitdaratio": 0.3155170134,
    "operatingIncome": 12768000,
    "operatingIncomeRatio": 0.241228816,
    "totalOtherIncomeExpensesNet": 782000,
    "incomeBeforeTax": 13550000,
    "incomeBeforeTaxRatio": 0.2560033252,
    "incomeTaxExpense": 6049000,
    "netIncome": 7501000,
    "netIncomeRatio": 0.1417181507,
    "eps": 0.0385,
    "epsdiluted": 0.0385,
    "weightedAverageShsOut": 194680000,
    "weightedAverageShsOutDil": 194680000,
    "link": "https://www.sec.gov/Archives/edgar/data/1057352/000105735209000013/0001057352-09-000013-index.htm",
    "finalLink": "https://www.sec.gov/Archives/edgar/data/1057352/000105735209000013/form_10-k.htm"
  },
  {
    "date": "2008-09-30",
    "symbol": "CSGP",
    "reportedCurrency": "USD",
    "cik": "0001057352",
    "fillingDate": "2008-11-06",
    "acceptedDate": "2008-11-06 12:45:43",
    "calendarYear": "2008",
    "period": "Q3",
    "revenue": 53757000,
    "costOfRevenue": 17613000,
    "grossProfit": 36144000,
    "grossProfitRatio": 0.6723589486,
    "researchAndDevelopmentExpenses": 3122000,
    "generalAndAdministrativeExpenses": 20506000,
    "sellingAndMarketingExpenses": 0,
    "sellingGeneralAndAdministrativeExpenses": 20506000,
    "otherExpenses": 1236000,
    "operatingExpenses": 24864000,
    "costAndExpenses": 42477000,
    "interestIncome": 0,
    "interestExpense": 0,
    "depreciationAndAmortization": 4253000,
    "ebitda": 15533000,
    "ebitdaratio": 0.288948416,
    "operatingIncome": 11280000,
    "operatingIncomeRatio": 0.209833138,
    "totalOtherIncomeExpensesNet": 951000,
    "incomeBeforeTax": 12231000,
    "incomeBeforeTaxRatio": 0.2275238574,
    "incomeTaxExpense": 5586000,
    "netIncome": 6645000,
    "netIncomeRatio": 0.1236118087,
    "eps": 0.034,
    "epsdiluted": 0.034,
    "weightedAverageShsOut": 193930000,
    "weightedAverageShsOutDil": 196040000,
    "link": "https://www.sec.gov/Archives/edgar/data/1057352/000105735208000093/0001057352-08-000093-index.htm",
    "finalLink": "https://www.sec.gov/Archives/edgar/data/1057352/000105735208000093/third_quarter2008form10-q.htm"
  },
  {
    "date": "2008-06-30",
    "symbol": "CSGP",
    "reportedCurrency": "USD",
    "cik": "0001057352",
    "fillingDate": "2008-07-25",
    "acceptedDate": "2008-07-24 20:02:46",
    "calendarYear": "2008",
    "period": "Q2",
    "revenue": 53478000,
    "costOfRevenue": 18341000,
    "grossProfit": 35137000,
    "grossProfitRatio": 0.6570365384,
    "researchAndDevelopmentExpenses": 3141000,
    "generalAndAdministrativeExpenses": 22220000,
    "sellingAndMarketingExpenses": 0,
    "sellingGeneralAndAdministrativeExpenses": 22220000,
    "otherExpenses": 1266000,
    "operatingExpenses": 26627000,
    "costAndExpenses": 44968000,
    "interestIncome": 0,
    "interestExpense": 0,
    "depreciationAndAmortization": 4334000,
    "ebitda": 12844000,
    "ebitdaratio": 0.2401735293,
    "operatingIncome": 8510000,
    "operatingIncomeRatio": 0.1591308575,
    "totalOtherIncomeExpensesNet": 1243000,
    "incomeBeforeTax": 9753000,
    "incomeBeforeTaxRatio": 0.1823740604,
    "incomeTaxExpense": 4318000,
    "netIncome": 5435000,
    "netIncomeRatio": 0.1016305771,
    "eps": 0.028,
    "epsdiluted": 0.028,
    "weightedAverageShsOut": 193110000,
    "weightedAverageShsOutDil": 195080000,
    "link": "https://www.sec.gov/Archives/edgar/data/1057352/000105735208000065/0001057352-08-000065-index.htm",
    "finalLink": "https://www.sec.gov/Archives/edgar/data/1057352/000105735208000065/second_quarter2008form10-q.htm"
  },
  {
    "date": "2008-03-31",
    "symbol": "CSGP",
    "reportedCurrency": "USD",
    "cik": "0001057352",
    "fillingDate": "2008-05-09",
    "acceptedDate": "2008-05-08 20:25:08",
    "calendarYear": "2008",
    "period": "Q1",
    "revenue": 52264000,
    "costOfRevenue": 19721000,
    "grossProfit": 32543000,
    "grossProfitRatio": 0.6226656972,
    "researchAndDevelopmentExpenses": 3414000,
    "generalAndAdministrativeExpenses": 20678000,
    "sellingAndMarketingExpenses": 0,
    "sellingGeneralAndAdministrativeExpenses": 20678000,
    "otherExpenses": 1221000,
    "operatingExpenses": 25313000,
    "costAndExpenses": 45034000,
    "interestIncome": 0,
    "interestExpense": 0,
    "depreciationAndAmortization": 4282000,
    "ebitda": 11512000,
    "ebitdaratio": 0.2202663401,
    "operatingIncome": 7230000,
    "operatingIncomeRatio": 0.1383361396,
    "totalOtherIncomeExpensesNet": 1938000,
    "incomeBeforeTax": 9168000,
    "incomeBeforeTaxRatio": 0.1754171131,
    "incomeTaxExpense": 4126000,
    "netIncome": 5042000,
    "netIncomeRatio": 0.0964717588,
    "eps": 0.026,
    "epsdiluted": 0.026,
    "weightedAverageShsOut": 192170000,
    "weightedAverageShsOutDil": 193690000,
    "link": "https://www.sec.gov/Archives/edgar/data/1057352/000105735208000044/0001057352-08-000044-index.htm",
    "finalLink": "https://www.sec.gov/Archives/edgar/data/1057352/000105735208000044/first_quarter200810-q.htm"
  },
  {
    "date": "2007-12-31",
    "symbol": "CSGP",
    "reportedCurrency": "USD",
    "cik": "0001057352",
    "fillingDate": "2008-02-29",
    "acceptedDate": "2008-02-28 20:38:34",
    "calendarYear": "2007",
    "period": "Q4",
    "revenue": 50840000,
    "costOfRevenue": 20009000,
    "grossProfit": 30831000,
    "grossProfitRatio": 0.6064319434,
    "researchAndDevelopmentExpenses": 3087000,
    "generalAndAdministrativeExpenses": 21768000,
    "sellingAndMarketingExpenses": 0,
    "sellingGeneralAndAdministrativeExpenses": 21768000,
    "otherExpenses": -6357000,
    "operatingExpenses": 18498000,
    "costAndExpenses": 38507000,
    "interestIncome": 0,
    "interestExpense": 0,
    "depreciationAndAmortization": 4440000,
    "ebitda": 16773000,
    "ebitdaratio": 0.3299173879,
    "operatingIncome": 12333000,
    "operatingIncomeRatio": 0.2425845791,
    "totalOtherIncomeExpensesNet": 2220000,
    "incomeBeforeTax": 14553000,
    "incomeBeforeTaxRatio": 0.2862509835,
    "incomeTaxExpense": 4841000,
    "netIncome": 9712000,
    "netIncomeRatio": 0.1910306845,
    "eps": 0.0505,
    "epsdiluted": 0.0505,
    "weightedAverageShsOut": 191850000,
    "weightedAverageShsOutDil": 192170000,
    "link": "https://www.sec.gov/Archives/edgar/data/1057352/000105735208000004/0001057352-08-000004-index.htm",
    "finalLink": "https://www.sec.gov/Archives/edgar/data/1057352/000105735208000004/form10k.htm"
  },
  {
    "date": "2007-09-30",
    "symbol": "CSGP",
    "reportedCurrency": "USD",
    "cik": "0001057352",
    "fillingDate": "2007-11-07",
    "acceptedDate": "2007-11-07 15:39:19",
    "calendarYear": "2007",
    "period": "Q3",
    "revenue": 49340000,
    "costOfRevenue": 19551000,
    "grossProfit": 29789000,
    "grossProfitRatio": 0.6037494933,
    "researchAndDevelopmentExpenses": 3026000,
    "generalAndAdministrativeExpenses": 21598000,
    "sellingAndMarketingExpenses": 0,
    "sellingGeneralAndAdministrativeExpenses": 21598000,
    "otherExpenses": 1328000,
    "operatingExpenses": 25952000,
    "costAndExpenses": 45503000,
    "interestIncome": 0,
    "interestExpense": 0,
    "depreciationAndAmortization": 4116000,
    "ebitda": 7953000,
    "ebitdaratio": 0.1611876773,
    "operatingIncome": 3837000,
    "operatingIncomeRatio": 0.077766518,
    "totalOtherIncomeExpensesNet": 2072000,
    "incomeBeforeTax": 5909000,
    "incomeBeforeTaxRatio": 0.1197608431,
    "incomeTaxExpense": 2659000,
    "netIncome": 3250000,
    "netIncomeRatio": 0.0658694771,
    "eps": 0.017,
    "epsdiluted": 0.017,
    "weightedAverageShsOut": 190450000,
    "weightedAverageShsOutDil": 194750000,
    "link": "https://www.sec.gov/Archives/edgar/data/1057352/000105735207000090/0001057352-07-000090-index.htm",
    "finalLink": "https://www.sec.gov/Archives/edgar/data/1057352/000105735207000090/third_quarter200710-q.htm"
  },
  {
    "date": "2007-06-30",
    "symbol": "CSGP",
    "reportedCurrency": "USD",
    "cik": "0001057352",
    "fillingDate": "2007-08-08",
    "acceptedDate": "2007-08-08 16:55:46",
    "calendarYear": "2007",
    "period": "Q2",
    "revenue": 47794000,
    "costOfRevenue": 19318000,
    "grossProfit": 28476000,
    "grossProfitRatio": 0.5958070051,
    "researchAndDevelopmentExpenses": 3270000,
    "generalAndAdministrativeExpenses": 23751000,
    "sellingAndMarketingExpenses": 0,
    "sellingGeneralAndAdministrativeExpenses": 23751000,
    "otherExpenses": 1209000,
    "operatingExpenses": 28230000,
    "costAndExpenses": 47548000,
    "interestIncome": 0,
    "interestExpense": 0,
    "depreciationAndAmortization": 3981000,
    "ebitda": 4227000,
    "ebitdaratio": 0.0884420639,
    "operatingIncome": 246000,
    "operatingIncomeRatio": 0.0051470896,
    "totalOtherIncomeExpensesNet": 1891000,
    "incomeBeforeTax": 2137000,
    "incomeBeforeTaxRatio": 0.0447127254,
    "incomeTaxExpense": 962000,
    "netIncome": 1175000,
    "netIncomeRatio": 0.0245846759,
    "eps": 0.006,
    "epsdiluted": 0.006,
    "weightedAverageShsOut": 189520000,
    "weightedAverageShsOutDil": 193480000,
    "link": "https://www.sec.gov/Archives/edgar/data/1057352/000105735207000058/0001057352-07-000058-index.htm",
    "finalLink": "https://www.sec.gov/Archives/edgar/data/1057352/000105735207000058/second_quarter200710-q.htm"
  },
  {
    "date": "2007-03-31",
    "symbol": "CSGP",
    "reportedCurrency": "USD",
    "cik": "0001057352",
    "fillingDate": "2007-05-10",
    "acceptedDate": "2007-05-09 19:52:28",
    "calendarYear": "2007",
    "period": "Q1",
    "revenue": 44831000,
    "costOfRevenue": 17826000,
    "grossProfit": 27005000,
    "grossProfitRatio": 0.6023733577,
    "researchAndDevelopmentExpenses": 3070000,
    "generalAndAdministrativeExpenses": 21229000,
    "sellingAndMarketingExpenses": 0,
    "sellingGeneralAndAdministrativeExpenses": 21229000,
    "otherExpenses": 1270000,
    "operatingExpenses": 25569000,
    "costAndExpenses": 43395000,
    "interestIncome": 0,
    "interestExpense": 0,
    "depreciationAndAmortization": 3610000,
    "ebitda": 5046000,
    "ebitdaratio": 0.1125560438,
    "operatingIncome": 1436000,
    "operatingIncomeRatio": 0.0320314068,
    "totalOtherIncomeExpensesNet": 1862000,
    "incomeBeforeTax": 3298000,
    "incomeBeforeTaxRatio": 0.073565167,
    "incomeTaxExpense": 1484000,
    "netIncome": 1814000,
    "netIncomeRatio": 0.0404630724,
    "eps": 0.01,
    "epsdiluted": 0.009,
    "weightedAverageShsOut": 188960000,
    "weightedAverageShsOutDil": 192070000,
    "link": "https://www.sec.gov/Archives/edgar/data/1057352/000105735207000041/0001057352-07-000041-index.htm",
    "finalLink": "https://www.sec.gov/Archives/edgar/data/1057352/000105735207000041/first_quarter200710-q.htm"
  },
  {
    "date": "2006-12-31",
    "symbol": "CSGP",
    "reportedCurrency": "USD",
    "cik": "0001057352",
    "fillingDate": "2007-02-28",
    "acceptedDate": "2007-02-27 18:54:22",
    "calendarYear": "2006",
    "period": "Q4",
    "revenue": 42098000,
    "costOfRevenue": 16599000,
    "grossProfit": 25499000,
    "grossProfitRatio": 0.6057057342,
    "researchAndDevelopmentExpenses": 3191000,
    "generalAndAdministrativeExpenses": 17426000,
    "sellingAndMarketingExpenses": 0,
    "sellingGeneralAndAdministrativeExpenses": 17426000,
    "otherExpenses": 883000,
    "operatingExpenses": 21500000,
    "costAndExpenses": 38099000,
    "interestIncome": 0,
    "interestExpense": 0,
    "depreciationAndAmortization": 3183000,
    "ebitda": 7182000,
    "ebitdaratio": 0.1706019288,
    "operatingIncome": 3999000,
    "operatingIncomeRatio": 0.0949926362,
    "totalOtherIncomeExpensesNet": 1957000,
    "incomeBeforeTax": 5956000,
    "incomeBeforeTaxRatio": 0.1414794052,
    "incomeTaxExpense": 2408000,
    "netIncome": 3548000,
    "netIncomeRatio": 0.0842795382,
    "eps": 0.0188,
    "epsdiluted": 0.0188,
    "weightedAverageShsOut": 188320000,
    "weightedAverageShsOutDil": 188960000,
    "link": "https://www.sec.gov/Archives/edgar/data/1057352/000095013307000829/0000950133-07-000829-index.htm",
    "finalLink": "https://www.sec.gov/Archives/edgar/data/1057352/000095013307000829/w30982e10vk.htm"
  },
  {
    "date": "2006-09-30",
    "symbol": "CSGP",
    "reportedCurrency": "USD",
    "cik": "0001057352",
    "fillingDate": "2006-11-08",
    "acceptedDate": "2006-11-08 14:06:19",
    "calendarYear": "2006",
    "period": "Q3",
    "revenue": 40571000,
    "costOfRevenue": 14005000,
    "grossProfit": 26566000,
    "grossProfitRatio": 0.6548026916,
    "researchAndDevelopmentExpenses": 2835000,
    "generalAndAdministrativeExpenses": 16819000,
    "sellingAndMarketingExpenses": 0,
    "sellingGeneralAndAdministrativeExpenses": 16819000,
    "otherExpenses": 1076000,
    "operatingExpenses": 20730000,
    "costAndExpenses": 34735000,
    "interestIncome": 0,
    "interestExpense": 0,
    "depreciationAndAmortization": 2953000,
    "ebitda": 8789000,
    "ebitdaratio": 0.2166325701,
    "operatingIncome": 5836000,
    "operatingIncomeRatio": 0.1438465899,
    "totalOtherIncomeExpensesNet": 1852000,
    "incomeBeforeTax": 7688000,
    "incomeBeforeTaxRatio": 0.1894949595,
    "incomeTaxExpense": 2990000,
    "netIncome": 4698000,
    "netIncomeRatio": 0.1157969979,
    "eps": 0.025,
    "epsdiluted": 0.025,
    "weightedAverageShsOut": 187870000,
    "weightedAverageShsOutDil": 191300000,
    "link": "https://www.sec.gov/Archives/edgar/data/1057352/000105735206000034/0001057352-06-000034-index.htm",
    "finalLink": "https://www.sec.gov/Archives/edgar/data/1057352/000105735206000034/third_quarter200610-q.htm"
  },
  {
    "date": "2006-06-30",
    "symbol": "CSGP",
    "reportedCurrency": "USD",
    "cik": "0001057352",
    "fillingDate": "2006-08-08",
    "acceptedDate": "2006-08-08 17:20:14",
    "calendarYear": "2006",
    "period": "Q2",
    "revenue": 38946000,
    "costOfRevenue": 12606000,
    "grossProfit": 26340000,
    "grossProfitRatio": 0.6763210599,
    "researchAndDevelopmentExpenses": 3084000,
    "generalAndAdministrativeExpenses": 7633000,
    "sellingAndMarketingExpenses": 12109000,
    "sellingGeneralAndAdministrativeExpenses": 19742000,
    "otherExpenses": 1116000,
    "operatingExpenses": 23942000,
    "costAndExpenses": 36548000,
    "interestIncome": 0,
    "interestExpense": 0,
    "depreciationAndAmortization": 2861000,
    "ebitda": 5259000,
    "ebitdaratio": 0.1350331228,
    "operatingIncome": 2398000,
    "operatingIncomeRatio": 0.0615724336,
    "totalOtherIncomeExpensesNet": 1610000,
    "incomeBeforeTax": 4008000,
    "incomeBeforeTaxRatio": 0.1029117239,
    "incomeTaxExpense": 1704000,
    "netIncome": 2304000,
    "netIncomeRatio": 0.0591588353,
    "eps": 0.012,
    "epsdiluted": 0.012,
    "weightedAverageShsOut": 188220000,
    "weightedAverageShsOutDil": 192610000,
    "link": "https://www.sec.gov/Archives/edgar/data/1057352/000105735206000021/0001057352-06-000021-index.htm",
    "finalLink": "https://www.sec.gov/Archives/edgar/data/1057352/000105735206000021/second_quarter10q.htm"
  },
  {
    "date": "2006-03-31",
    "symbol": "CSGP",
    "reportedCurrency": "USD",
    "cik": "0001057352",
    "fillingDate": "2006-05-10",
    "acceptedDate": "2006-05-09 19:36:00",
    "calendarYear": "2006",
    "period": "Q1",
    "revenue": 37274000,
    "costOfRevenue": 12926000,
    "grossProfit": 24348000,
    "grossProfitRatio": 0.6532167194,
    "researchAndDevelopmentExpenses": 2898000,
    "generalAndAdministrativeExpenses": 18494000,
    "sellingAndMarketingExpenses": 0,
    "sellingGeneralAndAdministrativeExpenses": 18494000,
    "otherExpenses": 1108000,
    "operatingExpenses": 22500000,
    "costAndExpenses": 35426000,
    "interestIncome": 0,
    "interestExpense": 0,
    "depreciationAndAmortization": 2813000,
    "ebitda": 4661000,
    "ebitdaratio": 0.1250469496,
    "operatingIncome": 1848000,
    "operatingIncomeRatio": 0.0495787949,
    "totalOtherIncomeExpensesNet": 1426000,
    "incomeBeforeTax": 3274000,
    "incomeBeforeTaxRatio": 0.0878360251,
    "incomeTaxExpense": 1414000,
    "netIncome": 1860000,
    "netIncomeRatio": 0.0499007351,
    "eps": 0.01,
    "epsdiluted": 0.01,
    "weightedAverageShsOut": 186920000,
    "weightedAverageShsOutDil": 192690000,
    "link": "https://www.sec.gov/Archives/edgar/data/1057352/000095013306002376/0000950133-06-002376-index.htm",
    "finalLink": "https://www.sec.gov/Archives/edgar/data/1057352/000095013306002376/w20863e10vq.htm"
  },
  {
    "date": "2005-12-31",
    "symbol": "CSGP",
    "reportedCurrency": "USD",
    "cik": "0001057352",
    "fillingDate": "2006-03-07",
    "acceptedDate": "2006-03-07 12:35:57",
    "calendarYear": "2005",
    "period": "Q4",
    "revenue": 35804000,
    "costOfRevenue": 11959000,
    "grossProfit": 23845000,
    "grossProfitRatio": 0.6659870406,
    "researchAndDevelopmentExpenses": 2666000,
    "generalAndAdministrativeExpenses": 15931000,
    "sellingAndMarketingExpenses": 0,
    "sellingGeneralAndAdministrativeExpenses": 15931000,
    "otherExpenses": 1109000,
    "operatingExpenses": 19706000,
    "costAndExpenses": 31665000,
    "interestIncome": 0,
    "interestExpense": 0,
    "depreciationAndAmortization": 2824000,
    "ebitda": 6963000,
    "ebitdaratio": 0.1944754776,
    "operatingIncome": 4139000,
    "operatingIncomeRatio": 0.1156016088,
    "totalOtherIncomeExpensesNet": 1200000,
    "incomeBeforeTax": 5339000,
    "incomeBeforeTaxRatio": 0.149117417,
    "incomeTaxExpense": 2136000,
    "netIncome": 3203000,
    "netIncomeRatio": 0.0894592783,
    "eps": 0.0171,
    "epsdiluted": 0.0171,
    "weightedAverageShsOut": 186420000,
    "weightedAverageShsOutDil": 186920000,
    "link": "https://www.sec.gov/Archives/edgar/data/1057352/000095013306001049/0000950133-06-001049-index.htm",
    "finalLink": "https://www.sec.gov/Archives/edgar/data/1057352/000095013306001049/w18205e10vk.htm"
  },
  {
    "date": "2005-09-30",
    "symbol": "CSGP",
    "reportedCurrency": "USD",
    "cik": "0001057352",
    "fillingDate": "2005-11-08",
    "acceptedDate": "2005-11-08 16:55:48",
    "calendarYear": "2005",
    "period": "Q3",
    "revenue": 34320000,
    "costOfRevenue": 11001000,
    "grossProfit": 23319000,
    "grossProfitRatio": 0.679458042,
    "researchAndDevelopmentExpenses": 2580000,
    "generalAndAdministrativeExpenses": 16418000,
    "sellingAndMarketingExpenses": 0,
    "sellingGeneralAndAdministrativeExpenses": 16418000,
    "otherExpenses": 3349000,
    "operatingExpenses": 22347000,
    "costAndExpenses": 33348000,
    "interestIncome": 0,
    "interestExpense": 0,
    "depreciationAndAmortization": 2759000,
    "ebitda": 5948000,
    "ebitdaratio": 0.1733100233,
    "operatingIncome": 972000,
    "operatingIncomeRatio": 0.0283216783,
    "totalOtherIncomeExpensesNet": 932000,
    "incomeBeforeTax": 1904000,
    "incomeBeforeTaxRatio": 0.0554778555,
    "incomeTaxExpense": 767000,
    "netIncome": 1137000,
    "netIncomeRatio": 0.0331293706,
    "eps": 0.006,
    "epsdiluted": 0.006,
    "weightedAverageShsOut": 184850000,
    "weightedAverageShsOutDil": 190920000,
    "link": "https://www.sec.gov/Archives/edgar/data/1057352/000095013305005042/0000950133-05-005042-index.htm",
    "finalLink": "https://www.sec.gov/Archives/edgar/data/1057352/000095013305005042/w14454e10vq.htm"
  },
  {
    "date": "2005-06-30",
    "symbol": "CSGP",
    "reportedCurrency": "USD",
    "cik": "0001057352",
    "fillingDate": "2005-08-05",
    "acceptedDate": "2005-08-05 15:11:22",
    "calendarYear": "2005",
    "period": "Q2",
    "revenue": 32871000,
    "costOfRevenue": 10836000,
    "grossProfit": 22035000,
    "grossProfitRatio": 0.6703477229,
    "researchAndDevelopmentExpenses": 2545000,
    "generalAndAdministrativeExpenses": 17163000,
    "sellingAndMarketingExpenses": 0,
    "sellingGeneralAndAdministrativeExpenses": 17163000,
    "otherExpenses": 1110000,
    "operatingExpenses": 20818000,
    "costAndExpenses": 31654000,
    "interestIncome": 0,
    "interestExpense": 0,
    "depreciationAndAmortization": 2956000,
    "ebitda": 4173000,
    "ebitdaratio": 0.1269508077,
    "operatingIncome": 1217000,
    "operatingIncomeRatio": 0.0370235162,
    "totalOtherIncomeExpensesNet": 719000,
    "incomeBeforeTax": 1936000,
    "incomeBeforeTaxRatio": 0.0588969,
    "incomeTaxExpense": 793000,
    "netIncome": 1143000,
    "netIncomeRatio": 0.0347722917,
    "eps": 0.006,
    "epsdiluted": 0.006,
    "weightedAverageShsOut": 183660000,
    "weightedAverageShsOutDil": 188680000,
    "link": "https://www.sec.gov/Archives/edgar/data/1057352/000095013305003465/0000950133-05-003465-index.htm",
    "finalLink": "https://www.sec.gov/Archives/edgar/data/1057352/000095013305003465/w11477e10vq.htm"
  },
  {
    "date": "2005-03-31",
    "symbol": "CSGP",
    "reportedCurrency": "USD",
    "cik": "0001057352",
    "fillingDate": "2005-05-09",
    "acceptedDate": "2005-05-09 15:26:59",
    "calendarYear": "2005",
    "period": "Q1",
    "revenue": 31343000,
    "costOfRevenue": 10490000,
    "grossProfit": 20853000,
    "grossProfitRatio": 0.6653160195,
    "researchAndDevelopmentExpenses": 2332000,
    "generalAndAdministrativeExpenses": 16389000,
    "sellingAndMarketingExpenses": 0,
    "sellingGeneralAndAdministrativeExpenses": 16389000,
    "otherExpenses": 1118000,
    "operatingExpenses": 19839000,
    "costAndExpenses": 30329000,
    "interestIncome": 0,
    "interestExpense": 0,
    "depreciationAndAmortization": 3175000,
    "ebitda": 4189000,
    "ebitdaratio": 0.1336502568,
    "operatingIncome": 1014000,
    "operatingIncomeRatio": 0.0323517213,
    "totalOtherIncomeExpensesNet": 604000,
    "incomeBeforeTax": 1618000,
    "incomeBeforeTaxRatio": 0.0516223718,
    "incomeTaxExpense": 644000,
    "netIncome": 974000,
    "netIncomeRatio": 0.0310755193,
    "eps": 0.005,
    "epsdiluted": 0.005,
    "weightedAverageShsOut": 183180000,
    "weightedAverageShsOutDil": 188610000,
    "link": "https://www.sec.gov/Archives/edgar/data/1057352/000095013305002093/0000950133-05-002093-index.htm",
    "finalLink": "https://www.sec.gov/Archives/edgar/data/1057352/000095013305002093/w08787e10vq.htm"
  },
  {
    "date": "2004-12-31",
    "symbol": "CSGP",
    "reportedCurrency": "USD",
    "cik": "0001057352",
    "fillingDate": "2005-03-11",
    "acceptedDate": "2005-03-11 16:48:33",
    "calendarYear": "2004",
    "period": "Q4",
    "revenue": 29741000,
    "costOfRevenue": 9412000,
    "grossProfit": 20329000,
    "grossProfitRatio": 0.6835345146,
    "researchAndDevelopmentExpenses": 2177000,
    "generalAndAdministrativeExpenses": 14900000,
    "sellingAndMarketingExpenses": 0,
    "sellingGeneralAndAdministrativeExpenses": 14900000,
    "otherExpenses": 1069000,
    "operatingExpenses": 18146000,
    "costAndExpenses": 27558000,
    "interestIncome": 0,
    "interestExpense": 0,
    "depreciationAndAmortization": 3333000,
    "ebitda": 5516000,
    "ebitdaratio": 0.1854678726,
    "operatingIncome": 2183000,
    "operatingIncomeRatio": 0.0734003564,
    "totalOtherIncomeExpensesNet": 479000,
    "incomeBeforeTax": 2662000,
    "incomeBeforeTaxRatio": 0.0895060691,
    "incomeTaxExpense": -16739000,
    "netIncome": 19401000,
    "netIncomeRatio": 0.6523317979,
    "eps": 0.11,
    "epsdiluted": 0.11,
    "weightedAverageShsOut": 183000000,
    "weightedAverageShsOutDil": 183180000,
    "link": "https://www.sec.gov/Archives/edgar/data/1057352/000095013305000993/0000950133-05-000993-index.htm",
    "finalLink": "https://www.sec.gov/Archives/edgar/data/1057352/000095013305000993/w06444e10vk.htm"
  },
  {
    "date": "2004-09-30",
    "symbol": "CSGP",
    "reportedCurrency": "USD",
    "cik": "0001057352",
    "fillingDate": "2004-11-05",
    "acceptedDate": "2004-11-05 16:31:57",
    "calendarYear": "2004",
    "period": "Q3",
    "revenue": 28610000,
    "costOfRevenue": 9189000,
    "grossProfit": 19421000,
    "grossProfitRatio": 0.6788185949,
    "researchAndDevelopmentExpenses": 2150000,
    "generalAndAdministrativeExpenses": 14230000,
    "sellingAndMarketingExpenses": 0,
    "sellingGeneralAndAdministrativeExpenses": 14230000,
    "otherExpenses": 1085000,
    "operatingExpenses": 17465000,
    "costAndExpenses": 26654000,
    "interestIncome": 0,
    "interestExpense": 0,
    "depreciationAndAmortization": 3137000,
    "ebitda": 5093000,
    "ebitdaratio": 0.1780146802,
    "operatingIncome": 1956000,
    "operatingIncomeRatio": 0.0683677036,
    "totalOtherIncomeExpensesNet": 311000,
    "incomeBeforeTax": 2267000,
    "incomeBeforeTaxRatio": 0.0792380287,
    "incomeTaxExpense": -100000,
    "netIncome": 2367000,
    "netIncomeRatio": 0.08273331,
    "eps": 0.013,
    "epsdiluted": 0.013,
    "weightedAverageShsOut": 182470000,
    "weightedAverageShsOutDil": 188980000,
    "link": "https://www.sec.gov/Archives/edgar/data/1057352/000095013304004108/0000950133-04-004108-index.htm",
    "finalLink": "https://www.sec.gov/Archives/edgar/data/1057352/000095013304004108/w68371e10vq.htm"
  },
  {
    "date": "2004-06-30",
    "symbol": "CSGP",
    "reportedCurrency": "USD",
    "cik": "0001057352",
    "fillingDate": "2004-08-06",
    "acceptedDate": "2004-08-06 14:35:15",
    "calendarYear": "2004",
    "period": "Q2",
    "revenue": 27456000,
    "costOfRevenue": 8842000,
    "grossProfit": 18614000,
    "grossProfitRatio": 0.6779574592,
    "researchAndDevelopmentExpenses": 2236000,
    "generalAndAdministrativeExpenses": 13931000,
    "sellingAndMarketingExpenses": 0,
    "sellingGeneralAndAdministrativeExpenses": 13931000,
    "otherExpenses": 1071000,
    "operatingExpenses": 17238000,
    "costAndExpenses": 26080000,
    "interestIncome": 0,
    "interestExpense": 0,
    "depreciationAndAmortization": 3226000,
    "ebitda": 4602000,
    "ebitdaratio": 0.1676136364,
    "operatingIncome": 1376000,
    "operatingIncomeRatio": 0.0501165501,
    "totalOtherIncomeExpensesNet": 286000,
    "incomeBeforeTax": 1662000,
    "incomeBeforeTaxRatio": 0.0605332168,
    "incomeTaxExpense": -74000,
    "netIncome": 1736000,
    "netIncomeRatio": 0.0632284382,
    "eps": 0.01,
    "epsdiluted": 0.009,
    "weightedAverageShsOut": 181510000,
    "weightedAverageShsOutDil": 187710000,
    "link": "https://www.sec.gov/Archives/edgar/data/1057352/000095013304003070/0000950133-04-003070-index.htm",
    "finalLink": "https://www.sec.gov/Archives/edgar/data/1057352/000095013304003070/w97729e10vq.htm"
  },
  {
    "date": "2004-03-31",
    "symbol": "CSGP",
    "reportedCurrency": "USD",
    "cik": "0001057352",
    "fillingDate": "2004-05-07",
    "acceptedDate": "2004-05-07 15:49:48",
    "calendarYear": "2004",
    "period": "Q1",
    "revenue": 26278000,
    "costOfRevenue": 7941000,
    "grossProfit": 18337000,
    "grossProfitRatio": 0.6978080524,
    "researchAndDevelopmentExpenses": 1929000,
    "generalAndAdministrativeExpenses": 14051000,
    "sellingAndMarketingExpenses": 0,
    "sellingGeneralAndAdministrativeExpenses": 14051000,
    "otherExpenses": 1126000,
    "operatingExpenses": 17106000,
    "costAndExpenses": 25047000,
    "interestIncome": 0,
    "interestExpense": 0,
    "depreciationAndAmortization": 3314000,
    "ebitda": 4545000,
    "ebitdaratio": 0.1729583682,
    "operatingIncome": 1231000,
    "operatingIncomeRatio": 0.0468452698,
    "totalOtherIncomeExpensesNet": 238000,
    "incomeBeforeTax": 1469000,
    "incomeBeforeTaxRatio": 0.0559022757,
    "incomeTaxExpense": -12000,
    "netIncome": 1481000,
    "netIncomeRatio": 0.0563589314,
    "eps": 0.008,
    "epsdiluted": 0.008,
    "weightedAverageShsOut": 179610000,
    "weightedAverageShsOutDil": 186990000,
    "link": "https://www.sec.gov/Archives/edgar/data/1057352/000095013304001856/0000950133-04-001856-index.htm",
    "finalLink": "https://www.sec.gov/Archives/edgar/data/1057352/000095013304001856/w96989e10vq.htm"
  },
  {
    "date": "2003-12-31",
    "symbol": "CSGP",
    "reportedCurrency": "USD",
    "cik": "0001057352",
    "fillingDate": "2004-03-12",
    "acceptedDate": "2004-03-12 15:43:34",
    "calendarYear": "2003",
    "period": "Q4",
    "revenue": 25270000,
    "costOfRevenue": 7796000,
    "grossProfit": 17474000,
    "grossProfitRatio": 0.6914918876,
    "researchAndDevelopmentExpenses": 1755000,
    "generalAndAdministrativeExpenses": 13653000,
    "sellingAndMarketingExpenses": 0,
    "sellingGeneralAndAdministrativeExpenses": 13653000,
    "otherExpenses": 1094000,
    "operatingExpenses": 16502000,
    "costAndExpenses": 24298000,
    "interestIncome": 0,
    "interestExpense": 0,
    "depreciationAndAmortization": 3270000,
    "ebitda": 4242000,
    "ebitdaratio": 0.167867036,
    "operatingIncome": 972000,
    "operatingIncomeRatio": 0.0384645825,
    "totalOtherIncomeExpensesNet": 181000,
    "incomeBeforeTax": 1153000,
    "incomeBeforeTaxRatio": 0.045627226,
    "incomeTaxExpense": 124000,
    "netIncome": 1029000,
    "netIncomeRatio": 0.0407202216,
    "eps": 0.0057,
    "epsdiluted": 0.0057,
    "weightedAverageShsOut": 171560000,
    "weightedAverageShsOutDil": 179610000,
    "link": "https://www.sec.gov/Archives/edgar/data/1057352/000095013304000870/0000950133-04-000870-index.htm",
    "finalLink": "https://www.sec.gov/Archives/edgar/data/1057352/000095013304000870/w95059e10vk.htm"
  },
  {
    "date": "2003-09-30",
    "symbol": "CSGP",
    "reportedCurrency": "USD",
    "cik": "0001057352",
    "fillingDate": "2003-11-13",
    "acceptedDate": "2003-11-13 12:29:03",
    "calendarYear": "2003",
    "period": "Q3",
    "revenue": 24108000,
    "costOfRevenue": 7627000,
    "grossProfit": 16481000,
    "grossProfitRatio": 0.6836319894,
    "researchAndDevelopmentExpenses": 1729000,
    "generalAndAdministrativeExpenses": 13211000,
    "sellingAndMarketingExpenses": 0,
    "sellingGeneralAndAdministrativeExpenses": 13211000,
    "otherExpenses": 1167000,
    "operatingExpenses": 16107000,
    "costAndExpenses": 23734000,
    "interestIncome": 0,
    "interestExpense": 0,
    "depreciationAndAmortization": 3344000,
    "ebitda": 3718000,
    "ebitdaratio": 0.1542226647,
    "operatingIncome": 374000,
    "operatingIncomeRatio": 0.0155135225,
    "totalOtherIncomeExpensesNet": 65000,
    "incomeBeforeTax": 439000,
    "incomeBeforeTaxRatio": 0.0182097229,
    "incomeTaxExpense": 158000,
    "netIncome": 281000,
    "netIncomeRatio": 0.0116558819,
    "eps": 0.002,
    "epsdiluted": 0.002,
    "weightedAverageShsOut": 159810000,
    "weightedAverageShsOutDil": 164820000,
    "link": "https://www.sec.gov/Archives/edgar/data/1057352/000095013303003862/0000950133-03-003862-index.htm",
    "finalLink": "https://www.sec.gov/Archives/edgar/data/1057352/000095013303003862/w91597e10vq.htm"
  },
  {
    "date": "2003-06-30",
    "symbol": "CSGP",
    "reportedCurrency": "USD",
    "cik": "0001057352",
    "fillingDate": "2003-08-14",
    "acceptedDate": "2003-08-14 13:26:46",
    "calendarYear": "2003",
    "period": "Q2",
    "revenue": 23174000,
    "costOfRevenue": 7716000,
    "grossProfit": 15458000,
    "grossProfitRatio": 0.667040649,
    "researchAndDevelopmentExpenses": 1702000,
    "generalAndAdministrativeExpenses": 13066000,
    "sellingAndMarketingExpenses": 0,
    "sellingGeneralAndAdministrativeExpenses": 13066000,
    "otherExpenses": 1113000,
    "operatingExpenses": 15881000,
    "costAndExpenses": 23597000,
    "interestIncome": 0,
    "interestExpense": 0,
    "depreciationAndAmortization": 3285000,
    "ebitda": 2862000,
    "ebitdaratio": 0.1235004747,
    "operatingIncome": -423000,
    "operatingIncomeRatio": -0.0182532148,
    "totalOtherIncomeExpensesNet": 56000,
    "incomeBeforeTax": -367000,
    "incomeBeforeTaxRatio": -0.0158367136,
    "incomeTaxExpense": 0,
    "netIncome": -367000,
    "netIncomeRatio": -0.0158367136,
    "eps": -0.0023,
    "epsdiluted": -0.0023,
    "weightedAverageShsOut": 158560000,
    "weightedAverageShsOutDil": 158560000,
    "link": "https://www.sec.gov/Archives/edgar/data/1057352/000095013303002908/0000950133-03-002908-index.htm",
    "finalLink": "https://www.sec.gov/Archives/edgar/data/1057352/000095013303002908/w89266e10vq.htm"
  },
  {
    "date": "2003-03-31",
    "symbol": "CSGP",
    "reportedCurrency": "USD",
    "cik": "0001057352",
    "fillingDate": "2003-05-14",
    "acceptedDate": "2003-05-14 15:45:28",
    "calendarYear": "2003",
    "period": "Q1",
    "revenue": 22553000,
    "costOfRevenue": 7603000,
    "grossProfit": 14950000,
    "grossProfitRatio": 0.6628829867,
    "researchAndDevelopmentExpenses": 1700000,
    "generalAndAdministrativeExpenses": 13058000,
    "sellingAndMarketingExpenses": 0,
    "sellingGeneralAndAdministrativeExpenses": 13058000,
    "otherExpenses": 1112000,
    "operatingExpenses": 15870000,
    "costAndExpenses": 23473000,
    "interestIncome": 0,
    "interestExpense": 0,
    "depreciationAndAmortization": 3267000,
    "ebitda": 2347000,
    "ebitdaratio": 0.1040659779,
    "operatingIncome": -920000,
    "operatingIncomeRatio": -0.0407927992,
    "totalOtherIncomeExpensesNet": 77000,
    "incomeBeforeTax": -843000,
    "incomeBeforeTaxRatio": -0.0373786193,
    "incomeTaxExpense": 0,
    "netIncome": -843000,
    "netIncomeRatio": -0.0373786193,
    "eps": -0.0053,
    "epsdiluted": -0.0053,
    "weightedAverageShsOut": 158140000,
    "weightedAverageShsOutDil": 158140000,
    "link": "https://www.sec.gov/Archives/edgar/data/1057352/000095013303001835/0000950133-03-001835-index.htm",
    "finalLink": "https://www.sec.gov/Archives/edgar/data/1057352/000095013303001835/w86527e10vq.htm"
  },
  {
    "date": "2002-12-31",
    "symbol": "CSGP",
    "reportedCurrency": "USD",
    "cik": "0001057352",
    "fillingDate": "2003-03-28",
    "acceptedDate": "2003-03-28 15:33:38",
    "calendarYear": "2002",
    "period": "Q4",
    "revenue": 20688000,
    "costOfRevenue": 6983000,
    "grossProfit": 13705000,
    "grossProfitRatio": 0.6624613302,
    "researchAndDevelopmentExpenses": 1372000,
    "generalAndAdministrativeExpenses": 12319000,
    "sellingAndMarketingExpenses": 0,
    "sellingGeneralAndAdministrativeExpenses": 12319000,
    "otherExpenses": 907000,
    "operatingExpenses": 14598000,
    "costAndExpenses": 21581000,
    "interestIncome": 0,
    "interestExpense": 0,
    "depreciationAndAmortization": 2874000,
    "ebitda": 1981000,
    "ebitdaratio": 0.0957559938,
    "operatingIncome": -893000,
    "operatingIncomeRatio": -0.0431651199,
    "totalOtherIncomeExpensesNet": 306000,
    "incomeBeforeTax": -770000,
    "incomeBeforeTaxRatio": -0.0372196442,
    "incomeTaxExpense": 183000,
    "netIncome": -770000,
    "netIncomeRatio": -0.0372196442,
    "eps": -0.0049,
    "epsdiluted": -0.0049,
    "weightedAverageShsOut": 157950000,
    "weightedAverageShsOutDil": 158140000,
    "link": "https://www.sec.gov/Archives/edgar/data/1057352/000095013303001053/0000950133-03-001053-index.htm",
    "finalLink": "https://www.sec.gov/Archives/edgar/data/1057352/000095013303001053/w84817e10vk.htm"
  },
  {
    "date": "2002-09-30",
    "symbol": "CSGP",
    "reportedCurrency": "USD",
    "cik": "0001057352",
    "fillingDate": "2002-11-13",
    "acceptedDate": "2002-11-13 16:27:49",
    "calendarYear": "2002",
    "period": "Q3",
    "revenue": 20075000,
    "costOfRevenue": 6996000,
    "grossProfit": 13079000,
    "grossProfitRatio": 0.6515068493,
    "researchAndDevelopmentExpenses": 1370000,
    "generalAndAdministrativeExpenses": 12115000,
    "sellingAndMarketingExpenses": 0,
    "sellingGeneralAndAdministrativeExpenses": 12115000,
    "otherExpenses": 902000,
    "operatingExpenses": 14387000,
    "costAndExpenses": 21383000,
    "interestIncome": 0,
    "interestExpense": 0,
    "depreciationAndAmortization": 2868000,
    "ebitda": 1560000,
    "ebitdaratio": 0.0777085928,
    "operatingIncome": -1308000,
    "operatingIncomeRatio": -0.0651556663,
    "totalOtherIncomeExpensesNet": 183000,
    "incomeBeforeTax": -1308000,
    "incomeBeforeTaxRatio": -0.0651556663,
    "incomeTaxExpense": -183000,
    "netIncome": -1125000,
    "netIncomeRatio": -0.0560398506,
    "eps": -0.0071,
    "epsdiluted": -0.0071,
    "weightedAverageShsOut": 157770000,
    "weightedAverageShsOutDil": 157770000,
    "link": "https://www.sec.gov/Archives/edgar/data/1057352/000095013302003739/0000950133-02-003739-index.htm",
    "finalLink": "https://www.sec.gov/Archives/edgar/data/1057352/000095013302003739/w65606e10vq.htm"
  },
  {
    "date": "2002-06-30",
    "symbol": "CSGP",
    "reportedCurrency": "USD",
    "cik": "0001057352",
    "fillingDate": "2002-08-13",
    "acceptedDate": "2002-08-13 12:52:04",
    "calendarYear": "2002",
    "period": "Q2",
    "revenue": 19539000,
    "costOfRevenue": 6937000,
    "grossProfit": 12602000,
    "grossProfitRatio": 0.6449664773,
    "researchAndDevelopmentExpenses": 1385000,
    "generalAndAdministrativeExpenses": 11800000,
    "sellingAndMarketingExpenses": 0,
    "sellingGeneralAndAdministrativeExpenses": 11800000,
    "otherExpenses": 898000,
    "operatingExpenses": 14083000,
    "costAndExpenses": 21020000,
    "interestIncome": 0,
    "interestExpense": 0,
    "depreciationAndAmortization": 2847000,
    "ebitda": 1366000,
    "ebitdaratio": 0.0699114591,
    "operatingIncome": -1481000,
    "operatingIncomeRatio": -0.0757971237,
    "totalOtherIncomeExpensesNet": 214000,
    "incomeBeforeTax": -1267000,
    "incomeBeforeTaxRatio": -0.0648446696,
    "incomeTaxExpense": 0,
    "netIncome": -1267000,
    "netIncomeRatio": -0.0648446696,
    "eps": -0.008,
    "epsdiluted": -0.008,
    "weightedAverageShsOut": 157420000,
    "weightedAverageShsOutDil": 157420000,
    "link": "https://www.sec.gov/Archives/edgar/data/1057352/000095013302002886/0000950133-02-002886-index.htm",
    "finalLink": "https://www.sec.gov/Archives/edgar/data/1057352/000095013302002886/w62833e10vq.htm"
  },
  {
    "date": "2002-03-31",
    "symbol": "CSGP",
    "reportedCurrency": "USD",
    "cik": "0001057352",
    "fillingDate": "2002-05-13",
    "acceptedDate": "2002-05-13 17:00:20",
    "calendarYear": "2002",
    "period": "Q1",
    "revenue": 19061000,
    "costOfRevenue": 7096000,
    "grossProfit": 11965000,
    "grossProfitRatio": 0.6277215256,
    "researchAndDevelopmentExpenses": 1397000,
    "generalAndAdministrativeExpenses": 11536000,
    "sellingAndMarketingExpenses": 0,
    "sellingGeneralAndAdministrativeExpenses": 11536000,
    "otherExpenses": 893000,
    "operatingExpenses": 13826000,
    "costAndExpenses": 20922000,
    "interestIncome": 0,
    "interestExpense": 0,
    "depreciationAndAmortization": 3198000,
    "ebitda": 1337000,
    "ebitdaratio": 0.0701432244,
    "operatingIncome": -1861000,
    "operatingIncomeRatio": -0.0976339122,
    "totalOtherIncomeExpensesNet": 239000,
    "incomeBeforeTax": -1622000,
    "incomeBeforeTaxRatio": -0.0850952206,
    "incomeTaxExpense": 0,
    "netIncome": -1622000,
    "netIncomeRatio": -0.0850952206,
    "eps": -0.0103,
    "epsdiluted": -0.0103,
    "weightedAverageShsOut": 157200000,
    "weightedAverageShsOutDil": 157200000,
    "link": "https://www.sec.gov/Archives/edgar/data/1057352/000095013302001917/0000950133-02-001917-index.htm",
    "finalLink": "https://www.sec.gov/Archives/edgar/data/1057352/000095013302001917/w60575e10-q.htm"
  },
  {
    "date": "2001-12-31",
    "symbol": "CSGP",
    "reportedCurrency": "USD",
    "cik": "0001057352",
    "fillingDate": "2002-03-28",
    "acceptedDate": "2002-03-28 00:00:00",
    "calendarYear": "2001",
    "period": "Q4",
    "revenue": 18638952,
    "costOfRevenue": 7278161,
    "grossProfit": 11360791,
    "grossProfitRatio": 0.6095187648,
    "researchAndDevelopmentExpenses": 1228734,
    "generalAndAdministrativeExpenses": 11600607,
    "sellingAndMarketingExpenses": 0,
    "sellingGeneralAndAdministrativeExpenses": 11600607,
    "otherExpenses": 1869818,
    "operatingExpenses": 14699159,
    "costAndExpenses": 21977320,
    "interestIncome": 0,
    "interestExpense": 0,
    "depreciationAndAmortization": 4855867,
    "ebitda": 1517499,
    "ebitdaratio": 0.081415468,
    "operatingIncome": -3338368,
    "operatingIncomeRatio": -0.1791070657,
    "totalOtherIncomeExpensesNet": 280777,
    "incomeBeforeTax": -3057591,
    "incomeBeforeTaxRatio": -0.164043075,
    "incomeTaxExpense": -453262,
    "netIncome": -2604329,
    "netIncomeRatio": -0.1397250768,
    "eps": -0.0166,
    "epsdiluted": -0.0166,
    "weightedAverageShsOut": 156570000,
    "weightedAverageShsOutDil": 156570000,
    "link": "https://www.sec.gov/Archives/edgar/data/1057352/000095013302001247/0000950133-02-001247-index.htm",
    "finalLink": "https://www.sec.gov/Archives/edgar/data/1057352/000095013302001247/w58976e10-k405.htm"
  },
  {
    "date": "2001-09-30",
    "symbol": "CSGP",
    "reportedCurrency": "USD",
    "cik": "0001057352",
    "fillingDate": "2001-11-09",
    "acceptedDate": "2001-11-09 00:00:00",
    "calendarYear": "2001",
    "period": "Q3",
    "revenue": 18447000,
    "costOfRevenue": 7532000,
    "grossProfit": 10915000,
    "grossProfitRatio": 0.5916951266,
    "researchAndDevelopmentExpenses": 1322000,
    "generalAndAdministrativeExpenses": 12127000,
    "sellingAndMarketingExpenses": 0,
    "sellingGeneralAndAdministrativeExpenses": 12127000,
    "otherExpenses": 2279000,
    "operatingExpenses": 15728000,
    "costAndExpenses": 23260000,
    "interestIncome": 0,
    "interestExpense": 0,
    "depreciationAndAmortization": 4960000,
    "ebitda": 147000,
    "ebitdaratio": 0.0079687754,
    "operatingIncome": -4813000,
    "operatingIncomeRatio": -0.260909633,
    "totalOtherIncomeExpensesNet": 348000,
    "incomeBeforeTax": -4465000,
    "incomeBeforeTaxRatio": -0.2420447769,
    "incomeTaxExpense": -452000,
    "netIncome": -4013000,
    "netIncomeRatio": -0.2175421478,
    "eps": -0.0256,
    "epsdiluted": -0.0256,
    "weightedAverageShsOut": 156570000,
    "weightedAverageShsOutDil": 156570000,
    "link": "https://www.sec.gov/Archives/edgar/data/1057352/000095013301503144/0000950133-01-503144-index.htm",
    "finalLink": "https://www.sec.gov/Archives/edgar/data/1057352/000095013301503144/w54688e10-q.htm"
  },
  {
    "date": "2001-06-30",
    "symbol": "CSGP",
    "reportedCurrency": "USD",
    "cik": "0001057352",
    "fillingDate": "2001-08-13",
    "acceptedDate": "2001-08-13 00:00:00",
    "calendarYear": "2001",
    "period": "Q2",
    "revenue": 18073000,
    "costOfRevenue": 7516000,
    "grossProfit": 10557000,
    "grossProfitRatio": 0.5841310242,
    "researchAndDevelopmentExpenses": 1357000,
    "generalAndAdministrativeExpenses": 13603000,
    "sellingAndMarketingExpenses": 0,
    "sellingGeneralAndAdministrativeExpenses": 13603000,
    "otherExpenses": 1907000,
    "operatingExpenses": 16867000,
    "costAndExpenses": 24383000,
    "interestIncome": 0,
    "interestExpense": 0,
    "depreciationAndAmortization": 4861000,
    "ebitda": -1449000,
    "ebitdaratio": -0.0801748465,
    "operatingIncome": -6310000,
    "operatingIncomeRatio": -0.3491396005,
    "totalOtherIncomeExpensesNet": 374000,
    "incomeBeforeTax": -3936000,
    "incomeBeforeTaxRatio": -0.2177834339,
    "incomeTaxExpense": -41000,
    "netIncome": -5895000,
    "netIncomeRatio": -0.3261771704,
    "eps": -0.0378,
    "epsdiluted": -0.0378,
    "weightedAverageShsOut": 156100000,
    "weightedAverageShsOutDil": 156100000,
    "link": "https://www.sec.gov/Archives/edgar/data/1057352/000095013301502206/0000950133-01-502206-index.htm",
    "finalLink": "https://www.sec.gov/Archives/edgar/data/1057352/000095013301502206/w51677e10-q.htm"
  },
  {
    "date": "2001-03-31",
    "symbol": "CSGP",
    "reportedCurrency": "USD",
    "cik": "0001057352",
    "fillingDate": "2001-05-14",
    "acceptedDate": "2001-05-14 00:00:00",
    "calendarYear": "2001",
    "period": "Q1",
    "revenue": 17354000,
    "costOfRevenue": 7990000,
    "grossProfit": 9364000,
    "grossProfitRatio": 0.539587415,
    "researchAndDevelopmentExpenses": 1229000,
    "generalAndAdministrativeExpenses": 14610000,
    "sellingAndMarketingExpenses": 0,
    "sellingGeneralAndAdministrativeExpenses": 14610000,
    "otherExpenses": 1790000,
    "operatingExpenses": 17629000,
    "costAndExpenses": 25619000,
    "interestIncome": 0,
    "interestExpense": 0,
    "depreciationAndAmortization": 4573000,
    "ebitda": -3692000,
    "ebitdaratio": -0.2127463409,
    "operatingIncome": -8265000,
    "operatingIncomeRatio": -0.4762590757,
    "totalOtherIncomeExpensesNet": 575000,
    "incomeBeforeTax": -7690000,
    "incomeBeforeTaxRatio": -0.4431255042,
    "incomeTaxExpense": -41000,
    "netIncome": -7649000,
    "netIncomeRatio": -0.4407629365,
    "eps": -0.0491,
    "epsdiluted": -0.0491,
    "weightedAverageShsOut": 155750000,
    "weightedAverageShsOutDil": 155750000,
    "link": "https://www.sec.gov/Archives/edgar/data/1057352/000095013301501059/0000950133-01-501059-index.htm",
    "finalLink": "https://www.sec.gov/Archives/edgar/data/1057352/000095013301501059/w49130e10-q.htm"
  },
  {
    "date": "2000-12-31",
    "symbol": "CSGP",
    "reportedCurrency": "USD",
    "cik": "0001057352",
    "fillingDate": "2001-03-30",
    "acceptedDate": "2001-03-30 00:00:00",
    "calendarYear": "2000",
    "period": "Q4",
    "revenue": 16841302,
    "costOfRevenue": 5130926,
    "grossProfit": 11710376,
    "grossProfitRatio": 0.6953367382,
    "researchAndDevelopmentExpenses": 1057380,
    "generalAndAdministrativeExpenses": 16261891,
    "sellingAndMarketingExpenses": 0,
    "sellingGeneralAndAdministrativeExpenses": 16261891,
    "otherExpenses": 5101836,
    "operatingExpenses": 22421107,
    "costAndExpenses": 27552033,
    "interestIncome": 0,
    "interestExpense": 0,
    "depreciationAndAmortization": 5101836,
    "ebitda": -5608895,
    "ebitdaratio": -0.3330440247,
    "operatingIncome": -10710731,
    "operatingIncomeRatio": -0.6359799854,
    "totalOtherIncomeExpensesNet": 750768,
    "incomeBeforeTax": -9959963,
    "incomeBeforeTaxRatio": -0.5914010093,
    "incomeTaxExpense": -112014,
    "netIncome": -9847949,
    "netIncomeRatio": -0.5847498608,
    "eps": -0.0639,
    "epsdiluted": -0.0639,
    "weightedAverageShsOut": 154110000,
    "weightedAverageShsOutDil": 154110000,
    "link": "https://www.sec.gov/Archives/edgar/data/1057352/000095013301500346/0000950133-01-500346-index.htm",
    "finalLink": "https://www.sec.gov/Archives/edgar/data/1057352/000095013301500346/w46876e10-k405.txt"
  },
  {
    "date": "2000-09-30",
    "symbol": "CSGP",
    "reportedCurrency": "USD",
    "cik": "0001057352",
    "fillingDate": "2000-11-14",
    "acceptedDate": "2000-11-14 00:00:00",
    "calendarYear": "2000",
    "period": "Q3",
    "revenue": 15717000,
    "costOfRevenue": 4837000,
    "grossProfit": 10880000,
    "grossProfitRatio": 0.6922440669,
    "researchAndDevelopmentExpenses": 1085000,
    "generalAndAdministrativeExpenses": 16817000,
    "sellingAndMarketingExpenses": 0,
    "sellingGeneralAndAdministrativeExpenses": 16817000,
    "otherExpenses": 5878000,
    "operatingExpenses": 23780000,
    "costAndExpenses": 28617000,
    "interestIncome": 0,
    "interestExpense": 0,
    "depreciationAndAmortization": 5878000,
    "ebitda": -7022000,
    "ebitdaratio": -0.4467773748,
    "operatingIncome": -12900000,
    "operatingIncomeRatio": -0.820767322,
    "totalOtherIncomeExpensesNet": 807000,
    "incomeBeforeTax": -12093000,
    "incomeBeforeTaxRatio": -0.7694216454,
    "incomeTaxExpense": -523000,
    "netIncome": -11570000,
    "netIncomeRatio": -0.7361455749,
    "eps": -0.0751,
    "epsdiluted": -0.0751,
    "weightedAverageShsOut": 154110000,
    "weightedAverageShsOutDil": 154110000,
    "link": "https://www.sec.gov/Archives/edgar/data/1057352/000095013300004485/0000950133-00-004485-index.htm",
    "finalLink": "https://www.sec.gov/Archives/edgar/data/1057352/000095013300004485/w42214e10-q.txt"
  },
  {
    "date": "2000-06-30",
    "symbol": "CSGP",
    "reportedCurrency": "USD",
    "cik": "0001057352",
    "fillingDate": "2000-08-14",
    "acceptedDate": "2000-08-14 00:00:00",
    "calendarYear": "2000",
    "period": "Q2",
    "revenue": 14572000,
    "costOfRevenue": 5677000,
    "grossProfit": 8895000,
    "grossProfitRatio": 0.6104172385,
    "researchAndDevelopmentExpenses": 1004000,
    "generalAndAdministrativeExpenses": 17828000,
    "sellingAndMarketingExpenses": 0,
    "sellingGeneralAndAdministrativeExpenses": 17828000,
    "otherExpenses": 4792000,
    "operatingExpenses": 23624000,
    "costAndExpenses": 29301000,
    "interestIncome": 0,
    "interestExpense": 0,
    "depreciationAndAmortization": 4792000,
    "ebitda": -9937000,
    "ebitdaratio": -0.6819242383,
    "operatingIncome": -14729000,
    "operatingIncomeRatio": -1.0107740873,
    "totalOtherIncomeExpensesNet": 751000,
    "incomeBeforeTax": -13978000,
    "incomeBeforeTaxRatio": -0.9592368927,
    "incomeTaxExpense": -845000,
    "netIncome": -13133000,
    "netIncomeRatio": -0.9012489706,
    "eps": -0.0853,
    "epsdiluted": -0.0853,
    "weightedAverageShsOut": 153910000,
    "weightedAverageShsOutDil": 153910000,
    "link": "https://www.sec.gov/Archives/edgar/data/1057352/000095013300003418/0000950133-00-003418-index.htm",
    "finalLink": "https://www.sec.gov/Archives/edgar/data/1057352/000095013300003418/e10-q.txt"
  },
  {
    "date": "2000-03-31",
    "symbol": "CSGP",
    "reportedCurrency": "USD",
    "cik": "0001057352",
    "fillingDate": "2000-05-15",
    "acceptedDate": "2000-05-15 00:00:00",
    "calendarYear": "2000",
    "period": "Q1",
    "revenue": 11372000,
    "costOfRevenue": 4677000,
    "grossProfit": 6695000,
    "grossProfitRatio": 0.5887266972,
    "researchAndDevelopmentExpenses": 718000,
    "generalAndAdministrativeExpenses": 13823000,
    "sellingAndMarketingExpenses": 0,
    "sellingGeneralAndAdministrativeExpenses": 13823000,
    "otherExpenses": 3037000,
    "operatingExpenses": 17578000,
    "costAndExpenses": 22255000,
    "interestIncome": 0,
    "interestExpense": 0,
    "depreciationAndAmortization": 3037000,
    "ebitda": -7846000,
    "ebitdaratio": -0.689940204,
    "operatingIncome": -10883000,
    "operatingIncomeRatio": -0.9569996483,
    "totalOtherIncomeExpensesNet": -4786000,
    "incomeBeforeTax": -15669000,
    "incomeBeforeTaxRatio": -1.3778578966,
    "incomeTaxExpense": -565000,
    "netIncome": -15104000,
    "netIncomeRatio": -1.3281744636,
    "eps": -0.11,
    "epsdiluted": -0.11,
    "weightedAverageShsOut": 142540000,
    "weightedAverageShsOutDil": 142540000,
    "link": "https://www.sec.gov/Archives/edgar/data/1057352/000095013300002052/0000950133-00-002052-index.html",
    "finalLink": "https://www.sec.gov/Archives/edgar/data/1057352/000095013300002052/"
  },
  {
    "date": "1999-12-31",
    "symbol": "CSGP",
    "reportedCurrency": "USD",
    "cik": "0001057352",
    "fillingDate": "2000-03-29",
    "acceptedDate": "2000-03-29 00:00:00",
    "calendarYear": "1999",
    "period": "Q4",
    "revenue": 8900000,
    "costOfRevenue": 2500000,
    "grossProfit": 6400000,
    "grossProfitRatio": 0.7191011236,
    "researchAndDevelopmentExpenses": 300000,
    "generalAndAdministrativeExpenses": 10200000,
    "sellingAndMarketingExpenses": 0,
    "sellingGeneralAndAdministrativeExpenses": 10200000,
    "otherExpenses": 1400000,
    "operatingExpenses": 11900000,
    "costAndExpenses": 14400000,
    "interestIncome": 0,
    "interestExpense": 0,
    "depreciationAndAmortization": 1400000,
    "ebitda": -4100000,
    "ebitdaratio": -0.4606741573,
    "operatingIncome": -5500000,
    "operatingIncomeRatio": -0.6179775281,
    "totalOtherIncomeExpensesNet": 0,
    "incomeBeforeTax": 0,
    "incomeBeforeTaxRatio": 0,
    "incomeTaxExpense": -1200000,
    "netIncome": -4300000,
    "netIncomeRatio": -0.4831460674,
    "eps": -0.0333,
    "epsdiluted": -0.0326,
    "weightedAverageShsOut": 129133560,
    "weightedAverageShsOutDil": 132000000,
    "link": "https://www.sec.gov/Archives/edgar/data/1057352/000095013300001207/0000950133-00-001207-index.html",
    "finalLink": "https://www.sec.gov/Archives/edgar/data/1057352/000095013300001207/"
  },
  {
    "date": "1999-09-30",
    "symbol": "CSGP",
    "reportedCurrency": "USD",
    "cik": "0001057352",
    "fillingDate": "1999-11-15",
    "acceptedDate": "1999-11-15 00:00:00",
    "calendarYear": "1999",
    "period": "Q3",
    "revenue": 8000000,
    "costOfRevenue": 2300000,
    "grossProfit": 5700000,
    "grossProfitRatio": 0.7125,
    "researchAndDevelopmentExpenses": 300000,
    "generalAndAdministrativeExpenses": 8600000,
    "sellingAndMarketingExpenses": 0,
    "sellingGeneralAndAdministrativeExpenses": 8600000,
    "otherExpenses": 1300000,
    "operatingExpenses": 10200000,
    "costAndExpenses": 12500000,
    "interestIncome": 0,
    "interestExpense": 0,
    "depreciationAndAmortization": 1300000,
    "ebitda": -3200000,
    "ebitdaratio": -0.4,
    "operatingIncome": -4500000,
    "operatingIncomeRatio": -0.5625,
    "totalOtherIncomeExpensesNet": 0,
    "incomeBeforeTax": 0,
    "incomeBeforeTaxRatio": 0,
    "incomeTaxExpense": -1200000,
    "netIncome": -3300000,
    "netIncomeRatio": -0.4125,
    "eps": -0.0257,
    "epsdiluted": -0.0257,
    "weightedAverageShsOut": 128230000,
    "weightedAverageShsOutDil": 128230000,
    "link": "https://www.sec.gov/Archives/edgar/data/1057352/000095013399003550/0000950133-99-003550-index.html",
    "finalLink": "https://www.sec.gov/Archives/edgar/data/1057352/000095013399003550/"
  },
  {
    "date": "1999-06-30",
    "symbol": "CSGP",
    "reportedCurrency": "USD",
    "cik": "0001057352",
    "fillingDate": "1999-08-11",
    "acceptedDate": "1999-08-11 00:00:00",
    "calendarYear": "1999",
    "period": "Q2",
    "revenue": 7200000,
    "costOfRevenue": 2000000,
    "grossProfit": 5200000,
    "grossProfitRatio": 0.7222222222,
    "researchAndDevelopmentExpenses": 300000,
    "generalAndAdministrativeExpenses": 7000000,
    "sellingAndMarketingExpenses": 0,
    "sellingGeneralAndAdministrativeExpenses": 7000000,
    "otherExpenses": 1100000,
    "operatingExpenses": 8400000,
    "costAndExpenses": 10400000,
    "interestIncome": 0,
    "interestExpense": 0,
    "depreciationAndAmortization": 1100000,
    "ebitda": -2100000,
    "ebitdaratio": -0.2916666667,
    "operatingIncome": -3200000,
    "operatingIncomeRatio": -0.4444444444,
    "totalOtherIncomeExpensesNet": 600000,
    "incomeBeforeTax": -2600000,
    "incomeBeforeTaxRatio": -0.3611111111,
    "incomeTaxExpense": 0,
    "netIncome": -2600000,
    "netIncomeRatio": -0.3611111111,
    "eps": -0.023,
    "epsdiluted": -0.023,
    "weightedAverageShsOut": 113043478,
    "weightedAverageShsOutDil": 113043478,
    "link": "https://www.sec.gov/Archives/edgar/data/1057352/000095013399002675/0000950133-99-002675-index.html",
    "finalLink": "https://www.sec.gov/Archives/edgar/data/1057352/000095013399002675/"
  },
  {
    "date": "1999-03-31",
    "symbol": "CSGP",
    "reportedCurrency": "USD",
    "cik": "0001057352",
    "fillingDate": "1999-05-14",
    "acceptedDate": "1999-05-14 00:00:00",
    "calendarYear": "1999",
    "period": "Q1",
    "revenue": 6100000,
    "costOfRevenue": 1500000,
    "grossProfit": 4600000,
    "grossProfitRatio": 0.7540983607,
    "researchAndDevelopmentExpenses": 200000,
    "generalAndAdministrativeExpenses": 5500000,
    "sellingAndMarketingExpenses": 0,
    "sellingGeneralAndAdministrativeExpenses": 5500000,
    "otherExpenses": 1100000,
    "operatingExpenses": 6800000,
    "costAndExpenses": 8300000,
    "interestIncome": 0,
    "interestExpense": 0,
    "depreciationAndAmortization": 1100000,
    "ebitda": -1100000,
    "ebitdaratio": -0.1803278689,
    "operatingIncome": -2200000,
    "operatingIncomeRatio": -0.3606557377,
    "totalOtherIncomeExpensesNet": 100000,
    "incomeBeforeTax": -2100000,
    "incomeBeforeTaxRatio": -0.3442622951,
    "incomeTaxExpense": 0,
    "netIncome": -2200000,
    "netIncomeRatio": -0.3606557377,
    "eps": -0.022,
    "epsdiluted": -0.022,
    "weightedAverageShsOut": 100000000,
    "weightedAverageShsOutDil": 100000000,
    "link": "https://www.sec.gov/Archives/edgar/data/1057352/000095013399001813/0000950133-99-001813-index.html",
    "finalLink": "https://www.sec.gov/Archives/edgar/data/1057352/"
  },
  {
    "date": "1998-12-31",
    "symbol": "CSGP",
    "reportedCurrency": "USD",
    "cik": "0001057352",
    "fillingDate": "1999-03-31",
    "acceptedDate": "1999-03-31 00:00:00",
    "calendarYear": "1998",
    "period": "Q4",
    "revenue": 4100000,
    "costOfRevenue": 1200000,
    "grossProfit": 2900000,
    "grossProfitRatio": 0.7073170732,
    "researchAndDevelopmentExpenses": 200000,
    "generalAndAdministrativeExpenses": 4100000,
    "sellingAndMarketingExpenses": 0,
    "sellingGeneralAndAdministrativeExpenses": 4100000,
    "otherExpenses": 300000,
    "operatingExpenses": 4600000,
    "costAndExpenses": 5800000,
    "interestIncome": 0,
    "interestExpense": 0,
    "depreciationAndAmortization": 300000,
    "ebitda": -1400000,
    "ebitdaratio": -0.3414634146,
    "operatingIncome": -1700000,
    "operatingIncomeRatio": -0.4146341463,
    "totalOtherIncomeExpensesNet": 400000,
    "incomeBeforeTax": -1300000,
    "incomeBeforeTaxRatio": -0.3170731707,
    "incomeTaxExpense": -200000,
    "netIncome": -1500000,
    "netIncomeRatio": -0.3658536585,
    "eps": -0.018,
    "epsdiluted": -0.018,
    "weightedAverageShsOut": 83333330,
    "weightedAverageShsOutDil": 83333330,
    "link": "https://www.sec.gov/Archives/edgar/data/1057352/000095013399001092/0000950133-99-001092-index.html",
    "finalLink": "https://www.sec.gov/Archives/edgar/data/1057352/"
  },
  {
    "date": "1998-09-30",
    "symbol": "CSGP",
    "reportedCurrency": "USD",
    "cik": "0001057352",
    "fillingDate": "1998-11-12",
    "acceptedDate": "1998-11-12 00:00:00",
    "calendarYear": "1998",
    "period": "Q3",
    "revenue": 3700000,
    "costOfRevenue": 900000,
    "grossProfit": 2800000,
    "grossProfitRatio": 0.7567567568,
    "researchAndDevelopmentExpenses": 200000,
    "generalAndAdministrativeExpenses": 3400000,
    "sellingAndMarketingExpenses": 0,
    "sellingGeneralAndAdministrativeExpenses": 3400000,
    "otherExpenses": 300000,
    "operatingExpenses": 3900000,
    "costAndExpenses": 4800000,
    "interestIncome": 0,
    "interestExpense": 0,
    "depreciationAndAmortization": 300000,
    "ebitda": -800000,
    "ebitdaratio": -0.2162162162,
    "operatingIncome": -1100000,
    "operatingIncomeRatio": -0.2972972973,
    "totalOtherIncomeExpensesNet": 200000,
    "incomeBeforeTax": -900000,
    "incomeBeforeTaxRatio": -0.2432432432,
    "incomeTaxExpense": -100000,
    "netIncome": -1000000,
    "netIncomeRatio": -0.2702702703,
    "eps": -0.012,
    "epsdiluted": -0.012,
    "weightedAverageShsOut": 83333333,
    "weightedAverageShsOutDil": 83333333,
    "link": "https://www.sec.gov/Archives/edgar/data/1057352/000100515098001106/0001005150-98-001106-index.html",
    "finalLink": "https://www.sec.gov/Archives/edgar/data/1057352/"
  },
  {
    "date": "1998-06-30",
    "symbol": "CSGP",
    "reportedCurrency": "USD",
    "cik": "0001057352",
    "fillingDate": "1998-08-12",
    "acceptedDate": "1998-08-12 00:00:00",
    "calendarYear": "1998",
    "period": "Q2",
    "revenue": 3300000,
    "costOfRevenue": 600000,
    "grossProfit": 2700000,
    "grossProfitRatio": 0.8181818182,
    "researchAndDevelopmentExpenses": 100000,
    "generalAndAdministrativeExpenses": 2300000,
    "sellingAndMarketingExpenses": 0,
    "sellingGeneralAndAdministrativeExpenses": 2300000,
    "otherExpenses": 300000,
    "operatingExpenses": 2700000,
    "costAndExpenses": 3300000,
    "interestIncome": 0,
    "interestExpense": 0,
    "depreciationAndAmortization": 300000,
    "ebitda": 300000,
    "ebitdaratio": 0.0909090909,
    "operatingIncome": 0,
    "operatingIncomeRatio": 0,
    "totalOtherIncomeExpensesNet": 0,
    "incomeBeforeTax": 0,
    "incomeBeforeTaxRatio": 0,
    "incomeTaxExpense": 200000,
    "netIncome": -200000,
    "netIncomeRatio": -0.0606060606,
    "eps": -0.0035,
    "epsdiluted": -0.0035,
    "weightedAverageShsOut": 57142857,
    "weightedAverageShsOutDil": 57142857,
    "link": "https://www.sec.gov/Archives/edgar/data/1057352/000100515098000794/0001005150-98-000794-index.html",
    "finalLink": "https://www.sec.gov/Archives/edgar/data/1057352/"
  },
  {
    "date": "1998-03-31",
    "symbol": "CSGP",
    "reportedCurrency": "USD",
    "cik": "0001057352",
    "fillingDate": "1998-03-31",
    "acceptedDate": "1998-03-30 19:00:00",
    "calendarYear": "1998",
    "period": "Q1",
    "revenue": 2800000,
    "costOfRevenue": 700000,
    "grossProfit": 2100000,
    "grossProfitRatio": 0.75,
    "researchAndDevelopmentExpenses": 100000,
    "generalAndAdministrativeExpenses": 2200000,
    "sellingAndMarketingExpenses": 0,
    "sellingGeneralAndAdministrativeExpenses": 2200000,
    "otherExpenses": 200000,
    "operatingExpenses": 2500000,
    "costAndExpenses": 3200000,
    "interestIncome": 0,
    "interestExpense": 0,
    "depreciationAndAmortization": 200000,
    "ebitda": -200000,
    "ebitdaratio": -0.0714285714,
    "operatingIncome": -400000,
    "operatingIncomeRatio": -0.1428571429,
    "totalOtherIncomeExpensesNet": 0,
    "incomeBeforeTax": 0,
    "incomeBeforeTaxRatio": 0,
    "incomeTaxExpense": 0,
    "netIncome": -400000,
    "netIncomeRatio": -0.1428571429,
    "eps": -0.007,
    "epsdiluted": -0.007,
    "weightedAverageShsOut": 57142857,
    "weightedAverageShsOutDil": 57142857,
    "link": "",
    "finalLink": ""
  }
]