[
  {
    "date": "2025-06-30",
    "symbol": "CSX",
    "reportedCurrency": "USD",
    "cik": "0000277948",
    "fillingDate": "2025-07-23",
    "acceptedDate": "2025-07-23 16:03:03",
    "calendarYear": "2025",
    "period": "Q2",
    "revenue": 3574000000,
    "costOfRevenue": 2291000000,
    "grossProfit": 1283000000,
    "grossProfitRatio": 0.3589815333,
    "researchAndDevelopmentExpenses": 0,
    "generalAndAdministrativeExpenses": 0,
    "sellingAndMarketingExpenses": 0,
    "sellingGeneralAndAdministrativeExpenses": 0,
    "otherExpenses": 0,
    "operatingExpenses": 0,
    "costAndExpenses": 2291000000,
    "interestIncome": 0,
    "interestExpense": 212000000,
    "depreciationAndAmortization": 427000000,
    "ebitda": 1732000000,
    "ebitdaratio": 0.48461108,
    "operatingIncome": 1283000000,
    "operatingIncomeRatio": 0.3589815333,
    "totalOtherIncomeExpensesNet": -190000000,
    "incomeBeforeTax": 1093000000,
    "incomeBeforeTaxRatio": 0.3058198097,
    "incomeTaxExpense": 264000000,
    "netIncome": 829000000,
    "netIncomeRatio": 0.2319529938,
    "eps": 0.44,
    "epsdiluted": 0.44,
    "weightedAverageShsOut": 1867000000,
    "weightedAverageShsOutDil": 1869000000,
    "link": "https://www.sec.gov/Archives/edgar/data/277948/000027794825000044/0000277948-25-000044-index.htm",
    "finalLink": "https://www.sec.gov/Archives/edgar/data/277948/000027794825000044/csx-20250630.htm"
  },
  {
    "date": "2025-03-31",
    "symbol": "CSX",
    "reportedCurrency": "USD",
    "cik": "0000277948",
    "fillingDate": "2025-04-16",
    "acceptedDate": "2025-04-16 16:02:05",
    "calendarYear": "2025",
    "period": "Q1",
    "revenue": 3423000000,
    "costOfRevenue": 2382000000,
    "grossProfit": 1041000000,
    "grossProfitRatio": 0.3041191937,
    "researchAndDevelopmentExpenses": 0,
    "generalAndAdministrativeExpenses": 0,
    "sellingAndMarketingExpenses": 0,
    "sellingGeneralAndAdministrativeExpenses": 0,
    "otherExpenses": 0,
    "operatingExpenses": 0,
    "costAndExpenses": 2382000000,
    "interestIncome": 0,
    "interestExpense": 209000000,
    "depreciationAndAmortization": 425000000,
    "ebitda": 1492000000,
    "ebitdaratio": 0.4358749635,
    "operatingIncome": 1041000000,
    "operatingIncomeRatio": 0.3041191937,
    "totalOtherIncomeExpensesNet": -183000000,
    "incomeBeforeTax": 858000000,
    "incomeBeforeTaxRatio": 0.2506573181,
    "incomeTaxExpense": 212000000,
    "netIncome": 646000000,
    "netIncomeRatio": 0.1887233421,
    "eps": 0.34,
    "epsdiluted": 0.34,
    "weightedAverageShsOut": 1890000000,
    "weightedAverageShsOutDil": 1892000000,
    "link": "https://www.sec.gov/Archives/edgar/data/277948/000027794825000028/0000277948-25-000028-index.htm",
    "finalLink": "https://www.sec.gov/Archives/edgar/data/277948/000027794825000028/csx-20250331.htm"
  },
  {
    "date": "2024-12-31",
    "symbol": "CSX",
    "reportedCurrency": "USD",
    "cik": "0000277948",
    "fillingDate": "2025-02-27",
    "acceptedDate": "2025-02-27 14:08:11",
    "calendarYear": "2024",
    "period": "Q4",
    "revenue": 3539000000,
    "costOfRevenue": 2328000000,
    "grossProfit": 1211000000,
    "grossProfitRatio": 0.3421870585,
    "researchAndDevelopmentExpenses": 0,
    "generalAndAdministrativeExpenses": 0,
    "sellingAndMarketingExpenses": 0,
    "sellingGeneralAndAdministrativeExpenses": 0,
    "otherExpenses": 0,
    "operatingExpenses": 0,
    "costAndExpenses": 2328000000,
    "interestIncome": 0,
    "interestExpense": 207000000,
    "depreciationAndAmortization": 422000000,
    "ebitda": 1565000000,
    "ebitdaratio": 0.4422153151,
    "operatingIncome": 1211000000,
    "operatingIncomeRatio": 0.3421870585,
    "totalOtherIncomeExpensesNet": -275000000,
    "incomeBeforeTax": 936000000,
    "incomeBeforeTaxRatio": 0.2644814919,
    "incomeTaxExpense": 203000000,
    "netIncome": 733000000,
    "netIncomeRatio": 0.2071206556,
    "eps": 0.38,
    "epsdiluted": 0.38,
    "weightedAverageShsOut": 1900190000,
    "weightedAverageShsOutDil": 1921000000,
    "link": "https://www.sec.gov/Archives/edgar/data/277948/000027794825000008/0000277948-25-000008-index.htm",
    "finalLink": "https://www.sec.gov/Archives/edgar/data/277948/000027794825000008/csx-20241231.htm"
  },
  {
    "date": "2024-09-30",
    "symbol": "CSX",
    "reportedCurrency": "USD",
    "cik": "0000277948",
    "fillingDate": "2024-10-17",
    "acceptedDate": "2024-10-16 17:36:04",
    "calendarYear": "2024",
    "period": "Q3",
    "revenue": 3619000000,
    "costOfRevenue": 2263000000,
    "grossProfit": 1356000000,
    "grossProfitRatio": 0.3746891406,
    "researchAndDevelopmentExpenses": 0,
    "generalAndAdministrativeExpenses": 0,
    "sellingAndMarketingExpenses": 0,
    "sellingGeneralAndAdministrativeExpenses": 0,
    "otherExpenses": 0,
    "operatingExpenses": 0,
    "costAndExpenses": 2263000000,
    "interestIncome": 0,
    "interestExpense": 206000000,
    "depreciationAndAmortization": 416000000,
    "ebitda": 1806000000,
    "ebitdaratio": 0.499032882,
    "operatingIncome": 1356000000,
    "operatingIncomeRatio": 0.3746891406,
    "totalOtherIncomeExpensesNet": -172000000,
    "incomeBeforeTax": 1184000000,
    "incomeBeforeTaxRatio": 0.3271621995,
    "incomeTaxExpense": 290000000,
    "netIncome": 894000000,
    "netIncomeRatio": 0.2470295662,
    "eps": 0.46,
    "epsdiluted": 0.46,
    "weightedAverageShsOut": 1936000000,
    "weightedAverageShsOutDil": 1940000000,
    "link": "https://www.sec.gov/Archives/edgar/data/277948/000027794824000054/0000277948-24-000054-index.htm",
    "finalLink": "https://www.sec.gov/Archives/edgar/data/277948/000027794824000054/csx-20240930.htm"
  },
  {
    "date": "2024-06-30",
    "symbol": "CSX",
    "reportedCurrency": "USD",
    "cik": "0000277948",
    "fillingDate": "2024-08-05",
    "acceptedDate": "2024-08-05 16:03:16",
    "calendarYear": "2024",
    "period": "Q2",
    "revenue": 3701000000,
    "costOfRevenue": 2269000000,
    "grossProfit": 1432000000,
    "grossProfitRatio": 0.3869224534,
    "researchAndDevelopmentExpenses": 0,
    "generalAndAdministrativeExpenses": 0,
    "sellingAndMarketingExpenses": 0,
    "sellingGeneralAndAdministrativeExpenses": 0,
    "otherExpenses": 0,
    "operatingExpenses": 0,
    "costAndExpenses": 2269000000,
    "interestIncome": 0,
    "interestExpense": 209000000,
    "depreciationAndAmortization": 410000000,
    "ebitda": 1886000000,
    "ebitdaratio": 0.5095920022,
    "operatingIncome": 1432000000,
    "operatingIncomeRatio": 0.3869224534,
    "totalOtherIncomeExpensesNet": -165000000,
    "incomeBeforeTax": 1267000000,
    "incomeBeforeTaxRatio": 0.3423399081,
    "incomeTaxExpense": 304000000,
    "netIncome": 963000000,
    "netIncomeRatio": 0.260199946,
    "eps": 0.5,
    "epsdiluted": 0.49,
    "weightedAverageShsOut": 1944000000,
    "weightedAverageShsOutDil": 1948000000,
    "link": "https://www.sec.gov/Archives/edgar/data/277948/000027794824000047/0000277948-24-000047-index.htm",
    "finalLink": "https://www.sec.gov/Archives/edgar/data/277948/000027794824000047/csx-20240630.htm"
  },
  {
    "date": "2024-03-31",
    "symbol": "CSX",
    "reportedCurrency": "USD",
    "cik": "0000277948",
    "fillingDate": "2024-04-18",
    "acceptedDate": "2024-04-17 17:40:02",
    "calendarYear": "2024",
    "period": "Q1",
    "revenue": 3681000000,
    "costOfRevenue": 2344000000,
    "grossProfit": 1337000000,
    "grossProfitRatio": 0.3632165173,
    "researchAndDevelopmentExpenses": 0,
    "generalAndAdministrativeExpenses": 0,
    "sellingAndMarketingExpenses": 0,
    "sellingGeneralAndAdministrativeExpenses": 0,
    "otherExpenses": 0,
    "operatingExpenses": 0,
    "costAndExpenses": 2344000000,
    "interestIncome": 0,
    "interestExpense": 210000000,
    "depreciationAndAmortization": 410000000,
    "ebitda": 1788000000,
    "ebitdaratio": 0.4857375713,
    "operatingIncome": 1337000000,
    "operatingIncomeRatio": 0.3632165173,
    "totalOtherIncomeExpensesNet": -169000000,
    "incomeBeforeTax": 1168000000,
    "incomeBeforeTaxRatio": 0.3173050801,
    "incomeTaxExpense": 288000000,
    "netIncome": 880000000,
    "netIncomeRatio": 0.2390654713,
    "eps": 0.46,
    "epsdiluted": 0.46,
    "weightedAverageShsOut": 1958000000,
    "weightedAverageShsOutDil": 1962000000,
    "link": "https://www.sec.gov/Archives/edgar/data/277948/000027794824000032/0000277948-24-000032-index.htm",
    "finalLink": "https://www.sec.gov/Archives/edgar/data/277948/000027794824000032/csx-20240331.htm"
  },
  {
    "date": "2023-12-31",
    "symbol": "CSX",
    "reportedCurrency": "USD",
    "cik": "0000277948",
    "fillingDate": "2024-02-14",
    "acceptedDate": "2024-02-14 15:34:39",
    "calendarYear": "2023",
    "period": "Q4",
    "revenue": 3680000000,
    "costOfRevenue": 2373000000,
    "grossProfit": 1307000000,
    "grossProfitRatio": 0.3551630435,
    "researchAndDevelopmentExpenses": 0,
    "generalAndAdministrativeExpenses": 0,
    "sellingAndMarketingExpenses": 0,
    "sellingGeneralAndAdministrativeExpenses": 0,
    "otherExpenses": 0,
    "operatingExpenses": 0,
    "costAndExpenses": 2373000000,
    "interestIncome": 0,
    "interestExpense": 204000000,
    "depreciationAndAmortization": 405000000,
    "ebitda": 1753000000,
    "ebitdaratio": 0.4763586957,
    "operatingIncome": 1307000000,
    "operatingIncomeRatio": 0.3551630435,
    "totalOtherIncomeExpensesNet": -163000000,
    "incomeBeforeTax": 1144000000,
    "incomeBeforeTaxRatio": 0.3108695652,
    "incomeTaxExpense": 262000000,
    "netIncome": 882000000,
    "netIncomeRatio": 0.239673913,
    "eps": 0.45,
    "epsdiluted": 0.45,
    "weightedAverageShsOut": 1964567672,
    "weightedAverageShsOutDil": 1969000000,
    "link": "https://www.sec.gov/Archives/edgar/data/277948/000027794824000010/0000277948-24-000010-index.htm",
    "finalLink": "https://www.sec.gov/Archives/edgar/data/277948/000027794824000010/csx-20231231.htm"
  },
  {
    "date": "2023-09-30",
    "symbol": "CSX",
    "reportedCurrency": "USD",
    "cik": "0000277948",
    "fillingDate": "2023-10-20",
    "acceptedDate": "2023-10-19 17:47:07",
    "calendarYear": "2023",
    "period": "Q3",
    "revenue": 3572000000,
    "costOfRevenue": 2313000000,
    "grossProfit": 1259000000,
    "grossProfitRatio": 0.3524636058,
    "researchAndDevelopmentExpenses": 0,
    "generalAndAdministrativeExpenses": 0,
    "sellingAndMarketingExpenses": 0,
    "sellingGeneralAndAdministrativeExpenses": 0,
    "otherExpenses": 0,
    "operatingExpenses": 0,
    "costAndExpenses": 2313000000,
    "interestIncome": 0,
    "interestExpense": 203000000,
    "depreciationAndAmortization": 403000000,
    "ebitda": 1708000000,
    "ebitdaratio": 0.4781634938,
    "operatingIncome": 1259000000,
    "operatingIncomeRatio": 0.3524636058,
    "totalOtherIncomeExpensesNet": -157000000,
    "incomeBeforeTax": 1102000000,
    "incomeBeforeTaxRatio": 0.3085106383,
    "incomeTaxExpense": 274000000,
    "netIncome": 828000000,
    "netIncomeRatio": 0.2318029115,
    "eps": 0.42,
    "epsdiluted": 0.42,
    "weightedAverageShsOut": 1994000000,
    "weightedAverageShsOutDil": 1999000000,
    "link": "https://www.sec.gov/Archives/edgar/data/277948/000027794823000053/0000277948-23-000053-index.htm",
    "finalLink": "https://www.sec.gov/Archives/edgar/data/277948/000027794823000053/csx-20230930.htm"
  },
  {
    "date": "2023-06-30",
    "symbol": "CSX",
    "reportedCurrency": "USD",
    "cik": "0000277948",
    "fillingDate": "2023-07-20",
    "acceptedDate": "2023-07-20 17:28:15",
    "calendarYear": "2023",
    "period": "Q2",
    "revenue": 3699000000,
    "costOfRevenue": 2257000000,
    "grossProfit": 1442000000,
    "grossProfitRatio": 0.3898350906,
    "researchAndDevelopmentExpenses": 0,
    "generalAndAdministrativeExpenses": 0,
    "sellingAndMarketingExpenses": 0,
    "sellingGeneralAndAdministrativeExpenses": 0,
    "otherExpenses": 0,
    "operatingExpenses": 0,
    "costAndExpenses": 2257000000,
    "interestIncome": 0,
    "interestExpense": 201000000,
    "depreciationAndAmortization": 404000000,
    "ebitda": 1901000000,
    "ebitdaratio": 0.5139226818,
    "operatingIncome": 1442000000,
    "operatingIncomeRatio": 0.3898350906,
    "totalOtherIncomeExpensesNet": -146000000,
    "incomeBeforeTax": 1296000000,
    "incomeBeforeTaxRatio": 0.3503649635,
    "incomeTaxExpense": 312000000,
    "netIncome": 984000000,
    "netIncomeRatio": 0.2660178427,
    "eps": 0.49,
    "epsdiluted": 0.49,
    "weightedAverageShsOut": 2020000000,
    "weightedAverageShsOutDil": 2025000000,
    "link": "https://www.sec.gov/Archives/edgar/data/277948/000027794823000043/0000277948-23-000043-index.htm",
    "finalLink": "https://www.sec.gov/Archives/edgar/data/277948/000027794823000043/csx-20230630.htm"
  },
  {
    "date": "2023-03-31",
    "symbol": "CSX",
    "reportedCurrency": "USD",
    "cik": "0000277948",
    "fillingDate": "2023-04-20",
    "acceptedDate": "2023-04-20 17:28:08",
    "calendarYear": "2023",
    "period": "Q1",
    "revenue": 3706000000,
    "costOfRevenue": 2258000000,
    "grossProfit": 1448000000,
    "grossProfitRatio": 0.390717755,
    "researchAndDevelopmentExpenses": 0,
    "generalAndAdministrativeExpenses": 0,
    "sellingAndMarketingExpenses": 0,
    "sellingGeneralAndAdministrativeExpenses": 0,
    "otherExpenses": 0,
    "operatingExpenses": 0,
    "costAndExpenses": 2258000000,
    "interestIncome": 0,
    "interestExpense": 201000000,
    "depreciationAndAmortization": 393000000,
    "ebitda": 1898000000,
    "ebitdaratio": 0.5121424717,
    "operatingIncome": 1448000000,
    "operatingIncomeRatio": 0.390717755,
    "totalOtherIncomeExpensesNet": -144000000,
    "incomeBeforeTax": 1304000000,
    "incomeBeforeTaxRatio": 0.3518618457,
    "incomeTaxExpense": 317000000,
    "netIncome": 987000000,
    "netIncomeRatio": 0.2663248786,
    "eps": 0.48,
    "epsdiluted": 0.48,
    "weightedAverageShsOut": 2054000000,
    "weightedAverageShsOutDil": 2058000000,
    "link": "https://www.sec.gov/Archives/edgar/data/277948/000027794823000027/0000277948-23-000027-index.htm",
    "finalLink": "https://www.sec.gov/Archives/edgar/data/277948/000027794823000027/csx-20230331.htm"
  },
  {
    "date": "2022-12-31",
    "symbol": "CSX",
    "reportedCurrency": "USD",
    "cik": "0000277948",
    "fillingDate": "2023-02-15",
    "acceptedDate": "2023-02-15 11:55:01",
    "calendarYear": "2022",
    "period": "Q4",
    "revenue": 3730000000,
    "costOfRevenue": 2326000000,
    "grossProfit": 1404000000,
    "grossProfitRatio": 0.3764075067,
    "researchAndDevelopmentExpenses": 0,
    "generalAndAdministrativeExpenses": 0,
    "sellingAndMarketingExpenses": 0,
    "sellingGeneralAndAdministrativeExpenses": 0,
    "otherExpenses": 0,
    "operatingExpenses": 0,
    "costAndExpenses": 2326000000,
    "interestIncome": 0,
    "interestExpense": 199000000,
    "depreciationAndAmortization": 393000000,
    "ebitda": 1896000000,
    "ebitdaratio": 0.508310992,
    "operatingIncome": 1404000000,
    "operatingIncomeRatio": 0.3764075067,
    "totalOtherIncomeExpensesNet": -100000000,
    "incomeBeforeTax": 1304000000,
    "incomeBeforeTaxRatio": 0.3495978552,
    "incomeTaxExpense": 286000000,
    "netIncome": 1018000000,
    "netIncomeRatio": 0.272922252,
    "eps": 0.49,
    "epsdiluted": 0.49,
    "weightedAverageShsOut": 2076435616,
    "weightedAverageShsOutDil": 2077551020,
    "link": "https://www.sec.gov/Archives/edgar/data/277948/000027794823000006/0000277948-23-000006-index.htm",
    "finalLink": "https://www.sec.gov/Archives/edgar/data/277948/000027794823000006/csx-20221231.htm"
  },
  {
    "date": "2022-09-30",
    "symbol": "CSX",
    "reportedCurrency": "USD",
    "cik": "0000277948",
    "fillingDate": "2022-10-21",
    "acceptedDate": "2022-10-20 17:48:36",
    "calendarYear": "2022",
    "period": "Q3",
    "revenue": 3895000000,
    "costOfRevenue": 2370000000,
    "grossProfit": 1525000000,
    "grossProfitRatio": 0.3915275995,
    "researchAndDevelopmentExpenses": 0,
    "generalAndAdministrativeExpenses": 0,
    "sellingAndMarketingExpenses": 0,
    "sellingGeneralAndAdministrativeExpenses": 0,
    "otherExpenses": 0,
    "operatingExpenses": 0,
    "costAndExpenses": 2370000000,
    "interestIncome": 0,
    "interestExpense": 193000000,
    "depreciationAndAmortization": 378000000,
    "ebitda": 1994000000,
    "ebitdaratio": 0.5119383825,
    "operatingIncome": 1525000000,
    "operatingIncomeRatio": 0.3915275995,
    "totalOtherIncomeExpensesNet": -102000000,
    "incomeBeforeTax": 1423000000,
    "incomeBeforeTaxRatio": 0.3653401797,
    "incomeTaxExpense": 312000000,
    "netIncome": 1111000000,
    "netIncomeRatio": 0.285237484,
    "eps": 0.52,
    "epsdiluted": 0.52,
    "weightedAverageShsOut": 2122000000,
    "weightedAverageShsOutDil": 2126000000,
    "link": "https://www.sec.gov/Archives/edgar/data/277948/000027794822000045/0000277948-22-000045-index.htm",
    "finalLink": "https://www.sec.gov/Archives/edgar/data/277948/000027794822000045/csx-20220930.htm"
  },
  {
    "date": "2022-06-30",
    "symbol": "CSX",
    "reportedCurrency": "USD",
    "cik": "0000277948",
    "fillingDate": "2022-07-21",
    "acceptedDate": "2022-07-20 17:45:35",
    "calendarYear": "2022",
    "period": "Q2",
    "revenue": 3815000000,
    "costOfRevenue": 2241000000,
    "grossProfit": 1574000000,
    "grossProfitRatio": 0.4125819135,
    "researchAndDevelopmentExpenses": 0,
    "generalAndAdministrativeExpenses": 0,
    "sellingAndMarketingExpenses": 0,
    "sellingGeneralAndAdministrativeExpenses": 0,
    "otherExpenses": 0,
    "operatingExpenses": 0,
    "costAndExpenses": 2241000000,
    "interestIncome": 0,
    "interestExpense": 171000000,
    "depreciationAndAmortization": 369000000,
    "ebitda": 2098000000,
    "ebitdaratio": 0.5499344692,
    "operatingIncome": 1574000000,
    "operatingIncomeRatio": 0.4125819135,
    "totalOtherIncomeExpensesNet": -16000000,
    "incomeBeforeTax": 1558000000,
    "incomeBeforeTaxRatio": 0.4083879423,
    "incomeTaxExpense": 380000000,
    "netIncome": 1178000000,
    "netIncomeRatio": 0.3087811271,
    "eps": 0.55,
    "epsdiluted": 0.54,
    "weightedAverageShsOut": 2158000000,
    "weightedAverageShsOutDil": 2163000000,
    "link": "https://www.sec.gov/Archives/edgar/data/277948/000027794822000034/0000277948-22-000034-index.htm",
    "finalLink": "https://www.sec.gov/Archives/edgar/data/277948/000027794822000034/csx-20220630.htm"
  },
  {
    "date": "2022-03-31",
    "symbol": "CSX",
    "reportedCurrency": "USD",
    "cik": "0000277948",
    "fillingDate": "2022-04-21",
    "acceptedDate": "2022-04-20 17:34:53",
    "calendarYear": "2022",
    "period": "Q1",
    "revenue": 3413000000,
    "costOfRevenue": 2158000000,
    "grossProfit": 1255000000,
    "grossProfitRatio": 0.3677116906,
    "researchAndDevelopmentExpenses": 0,
    "generalAndAdministrativeExpenses": 0,
    "sellingAndMarketingExpenses": 0,
    "sellingGeneralAndAdministrativeExpenses": 0,
    "otherExpenses": 0,
    "operatingExpenses": 0,
    "costAndExpenses": 2158000000,
    "interestIncome": 0,
    "interestExpense": 179000000,
    "depreciationAndAmortization": 360000000,
    "ebitda": 1668000000,
    "ebitdaratio": 0.4887196015,
    "operatingIncome": 1255000000,
    "operatingIncomeRatio": 0.3677116906,
    "totalOtherIncomeExpensesNet": -126000000,
    "incomeBeforeTax": 1129000000,
    "incomeBeforeTaxRatio": 0.3307940229,
    "incomeTaxExpense": 270000000,
    "netIncome": 859000000,
    "netIncomeRatio": 0.2516847348,
    "eps": 0.39,
    "epsdiluted": 0.39,
    "weightedAverageShsOut": 2188000000,
    "weightedAverageShsOutDil": 2193000000,
    "link": "https://www.sec.gov/Archives/edgar/data/277948/000027794822000020/0000277948-22-000020-index.htm",
    "finalLink": "https://www.sec.gov/Archives/edgar/data/277948/000027794822000020/csx-20220331.htm"
  },
  {
    "date": "2021-12-31",
    "symbol": "CSX",
    "reportedCurrency": "USD",
    "cik": "0000277948",
    "fillingDate": "2022-02-16",
    "acceptedDate": "2022-02-16 14:53:10",
    "calendarYear": "2021",
    "period": "Q4",
    "revenue": 3427000000,
    "costOfRevenue": 2080000000,
    "grossProfit": 1347000000,
    "grossProfitRatio": 0.3930551503,
    "researchAndDevelopmentExpenses": 0,
    "generalAndAdministrativeExpenses": 0,
    "sellingAndMarketingExpenses": 0,
    "sellingGeneralAndAdministrativeExpenses": 0,
    "otherExpenses": 0,
    "operatingExpenses": 0,
    "costAndExpenses": 2080000000,
    "interestIncome": 0,
    "interestExpense": 180000000,
    "depreciationAndAmortization": 360000000,
    "ebitda": 1745000000,
    "ebitdaratio": 0.5091917129,
    "operatingIncome": 1347000000,
    "operatingIncomeRatio": 0.3930551503,
    "totalOtherIncomeExpensesNet": -142000000,
    "incomeBeforeTax": 1205000000,
    "incomeBeforeTaxRatio": 0.3516194923,
    "incomeTaxExpense": 271000000,
    "netIncome": 934000000,
    "netIncomeRatio": 0.2725415816,
    "eps": 0.42,
    "epsdiluted": 0.42,
    "weightedAverageShsOut": 2202000000,
    "weightedAverageShsOutDil": 2217000000,
    "link": "https://www.sec.gov/Archives/edgar/data/277948/000027794822000009/0000277948-22-000009-index.htm",
    "finalLink": "https://www.sec.gov/Archives/edgar/data/277948/000027794822000009/csx-20211231.htm"
  },
  {
    "date": "2021-09-30",
    "symbol": "CSX",
    "reportedCurrency": "USD",
    "cik": "0000277948",
    "fillingDate": "2021-10-21",
    "acceptedDate": "2021-10-20 17:37:53",
    "calendarYear": "2021",
    "period": "Q3",
    "revenue": 3292000000,
    "costOfRevenue": 1916000000,
    "grossProfit": 1376000000,
    "grossProfitRatio": 0.4179829891,
    "researchAndDevelopmentExpenses": 0,
    "generalAndAdministrativeExpenses": 0,
    "sellingAndMarketingExpenses": 0,
    "sellingGeneralAndAdministrativeExpenses": 0,
    "otherExpenses": 0,
    "operatingExpenses": 0,
    "costAndExpenses": 1916000000,
    "interestIncome": 0,
    "interestExpense": 177000000,
    "depreciationAndAmortization": 367000000,
    "ebitda": 1823000000,
    "ebitdaratio": 0.5537667072,
    "operatingIncome": 1376000000,
    "operatingIncomeRatio": 0.4179829891,
    "totalOtherIncomeExpensesNet": -97000000,
    "incomeBeforeTax": 1279000000,
    "incomeBeforeTaxRatio": 0.3885176185,
    "incomeTaxExpense": 311000000,
    "netIncome": 968000000,
    "netIncomeRatio": 0.2940461725,
    "eps": 0.43,
    "epsdiluted": 0.43,
    "weightedAverageShsOut": 2237000000,
    "weightedAverageShsOutDil": 2242000000,
    "link": "https://www.sec.gov/Archives/edgar/data/277948/000027794821000050/0000277948-21-000050-index.htm",
    "finalLink": "https://www.sec.gov/Archives/edgar/data/277948/000027794821000050/csx-20210930.htm"
  },
  {
    "date": "2021-06-30",
    "symbol": "CSX",
    "reportedCurrency": "USD",
    "cik": "0000277948",
    "fillingDate": "2021-07-22",
    "acceptedDate": "2021-07-21 17:49:33",
    "calendarYear": "2021",
    "period": "Q2",
    "revenue": 2990000000,
    "costOfRevenue": 1666000000,
    "grossProfit": 1324000000,
    "grossProfitRatio": 0.4428093645,
    "researchAndDevelopmentExpenses": 0,
    "generalAndAdministrativeExpenses": 0,
    "sellingAndMarketingExpenses": 0,
    "sellingGeneralAndAdministrativeExpenses": 0,
    "otherExpenses": 0,
    "operatingExpenses": 0,
    "costAndExpenses": 1666000000,
    "interestIncome": 0,
    "interestExpense": 181000000,
    "depreciationAndAmortization": 348000000,
    "ebitda": 2059000000,
    "ebitdaratio": 0.6886287625,
    "operatingIncome": 1324000000,
    "operatingIncomeRatio": 0.4428093645,
    "totalOtherIncomeExpensesNet": 206000000,
    "incomeBeforeTax": 1530000000,
    "incomeBeforeTaxRatio": 0.5117056856,
    "incomeTaxExpense": 357000000,
    "netIncome": 1173000000,
    "netIncomeRatio": 0.3923076923,
    "eps": 0.52,
    "epsdiluted": 0.52,
    "weightedAverageShsOut": 2270000000,
    "weightedAverageShsOutDil": 2275000000,
    "link": "https://www.sec.gov/Archives/edgar/data/277948/000027794821000041/0000277948-21-000041-index.htm",
    "finalLink": "https://www.sec.gov/Archives/edgar/data/277948/000027794821000041/csx-20210630.htm"
  },
  {
    "date": "2021-03-31",
    "symbol": "CSX",
    "reportedCurrency": "USD",
    "cik": "0000277948",
    "fillingDate": "2021-04-21",
    "acceptedDate": "2021-04-20 17:52:42",
    "calendarYear": "2021",
    "period": "Q1",
    "revenue": 2813000000,
    "costOfRevenue": 1715000000,
    "grossProfit": 1098000000,
    "grossProfitRatio": 0.3903306079,
    "researchAndDevelopmentExpenses": 0,
    "generalAndAdministrativeExpenses": 0,
    "sellingAndMarketingExpenses": 0,
    "sellingGeneralAndAdministrativeExpenses": 0,
    "otherExpenses": 0,
    "operatingExpenses": 0,
    "costAndExpenses": 1715000000,
    "interestIncome": 0,
    "interestExpense": 184000000,
    "depreciationAndAmortization": 345000000,
    "ebitda": 1466000000,
    "ebitdaratio": 0.5211517952,
    "operatingIncome": 1098000000,
    "operatingIncomeRatio": 0.3903306079,
    "totalOtherIncomeExpensesNet": -161000000,
    "incomeBeforeTax": 937000000,
    "incomeBeforeTaxRatio": 0.3330963384,
    "incomeTaxExpense": 231000000,
    "netIncome": 706000000,
    "netIncomeRatio": 0.250977604,
    "eps": 0.31,
    "epsdiluted": 0.31,
    "weightedAverageShsOut": 2282000000,
    "weightedAverageShsOutDil": 2286000000,
    "link": "https://www.sec.gov/Archives/edgar/data/277948/000027794821000024/0000277948-21-000024-index.htm",
    "finalLink": "https://www.sec.gov/Archives/edgar/data/277948/000027794821000024/csx-20210331.htm"
  },
  {
    "date": "2020-12-31",
    "symbol": "CSX",
    "reportedCurrency": "USD",
    "cik": "0000277948",
    "fillingDate": "2021-02-10",
    "acceptedDate": "2021-02-10 14:43:02",
    "calendarYear": "2020",
    "period": "Q4",
    "revenue": 2825000000,
    "costOfRevenue": 1634000000,
    "grossProfit": 1191000000,
    "grossProfitRatio": 0.4215929204,
    "researchAndDevelopmentExpenses": 0,
    "generalAndAdministrativeExpenses": 0,
    "sellingAndMarketingExpenses": 0,
    "sellingGeneralAndAdministrativeExpenses": 0,
    "otherExpenses": 0,
    "operatingExpenses": 0,
    "costAndExpenses": 1634000000,
    "interestIncome": 0,
    "interestExpense": 189000000,
    "depreciationAndAmortization": 347000000,
    "ebitda": 1530000000,
    "ebitdaratio": 0.5415929204,
    "operatingIncome": 1191000000,
    "operatingIncomeRatio": 0.4215929204,
    "totalOtherIncomeExpensesNet": -197000000,
    "incomeBeforeTax": 994000000,
    "incomeBeforeTaxRatio": 0.3518584071,
    "incomeTaxExpense": 234000000,
    "netIncome": 760000000,
    "netIncomeRatio": 0.2690265487,
    "eps": 0.33,
    "epsdiluted": 0.33,
    "weightedAverageShsOut": 2289000000,
    "weightedAverageShsOutDil": 2298000000,
    "link": "https://www.sec.gov/Archives/edgar/data/277948/000027794821000014/0000277948-21-000014-index.htm",
    "finalLink": "https://www.sec.gov/Archives/edgar/data/277948/000027794821000014/csx-20201231.htm"
  },
  {
    "date": "2020-09-30",
    "symbol": "CSX",
    "reportedCurrency": "USD",
    "cik": "0000277948",
    "fillingDate": "2020-10-22",
    "acceptedDate": "2020-10-21 17:55:27",
    "calendarYear": "2020",
    "period": "Q3",
    "revenue": 2648000000,
    "costOfRevenue": 1510000000,
    "grossProfit": 1138000000,
    "grossProfitRatio": 0.4297583082,
    "researchAndDevelopmentExpenses": 0,
    "generalAndAdministrativeExpenses": 0,
    "sellingAndMarketingExpenses": 0,
    "sellingGeneralAndAdministrativeExpenses": 0,
    "otherExpenses": 0,
    "operatingExpenses": 0,
    "costAndExpenses": 1510000000,
    "interestIncome": 0,
    "interestExpense": 187000000,
    "depreciationAndAmortization": 348000000,
    "ebitda": 1503000000,
    "ebitdaratio": 0.5675981873,
    "operatingIncome": 1138000000,
    "operatingIncomeRatio": 0.4297583082,
    "totalOtherIncomeExpensesNet": -170000000,
    "incomeBeforeTax": 968000000,
    "incomeBeforeTaxRatio": 0.3655589124,
    "incomeTaxExpense": 232000000,
    "netIncome": 736000000,
    "netIncomeRatio": 0.2779456193,
    "eps": 0.32,
    "epsdiluted": 0.32,
    "weightedAverageShsOut": 2295000000,
    "weightedAverageShsOutDil": 2300000000,
    "link": "https://www.sec.gov/Archives/edgar/data/277948/000027794820000048/0000277948-20-000048-index.htm",
    "finalLink": "https://www.sec.gov/Archives/edgar/data/277948/000027794820000048/csx-20200930.htm"
  },
  {
    "date": "2020-06-30",
    "symbol": "CSX",
    "reportedCurrency": "USD",
    "cik": "0000277948",
    "fillingDate": "2020-07-23",
    "acceptedDate": "2020-07-22 18:12:19",
    "calendarYear": "2020",
    "period": "Q2",
    "revenue": 2255000000,
    "costOfRevenue": 1420000000,
    "grossProfit": 835000000,
    "grossProfitRatio": 0.3702882483,
    "researchAndDevelopmentExpenses": 0,
    "generalAndAdministrativeExpenses": 0,
    "sellingAndMarketingExpenses": 0,
    "sellingGeneralAndAdministrativeExpenses": 0,
    "otherExpenses": 0,
    "operatingExpenses": 0,
    "costAndExpenses": 1420000000,
    "interestIncome": 0,
    "interestExpense": 191000000,
    "depreciationAndAmortization": 344000000,
    "ebitda": 1187000000,
    "ebitdaratio": 0.5263858093,
    "operatingIncome": 835000000,
    "operatingIncomeRatio": 0.3702882483,
    "totalOtherIncomeExpensesNet": -183000000,
    "incomeBeforeTax": 652000000,
    "incomeBeforeTaxRatio": 0.289135255,
    "incomeTaxExpense": 153000000,
    "netIncome": 499000000,
    "netIncomeRatio": 0.221286031,
    "eps": 0.22,
    "epsdiluted": 0.22,
    "weightedAverageShsOut": 2297000000,
    "weightedAverageShsOutDil": 2301000000,
    "link": "https://www.sec.gov/Archives/edgar/data/277948/000027794820000032/0000277948-20-000032-index.htm",
    "finalLink": "https://www.sec.gov/Archives/edgar/data/277948/000027794820000032/csx-20200630.htm"
  },
  {
    "date": "2020-03-31",
    "symbol": "CSX",
    "reportedCurrency": "USD",
    "cik": "0000277948",
    "fillingDate": "2020-04-23",
    "acceptedDate": "2020-04-22 17:49:10",
    "calendarYear": "2020",
    "period": "Q1",
    "revenue": 2855000000,
    "costOfRevenue": 1695000000,
    "grossProfit": 1160000000,
    "grossProfitRatio": 0.4063047285,
    "researchAndDevelopmentExpenses": 0,
    "generalAndAdministrativeExpenses": 0,
    "sellingAndMarketingExpenses": 0,
    "sellingGeneralAndAdministrativeExpenses": 0,
    "otherExpenses": 0,
    "operatingExpenses": 0,
    "costAndExpenses": 1695000000,
    "interestIncome": 0,
    "interestExpense": 187000000,
    "depreciationAndAmortization": 344000000,
    "ebitda": 1544000000,
    "ebitdaratio": 0.5408056042,
    "operatingIncome": 1160000000,
    "operatingIncomeRatio": 0.4063047285,
    "totalOtherIncomeExpensesNet": -147000000,
    "incomeBeforeTax": 1013000000,
    "incomeBeforeTaxRatio": 0.3548161121,
    "incomeTaxExpense": 243000000,
    "netIncome": 770000000,
    "netIncomeRatio": 0.2697022767,
    "eps": 0.33,
    "epsdiluted": 0.33,
    "weightedAverageShsOut": 2316000000,
    "weightedAverageShsOutDil": 2319000000,
    "link": "https://www.sec.gov/Archives/edgar/data/277948/000027794820000014/0000277948-20-000014-index.htm",
    "finalLink": "https://www.sec.gov/Archives/edgar/data/277948/000027794820000014/csx03312010-q.htm"
  },
  {
    "date": "2019-12-31",
    "symbol": "CSX",
    "reportedCurrency": "USD",
    "cik": "0000277948",
    "fillingDate": "2020-02-12",
    "acceptedDate": "2020-02-12 16:22:04",
    "calendarYear": "2019",
    "period": "Q4",
    "revenue": 2885000000,
    "costOfRevenue": 1777000000,
    "grossProfit": 1108000000,
    "grossProfitRatio": 0.3840554593,
    "researchAndDevelopmentExpenses": 0,
    "generalAndAdministrativeExpenses": 0,
    "sellingAndMarketingExpenses": 0,
    "sellingGeneralAndAdministrativeExpenses": 0,
    "otherExpenses": 0,
    "operatingExpenses": 0,
    "costAndExpenses": 1777000000,
    "interestIncome": 0,
    "interestExpense": 189000000,
    "depreciationAndAmortization": 344000000,
    "ebitda": 1514000000,
    "ebitdaratio": 0.5247833622,
    "operatingIncome": 1108000000,
    "operatingIncomeRatio": 0.3840554593,
    "totalOtherIncomeExpensesNet": -127000000,
    "incomeBeforeTax": 981000000,
    "incomeBeforeTaxRatio": 0.340034662,
    "incomeTaxExpense": 210000000,
    "netIncome": 771000000,
    "netIncomeRatio": 0.2672443674,
    "eps": 0.33,
    "epsdiluted": 0.33,
    "weightedAverageShsOut": 2319000000,
    "weightedAverageShsOutDil": 2334000000,
    "link": "https://www.sec.gov/Archives/edgar/data/277948/000027794820000008/0000277948-20-000008-index.htm",
    "finalLink": "https://www.sec.gov/Archives/edgar/data/277948/000027794820000008/csx-12312019x10k.htm"
  },
  {
    "date": "2019-09-30",
    "symbol": "CSX",
    "reportedCurrency": "USD",
    "cik": "0000277948",
    "fillingDate": "2019-10-17",
    "acceptedDate": "2019-10-16 18:01:54",
    "calendarYear": "2019",
    "period": "Q3",
    "revenue": 2978000000,
    "costOfRevenue": 1783000000,
    "grossProfit": 1195000000,
    "grossProfitRatio": 0.4012760242,
    "researchAndDevelopmentExpenses": 0,
    "generalAndAdministrativeExpenses": 0,
    "sellingAndMarketingExpenses": 0,
    "sellingGeneralAndAdministrativeExpenses": 0,
    "otherExpenses": 0,
    "operatingExpenses": 0,
    "costAndExpenses": 1783000000,
    "interestIncome": 0,
    "interestExpense": 186000000,
    "depreciationAndAmortization": 338000000,
    "ebitda": 1649000000,
    "ebitdaratio": 0.5537273338,
    "operatingIncome": 1195000000,
    "operatingIncomeRatio": 0.4012760242,
    "totalOtherIncomeExpensesNet": -70000000,
    "incomeBeforeTax": 1125000000,
    "incomeBeforeTaxRatio": 0.3777703156,
    "incomeTaxExpense": 269000000,
    "netIncome": 856000000,
    "netIncomeRatio": 0.2874412357,
    "eps": 1.08,
    "epsdiluted": 1.08,
    "weightedAverageShsOut": 2347009638,
    "weightedAverageShsOutDil": 2376000000,
    "link": "https://www.sec.gov/Archives/edgar/data/277948/000027794819000047/0000277948-19-000047-index.htm",
    "finalLink": "https://www.sec.gov/Archives/edgar/data/277948/000027794819000047/csx09301910-q.htm"
  },
  {
    "date": "2019-06-30",
    "symbol": "CSX",
    "reportedCurrency": "USD",
    "cik": "0000277948",
    "fillingDate": "2019-07-17",
    "acceptedDate": "2019-07-16 17:54:06",
    "calendarYear": "2019",
    "period": "Q2",
    "revenue": 3061000000,
    "costOfRevenue": 1814000000,
    "grossProfit": 1247000000,
    "grossProfitRatio": 0.4073832081,
    "researchAndDevelopmentExpenses": 0,
    "generalAndAdministrativeExpenses": 0,
    "sellingAndMarketingExpenses": 0,
    "sellingGeneralAndAdministrativeExpenses": 0,
    "otherExpenses": 0,
    "operatingExpenses": 0,
    "costAndExpenses": 1814000000,
    "interestIncome": 0,
    "interestExpense": 184000000,
    "depreciationAndAmortization": 337000000,
    "ebitda": 1667000000,
    "ebitdaratio": 0.5445932702,
    "operatingIncome": 1247000000,
    "operatingIncomeRatio": 0.4073832081,
    "totalOtherIncomeExpensesNet": -101000000,
    "incomeBeforeTax": 1146000000,
    "incomeBeforeTaxRatio": 0.3743874551,
    "incomeTaxExpense": 276000000,
    "netIncome": 870000000,
    "netIncomeRatio": 0.2842208429,
    "eps": 0.36,
    "epsdiluted": 0.36,
    "weightedAverageShsOut": 2415000000,
    "weightedAverageShsOutDil": 2421000000,
    "link": "https://www.sec.gov/Archives/edgar/data/277948/000027794819000036/0000277948-19-000036-index.htm",
    "finalLink": "https://www.sec.gov/Archives/edgar/data/277948/000027794819000036/csx06301910-q.htm"
  },
  {
    "date": "2019-03-31",
    "symbol": "CSX",
    "reportedCurrency": "USD",
    "cik": "0000277948",
    "fillingDate": "2019-04-17",
    "acceptedDate": "2019-04-16 17:43:07",
    "calendarYear": "2019",
    "period": "Q1",
    "revenue": 3013000000,
    "costOfRevenue": 1840000000,
    "grossProfit": 1173000000,
    "grossProfitRatio": 0.3893129771,
    "researchAndDevelopmentExpenses": 0,
    "generalAndAdministrativeExpenses": 0,
    "sellingAndMarketingExpenses": 0,
    "sellingGeneralAndAdministrativeExpenses": 0,
    "otherExpenses": 0,
    "operatingExpenses": 0,
    "costAndExpenses": 1840000000,
    "interestIncome": 0,
    "interestExpense": 178000000,
    "depreciationAndAmortization": 330000000,
    "ebitda": 1572000000,
    "ebitdaratio": 0.5217391304,
    "operatingIncome": 1173000000,
    "operatingIncomeRatio": 0.3893129771,
    "totalOtherIncomeExpensesNet": -109000000,
    "incomeBeforeTax": 1064000000,
    "incomeBeforeTaxRatio": 0.3531364089,
    "incomeTaxExpense": 230000000,
    "netIncome": 834000000,
    "netIncomeRatio": 0.276800531,
    "eps": 0.34,
    "epsdiluted": 0.34,
    "weightedAverageShsOut": 2442000000,
    "weightedAverageShsOutDil": 2451000000,
    "link": "https://www.sec.gov/Archives/edgar/data/277948/000027794819000022/0000277948-19-000022-index.htm",
    "finalLink": "https://www.sec.gov/Archives/edgar/data/277948/000027794819000022/csx03311910-q.htm"
  },
  {
    "date": "2018-12-31",
    "symbol": "CSX",
    "reportedCurrency": "USD",
    "cik": "0000277948",
    "fillingDate": "2019-02-06",
    "acceptedDate": "2019-02-06 14:15:56",
    "calendarYear": "2018",
    "period": "Q4",
    "revenue": 3143000000,
    "costOfRevenue": 1943000000,
    "grossProfit": 1200000000,
    "grossProfitRatio": 0.3818008272,
    "researchAndDevelopmentExpenses": 0,
    "generalAndAdministrativeExpenses": 0,
    "sellingAndMarketingExpenses": 0,
    "sellingGeneralAndAdministrativeExpenses": 0,
    "otherExpenses": 0,
    "operatingExpenses": 0,
    "costAndExpenses": 1943000000,
    "interestIncome": 0,
    "interestExpense": 171000000,
    "depreciationAndAmortization": 345000000,
    "ebitda": 1614000000,
    "ebitdaratio": 0.5135221126,
    "operatingIncome": 1200000000,
    "operatingIncomeRatio": 0.3818008272,
    "totalOtherIncomeExpensesNet": -102000000,
    "incomeBeforeTax": 1098000000,
    "incomeBeforeTaxRatio": 0.3493477569,
    "incomeTaxExpense": 255000000,
    "netIncome": 843000000,
    "netIncomeRatio": 0.2682150811,
    "eps": 0.34,
    "epsdiluted": 0.34,
    "weightedAverageShsOut": 2454000000,
    "weightedAverageShsOutDil": 2499000000,
    "link": "https://www.sec.gov/Archives/edgar/data/277948/000027794819000011/0000277948-19-000011-index.htm",
    "finalLink": "https://www.sec.gov/Archives/edgar/data/277948/000027794819000011/csx-12312018x10k.htm"
  },
  {
    "date": "2018-09-30",
    "symbol": "CSX",
    "reportedCurrency": "USD",
    "cik": "0000277948",
    "fillingDate": "2018-10-17",
    "acceptedDate": "2018-10-16 17:49:10",
    "calendarYear": "2018",
    "period": "Q3",
    "revenue": 3129000000,
    "costOfRevenue": 1913000000,
    "grossProfit": 1216000000,
    "grossProfitRatio": 0.3886225631,
    "researchAndDevelopmentExpenses": 0,
    "generalAndAdministrativeExpenses": 0,
    "sellingAndMarketingExpenses": 0,
    "sellingGeneralAndAdministrativeExpenses": 0,
    "otherExpenses": 0,
    "operatingExpenses": 0,
    "costAndExpenses": 1913000000,
    "interestIncome": 0,
    "interestExpense": 162000000,
    "depreciationAndAmortization": 334000000,
    "ebitda": 1646000000,
    "ebitdaratio": 0.5260466603,
    "operatingIncome": 1216000000,
    "operatingIncomeRatio": 0.3886225631,
    "totalOtherIncomeExpensesNet": -66000000,
    "incomeBeforeTax": 1150000000,
    "incomeBeforeTaxRatio": 0.3675295622,
    "incomeTaxExpense": 256000000,
    "netIncome": 894000000,
    "netIncomeRatio": 0.2857142857,
    "eps": 0.35,
    "epsdiluted": 0.35,
    "weightedAverageShsOut": 2550000000,
    "weightedAverageShsOutDil": 2562000000,
    "link": "https://www.sec.gov/Archives/edgar/data/277948/000027794818000050/0000277948-18-000050-index.htm",
    "finalLink": "https://www.sec.gov/Archives/edgar/data/277948/000027794818000050/csx09301810-q.htm"
  },
  {
    "date": "2018-06-30",
    "symbol": "CSX",
    "reportedCurrency": "USD",
    "cik": "0000277948",
    "fillingDate": "2018-07-18",
    "acceptedDate": "2018-07-17 17:49:10",
    "calendarYear": "2018",
    "period": "Q2",
    "revenue": 3102000000,
    "costOfRevenue": 1886000000,
    "grossProfit": 1216000000,
    "grossProfitRatio": 0.392005158,
    "researchAndDevelopmentExpenses": 0,
    "generalAndAdministrativeExpenses": 0,
    "sellingAndMarketingExpenses": 0,
    "sellingGeneralAndAdministrativeExpenses": 0,
    "otherExpenses": 0,
    "operatingExpenses": 0,
    "costAndExpenses": 1886000000,
    "interestIncome": 0,
    "interestExpense": 157000000,
    "depreciationAndAmortization": 329000000,
    "ebitda": 1630000000,
    "ebitdaratio": 0.5254674404,
    "operatingIncome": 1216000000,
    "operatingIncomeRatio": 0.392005158,
    "totalOtherIncomeExpensesNet": -72000000,
    "incomeBeforeTax": 1144000000,
    "incomeBeforeTaxRatio": 0.3687943262,
    "incomeTaxExpense": 267000000,
    "netIncome": 877000000,
    "netIncomeRatio": 0.2827208253,
    "eps": 0.34,
    "epsdiluted": 0.34,
    "weightedAverageShsOut": 2592000000,
    "weightedAverageShsOutDil": 2604000000,
    "link": "https://www.sec.gov/Archives/edgar/data/277948/000027794818000040/0000277948-18-000040-index.htm",
    "finalLink": "https://www.sec.gov/Archives/edgar/data/277948/000027794818000040/csx06301810-q.htm"
  },
  {
    "date": "2018-03-31",
    "symbol": "CSX",
    "reportedCurrency": "USD",
    "cik": "0000277948",
    "fillingDate": "2018-04-18",
    "acceptedDate": "2018-04-18 16:51:40",
    "calendarYear": "2018",
    "period": "Q1",
    "revenue": 2876000000,
    "costOfRevenue": 1889000000,
    "grossProfit": 987000000,
    "grossProfitRatio": 0.3431849791,
    "researchAndDevelopmentExpenses": 0,
    "generalAndAdministrativeExpenses": 0,
    "sellingAndMarketingExpenses": 0,
    "sellingGeneralAndAdministrativeExpenses": 0,
    "otherExpenses": 0,
    "operatingExpenses": 0,
    "costAndExpenses": 1889000000,
    "interestIncome": 0,
    "interestExpense": 149000000,
    "depreciationAndAmortization": 323000000,
    "ebitda": 1384000000,
    "ebitdaratio": 0.4812239221,
    "operatingIncome": 987000000,
    "operatingIncomeRatio": 0.3431849791,
    "totalOtherIncomeExpensesNet": -75000000,
    "incomeBeforeTax": 912000000,
    "incomeBeforeTaxRatio": 0.3171070932,
    "incomeTaxExpense": 217000000,
    "netIncome": 695000000,
    "netIncomeRatio": 0.2416550765,
    "eps": 0.26,
    "epsdiluted": 0.26,
    "weightedAverageShsOut": 2655000000,
    "weightedAverageShsOutDil": 2664000000,
    "link": "https://www.sec.gov/Archives/edgar/data/277948/000027794818000019/0000277948-18-000019-index.htm",
    "finalLink": "https://www.sec.gov/Archives/edgar/data/277948/000027794818000019/csx03311810-q.htm"
  },
  {
    "date": "2017-12-31",
    "symbol": "CSX",
    "reportedCurrency": "USD",
    "cik": "0000277948",
    "fillingDate": "2018-02-07",
    "acceptedDate": "2018-02-07 14:01:18",
    "calendarYear": "2017",
    "period": "Q4",
    "revenue": 2863000000,
    "costOfRevenue": 1894000000,
    "grossProfit": 969000000,
    "grossProfitRatio": 0.3384561649,
    "researchAndDevelopmentExpenses": 0,
    "generalAndAdministrativeExpenses": 0,
    "sellingAndMarketingExpenses": 0,
    "sellingGeneralAndAdministrativeExpenses": 0,
    "otherExpenses": 0,
    "operatingExpenses": 0,
    "costAndExpenses": 1894000000,
    "interestIncome": 0,
    "interestExpense": 140000000,
    "depreciationAndAmortization": 337000000,
    "ebitda": 1460000000,
    "ebitdaratio": 0.5099545931,
    "operatingIncome": 969000000,
    "operatingIncomeRatio": 0.3384561649,
    "totalOtherIncomeExpensesNet": 14000000,
    "incomeBeforeTax": 983000000,
    "incomeBeforeTaxRatio": 0.3433461404,
    "incomeTaxExpense": -3157000000,
    "netIncome": 4140000000,
    "netIncomeRatio": 1.446035627,
    "eps": 1.55,
    "epsdiluted": 1.54,
    "weightedAverageShsOut": 2670000000,
    "weightedAverageShsOutDil": 2688000000,
    "link": "https://www.sec.gov/Archives/edgar/data/277948/000027794818000009/0000277948-18-000009-index.htm",
    "finalLink": "https://www.sec.gov/Archives/edgar/data/277948/000027794818000009/csx-12312017x10k.htm"
  },
  {
    "date": "2017-09-30",
    "symbol": "CSX",
    "reportedCurrency": "USD",
    "cik": "0000277948",
    "fillingDate": "2017-10-18",
    "acceptedDate": "2017-10-18 12:08:26",
    "calendarYear": "2017",
    "period": "Q3",
    "revenue": 2743000000,
    "costOfRevenue": 1893000000,
    "grossProfit": 850000000,
    "grossProfitRatio": 0.3098796938,
    "researchAndDevelopmentExpenses": 0,
    "generalAndAdministrativeExpenses": 0,
    "sellingAndMarketingExpenses": 0,
    "sellingGeneralAndAdministrativeExpenses": 0,
    "otherExpenses": 0,
    "operatingExpenses": 0,
    "costAndExpenses": 1893000000,
    "interestIncome": 0,
    "interestExpense": 132000000,
    "depreciationAndAmortization": 331000000,
    "ebitda": 1213000000,
    "ebitdaratio": 0.4422165512,
    "operatingIncome": 850000000,
    "operatingIncomeRatio": 0.3098796938,
    "totalOtherIncomeExpensesNet": -100000000,
    "incomeBeforeTax": 750000000,
    "incomeBeforeTaxRatio": 0.2734232592,
    "incomeTaxExpense": 291000000,
    "netIncome": 459000000,
    "netIncomeRatio": 0.1673350346,
    "eps": 0.17,
    "epsdiluted": 0.17,
    "weightedAverageShsOut": 2706000000,
    "weightedAverageShsOutDil": 2718000000,
    "link": "https://www.sec.gov/Archives/edgar/data/277948/000027794817000059/0000277948-17-000059-index.htm",
    "finalLink": "https://www.sec.gov/Archives/edgar/data/277948/000027794817000059/csx09301710-q.htm"
  },
  {
    "date": "2017-06-30",
    "symbol": "CSX",
    "reportedCurrency": "USD",
    "cik": "0000277948",
    "fillingDate": "2017-07-19",
    "acceptedDate": "2017-07-19 15:45:34",
    "calendarYear": "2017",
    "period": "Q2",
    "revenue": 2933000000,
    "costOfRevenue": 1877000000,
    "grossProfit": 1056000000,
    "grossProfitRatio": 0.3600409137,
    "researchAndDevelopmentExpenses": 0,
    "generalAndAdministrativeExpenses": 0,
    "sellingAndMarketingExpenses": 0,
    "sellingGeneralAndAdministrativeExpenses": 0,
    "otherExpenses": 0,
    "operatingExpenses": 0,
    "costAndExpenses": 1877000000,
    "interestIncome": 0,
    "interestExpense": 137000000,
    "depreciationAndAmortization": 327000000,
    "ebitda": 1291000000,
    "ebitdaratio": 0.440163655,
    "operatingIncome": 1056000000,
    "operatingIncomeRatio": 0.3600409137,
    "totalOtherIncomeExpensesNet": -229000000,
    "incomeBeforeTax": 827000000,
    "incomeBeforeTaxRatio": 0.2819638595,
    "incomeTaxExpense": 317000000,
    "netIncome": 510000000,
    "netIncomeRatio": 0.1738833958,
    "eps": 0.18,
    "epsdiluted": 0.18,
    "weightedAverageShsOut": 2760000000,
    "weightedAverageShsOutDil": 2772000000,
    "link": "https://www.sec.gov/Archives/edgar/data/277948/000027794817000045/0000277948-17-000045-index.htm",
    "finalLink": "https://www.sec.gov/Archives/edgar/data/277948/000027794817000045/csx06301710-q.htm"
  },
  {
    "date": "2017-03-31",
    "symbol": "CSX",
    "reportedCurrency": "USD",
    "cik": "0000277948",
    "fillingDate": "2017-04-20",
    "acceptedDate": "2017-04-20 11:14:36",
    "calendarYear": "2017",
    "period": "Q1",
    "revenue": 2869000000,
    "costOfRevenue": 1984000000,
    "grossProfit": 885000000,
    "grossProfitRatio": 0.3084698501,
    "researchAndDevelopmentExpenses": 0,
    "generalAndAdministrativeExpenses": 0,
    "sellingAndMarketingExpenses": 0,
    "sellingGeneralAndAdministrativeExpenses": 0,
    "otherExpenses": 0,
    "operatingExpenses": 0,
    "costAndExpenses": 1984000000,
    "interestIncome": 0,
    "interestExpense": 137000000,
    "depreciationAndAmortization": 320000000,
    "ebitda": 1039000000,
    "ebitdaratio": 0.3621470896,
    "operatingIncome": 885000000,
    "operatingIncomeRatio": 0.3084698501,
    "totalOtherIncomeExpensesNet": -303000000,
    "incomeBeforeTax": 582000000,
    "incomeBeforeTaxRatio": 0.2028581387,
    "incomeTaxExpense": 220000000,
    "netIncome": 362000000,
    "netIncomeRatio": 0.1261763681,
    "eps": 0.13,
    "epsdiluted": 0.13,
    "weightedAverageShsOut": 2781000000,
    "weightedAverageShsOutDil": 2787000000,
    "link": "https://www.sec.gov/Archives/edgar/data/277948/000027794817000019/0000277948-17-000019-index.htm",
    "finalLink": "https://www.sec.gov/Archives/edgar/data/277948/000027794817000019/csx03311710-q.htm"
  },
  {
    "date": "2016-12-30",
    "symbol": "CSX",
    "reportedCurrency": "USD",
    "cik": "0000277948",
    "fillingDate": "2017-02-14",
    "acceptedDate": "2017-02-14 09:41:29",
    "calendarYear": "2016",
    "period": "Q4",
    "revenue": 3037000000,
    "costOfRevenue": 2033000000,
    "grossProfit": 1004000000,
    "grossProfitRatio": 0.3305893974,
    "researchAndDevelopmentExpenses": 0,
    "generalAndAdministrativeExpenses": 0,
    "sellingAndMarketingExpenses": 0,
    "sellingGeneralAndAdministrativeExpenses": 0,
    "otherExpenses": 298000000,
    "operatingExpenses": 298000000,
    "costAndExpenses": 2033000000,
    "interestIncome": 0,
    "interestExpense": 156000000,
    "depreciationAndAmortization": 348000000,
    "ebitda": 1255000000,
    "ebitdaratio": 0.4132367468,
    "operatingIncome": 1004000000,
    "operatingIncomeRatio": 0.3305893974,
    "totalOtherIncomeExpensesNet": -253000000,
    "incomeBeforeTax": 751000000,
    "incomeBeforeTaxRatio": 0.2472835035,
    "incomeTaxExpense": 293000000,
    "netIncome": 458000000,
    "netIncomeRatio": 0.1508067172,
    "eps": 0.16,
    "epsdiluted": 0.16,
    "weightedAverageShsOut": 2784000000,
    "weightedAverageShsOutDil": 2805000000,
    "link": "https://www.sec.gov/Archives/edgar/data/277948/000027794817000009/0000277948-17-000009-index.htm",
    "finalLink": "https://www.sec.gov/Archives/edgar/data/277948/000027794817000009/csx-12302016x10k.htm"
  },
  {
    "date": "2016-09-23",
    "symbol": "CSX",
    "reportedCurrency": "USD",
    "cik": "0000277948",
    "fillingDate": "2016-10-12",
    "acceptedDate": "2016-10-12 16:34:13",
    "calendarYear": "2016",
    "period": "Q3",
    "revenue": 2710000000,
    "costOfRevenue": 1869000000,
    "grossProfit": 841000000,
    "grossProfitRatio": 0.3103321033,
    "researchAndDevelopmentExpenses": 0,
    "generalAndAdministrativeExpenses": 0,
    "sellingAndMarketingExpenses": 0,
    "sellingGeneralAndAdministrativeExpenses": 0,
    "otherExpenses": 321000000,
    "operatingExpenses": 321000000,
    "costAndExpenses": 1869000000,
    "interestIncome": 0,
    "interestExpense": 139000000,
    "depreciationAndAmortization": 321000000,
    "ebitda": 1175000000,
    "ebitdaratio": 0.4335793358,
    "operatingIncome": 841000000,
    "operatingIncomeRatio": 0.3103321033,
    "totalOtherIncomeExpensesNet": -126000000,
    "incomeBeforeTax": 715000000,
    "incomeBeforeTaxRatio": 0.2638376384,
    "incomeTaxExpense": 260000000,
    "netIncome": 455000000,
    "netIncomeRatio": 0.167896679,
    "eps": 0.16,
    "epsdiluted": 0.16,
    "weightedAverageShsOut": 2826000000,
    "weightedAverageShsOutDil": 2829000000,
    "link": "https://www.sec.gov/Archives/edgar/data/277948/000027794816000082/0000277948-16-000082-index.htm",
    "finalLink": "https://www.sec.gov/Archives/edgar/data/277948/000027794816000082/csx09231610-q.htm"
  },
  {
    "date": "2016-06-24",
    "symbol": "CSX",
    "reportedCurrency": "USD",
    "cik": "0000277948",
    "fillingDate": "2016-07-14",
    "acceptedDate": "2016-07-14 16:21:10",
    "calendarYear": "2016",
    "period": "Q2",
    "revenue": 2704000000,
    "costOfRevenue": 1864000000,
    "grossProfit": 840000000,
    "grossProfitRatio": 0.3106508876,
    "researchAndDevelopmentExpenses": 0,
    "generalAndAdministrativeExpenses": 0,
    "sellingAndMarketingExpenses": 0,
    "sellingGeneralAndAdministrativeExpenses": 0,
    "otherExpenses": 319000000,
    "operatingExpenses": 319000000,
    "costAndExpenses": 1864000000,
    "interestIncome": 0,
    "interestExpense": 141000000,
    "depreciationAndAmortization": 319000000,
    "ebitda": 1159000000,
    "ebitdaratio": 0.4286242604,
    "operatingIncome": 840000000,
    "operatingIncomeRatio": 0.3106508876,
    "totalOtherIncomeExpensesNet": -133000000,
    "incomeBeforeTax": 707000000,
    "incomeBeforeTaxRatio": 0.261464497,
    "incomeTaxExpense": 262000000,
    "netIncome": 445000000,
    "netIncomeRatio": 0.1645710059,
    "eps": 0.16,
    "epsdiluted": 0.16,
    "weightedAverageShsOut": 2856000000,
    "weightedAverageShsOutDil": 2856000000,
    "link": "https://www.sec.gov/Archives/edgar/data/277948/000027794816000073/0000277948-16-000073-index.htm",
    "finalLink": "https://www.sec.gov/Archives/edgar/data/277948/000027794816000073/csx06241610-q.htm"
  },
  {
    "date": "2016-03-25",
    "symbol": "CSX",
    "reportedCurrency": "USD",
    "cik": "0000277948",
    "fillingDate": "2016-04-13",
    "acceptedDate": "2016-04-13 15:32:57",
    "calendarYear": "2016",
    "period": "Q1",
    "revenue": 2618000000,
    "costOfRevenue": 1914000000,
    "grossProfit": 704000000,
    "grossProfitRatio": 0.268907563,
    "researchAndDevelopmentExpenses": 0,
    "generalAndAdministrativeExpenses": 0,
    "sellingAndMarketingExpenses": 0,
    "sellingGeneralAndAdministrativeExpenses": 0,
    "otherExpenses": 313000000,
    "operatingExpenses": 313000000,
    "costAndExpenses": 1914000000,
    "interestIncome": 0,
    "interestExpense": 143000000,
    "depreciationAndAmortization": 313000000,
    "ebitda": 1017000000,
    "ebitdaratio": 0.3884644767,
    "operatingIncome": 704000000,
    "operatingIncomeRatio": 0.268907563,
    "totalOtherIncomeExpensesNet": -136000000,
    "incomeBeforeTax": 568000000,
    "incomeBeforeTaxRatio": 0.2169595111,
    "incomeTaxExpense": 212000000,
    "netIncome": 356000000,
    "netIncomeRatio": 0.1359816654,
    "eps": 0.12,
    "epsdiluted": 0.12,
    "weightedAverageShsOut": 2886000000,
    "weightedAverageShsOutDil": 2889000000,
    "link": "https://www.sec.gov/Archives/edgar/data/277948/000027794816000056/0000277948-16-000056-index.htm",
    "finalLink": "https://www.sec.gov/Archives/edgar/data/277948/000027794816000056/csx03251610-q.htm"
  },
  {
    "date": "2015-12-25",
    "symbol": "CSX",
    "reportedCurrency": "USD",
    "cik": "0000277948",
    "fillingDate": "2016-02-10",
    "acceptedDate": "2016-02-10 11:48:55",
    "calendarYear": "2015",
    "period": "Q4",
    "revenue": 2781000000,
    "costOfRevenue": 1990000000,
    "grossProfit": 791000000,
    "grossProfitRatio": 0.2844300611,
    "researchAndDevelopmentExpenses": 0,
    "generalAndAdministrativeExpenses": 0,
    "sellingAndMarketingExpenses": 0,
    "sellingGeneralAndAdministrativeExpenses": 0,
    "otherExpenses": 356000000,
    "operatingExpenses": 356000000,
    "costAndExpenses": 1990000000,
    "interestIncome": 6000000,
    "interestExpense": 140000000,
    "depreciationAndAmortization": 312000000,
    "ebitda": 1147000000,
    "ebitdaratio": 0.4124415678,
    "operatingIncome": 791000000,
    "operatingIncomeRatio": 0.2844300611,
    "totalOtherIncomeExpensesNet": -50000000,
    "incomeBeforeTax": 741000000,
    "incomeBeforeTaxRatio": 0.2664509169,
    "incomeTaxExpense": 275000000,
    "netIncome": 466000000,
    "netIncomeRatio": 0.1675656239,
    "eps": 0.16,
    "epsdiluted": 0.16,
    "weightedAverageShsOut": 2898000000,
    "weightedAverageShsOutDil": 2919000000,
    "link": "https://www.sec.gov/Archives/edgar/data/277948/000027794816000046/0000277948-16-000046-index.htm",
    "finalLink": "https://www.sec.gov/Archives/edgar/data/277948/000027794816000046/csx-12252015x10k.htm"
  },
  {
    "date": "2015-09-25",
    "symbol": "CSX",
    "reportedCurrency": "USD",
    "cik": "0000277948",
    "fillingDate": "2015-10-14",
    "acceptedDate": "2015-10-14 16:27:36",
    "calendarYear": "2015",
    "period": "Q3",
    "revenue": 2939000000,
    "costOfRevenue": 2006000000,
    "grossProfit": 933000000,
    "grossProfitRatio": 0.3174549166,
    "researchAndDevelopmentExpenses": 0,
    "generalAndAdministrativeExpenses": 0,
    "sellingAndMarketingExpenses": 0,
    "sellingGeneralAndAdministrativeExpenses": 0,
    "otherExpenses": 2000000,
    "operatingExpenses": 2000000,
    "costAndExpenses": 2006000000,
    "interestIncome": 0,
    "interestExpense": 136000000,
    "depreciationAndAmortization": 302000000,
    "ebitda": 1235000000,
    "ebitdaratio": 0.4202109561,
    "operatingIncome": 933000000,
    "operatingIncomeRatio": 0.3174549166,
    "totalOtherIncomeExpensesNet": -134000000,
    "incomeBeforeTax": 799000000,
    "incomeBeforeTaxRatio": 0.2718611773,
    "incomeTaxExpense": 292000000,
    "netIncome": 507000000,
    "netIncomeRatio": 0.1725076557,
    "eps": 0.17,
    "epsdiluted": 0.17,
    "weightedAverageShsOut": 2943000000,
    "weightedAverageShsOutDil": 2946000000,
    "link": "https://www.sec.gov/Archives/edgar/data/277948/000027794815000039/0000277948-15-000039-index.htm",
    "finalLink": "https://www.sec.gov/Archives/edgar/data/277948/000027794815000039/csx0925201510-q.htm"
  },
  {
    "date": "2015-06-26",
    "symbol": "CSX",
    "reportedCurrency": "USD",
    "cik": "0000277948",
    "fillingDate": "2015-07-15",
    "acceptedDate": "2015-07-15 15:18:14",
    "calendarYear": "2015",
    "period": "Q2",
    "revenue": 3064000000,
    "costOfRevenue": 2047000000,
    "grossProfit": 1017000000,
    "grossProfitRatio": 0.3319190601,
    "researchAndDevelopmentExpenses": 0,
    "generalAndAdministrativeExpenses": 0,
    "sellingAndMarketingExpenses": 0,
    "sellingGeneralAndAdministrativeExpenses": 0,
    "otherExpenses": 4000000,
    "operatingExpenses": 4000000,
    "costAndExpenses": 2047000000,
    "interestIncome": 0,
    "interestExpense": 134000000,
    "depreciationAndAmortization": 299000000,
    "ebitda": 1316000000,
    "ebitdaratio": 0.4295039164,
    "operatingIncome": 1017000000,
    "operatingIncomeRatio": 0.3319190601,
    "totalOtherIncomeExpensesNet": -130000000,
    "incomeBeforeTax": 887000000,
    "incomeBeforeTaxRatio": 0.2894908616,
    "incomeTaxExpense": 334000000,
    "netIncome": 553000000,
    "netIncomeRatio": 0.1804830287,
    "eps": 0.19,
    "epsdiluted": 0.19,
    "weightedAverageShsOut": 2964000000,
    "weightedAverageShsOutDil": 2967000000,
    "link": "https://www.sec.gov/Archives/edgar/data/277948/000027794815000034/0000277948-15-000034-index.htm",
    "finalLink": "https://www.sec.gov/Archives/edgar/data/277948/000027794815000034/csx0626201510-q.htm"
  },
  {
    "date": "2015-03-27",
    "symbol": "CSX",
    "reportedCurrency": "USD",
    "cik": "0000277948",
    "fillingDate": "2015-04-15",
    "acceptedDate": "2015-04-15 11:03:26",
    "calendarYear": "2015",
    "period": "Q1",
    "revenue": 3027000000,
    "costOfRevenue": 2184000000,
    "grossProfit": 843000000,
    "grossProfitRatio": 0.278493558,
    "researchAndDevelopmentExpenses": 0,
    "generalAndAdministrativeExpenses": 0,
    "sellingAndMarketingExpenses": 0,
    "sellingGeneralAndAdministrativeExpenses": 0,
    "otherExpenses": 2000000,
    "operatingExpenses": 2000000,
    "costAndExpenses": 2184000000,
    "interestIncome": 0,
    "interestExpense": 134000000,
    "depreciationAndAmortization": 295000000,
    "ebitda": 1145000000,
    "ebitdaratio": 0.3782623059,
    "operatingIncome": 843000000,
    "operatingIncomeRatio": 0.278493558,
    "totalOtherIncomeExpensesNet": -132000000,
    "incomeBeforeTax": 711000000,
    "incomeBeforeTaxRatio": 0.2348860258,
    "incomeTaxExpense": 269000000,
    "netIncome": 442000000,
    "netIncomeRatio": 0.1460191609,
    "eps": 0.15,
    "epsdiluted": 0.15,
    "weightedAverageShsOut": 2973000000,
    "weightedAverageShsOutDil": 2976000000,
    "link": "https://www.sec.gov/Archives/edgar/data/277948/000027794815000017/0000277948-15-000017-index.htm",
    "finalLink": "https://www.sec.gov/Archives/edgar/data/277948/000027794815000017/csx0327201510-q.htm"
  },
  {
    "date": "2014-12-26",
    "symbol": "CSX",
    "reportedCurrency": "USD",
    "cik": "0000277948",
    "fillingDate": "2015-02-11",
    "acceptedDate": "2015-02-11 11:14:51",
    "calendarYear": "2014",
    "period": "Q4",
    "revenue": 3192000000,
    "costOfRevenue": 2291000000,
    "grossProfit": 901000000,
    "grossProfitRatio": 0.2822681704,
    "researchAndDevelopmentExpenses": 0,
    "generalAndAdministrativeExpenses": 0,
    "sellingAndMarketingExpenses": 0,
    "sellingGeneralAndAdministrativeExpenses": 0,
    "otherExpenses": 329000000,
    "operatingExpenses": 329000000,
    "costAndExpenses": 2291000000,
    "interestIncome": 5000000,
    "interestExpense": 133000000,
    "depreciationAndAmortization": 290000000,
    "ebitda": 1230000000,
    "ebitdaratio": 0.3853383459,
    "operatingIncome": 901000000,
    "operatingIncomeRatio": 0.2822681704,
    "totalOtherIncomeExpensesNet": -126000000,
    "incomeBeforeTax": 775000000,
    "incomeBeforeTaxRatio": 0.2427944862,
    "incomeTaxExpense": 284000000,
    "netIncome": 491000000,
    "netIncomeRatio": 0.1538220551,
    "eps": 0.16,
    "epsdiluted": 0.16,
    "weightedAverageShsOut": 2976000000,
    "weightedAverageShsOutDil": 2985000000,
    "link": "https://www.sec.gov/Archives/edgar/data/277948/000027794815000010/0000277948-15-000010-index.htm",
    "finalLink": "https://www.sec.gov/Archives/edgar/data/277948/000027794815000010/csx-12262014x10k.htm"
  },
  {
    "date": "2014-09-26",
    "symbol": "CSX",
    "reportedCurrency": "USD",
    "cik": "0000277948",
    "fillingDate": "2014-10-15",
    "acceptedDate": "2014-10-15 15:25:44",
    "calendarYear": "2014",
    "period": "Q3",
    "revenue": 3221000000,
    "costOfRevenue": 2245000000,
    "grossProfit": 976000000,
    "grossProfitRatio": 0.3030114871,
    "researchAndDevelopmentExpenses": 0,
    "generalAndAdministrativeExpenses": 0,
    "sellingAndMarketingExpenses": 0,
    "sellingGeneralAndAdministrativeExpenses": 0,
    "otherExpenses": 291000000,
    "operatingExpenses": 291000000,
    "costAndExpenses": 2245000000,
    "interestIncome": 0,
    "interestExpense": 137000000,
    "depreciationAndAmortization": 291000000,
    "ebitda": 1267000000,
    "ebitdaratio": 0.3933561006,
    "operatingIncome": 976000000,
    "operatingIncomeRatio": 0.3030114871,
    "totalOtherIncomeExpensesNet": -163000000,
    "incomeBeforeTax": 813000000,
    "incomeBeforeTaxRatio": 0.2524060851,
    "incomeTaxExpense": 304000000,
    "netIncome": 509000000,
    "netIncomeRatio": 0.1580254579,
    "eps": 0.17,
    "epsdiluted": 0.17,
    "weightedAverageShsOut": 2997000000,
    "weightedAverageShsOutDil": 2997000000,
    "link": "https://www.sec.gov/Archives/edgar/data/277948/000027794814000038/0000277948-14-000038-index.htm",
    "finalLink": "https://www.sec.gov/Archives/edgar/data/277948/000027794814000038/csx0926201410-q.htm"
  },
  {
    "date": "2014-06-27",
    "symbol": "CSX",
    "reportedCurrency": "USD",
    "cik": "0000277948",
    "fillingDate": "2014-07-15",
    "acceptedDate": "2014-07-15 16:10:41",
    "calendarYear": "2014",
    "period": "Q2",
    "revenue": 3244000000,
    "costOfRevenue": 2247000000,
    "grossProfit": 997000000,
    "grossProfitRatio": 0.3073366215,
    "researchAndDevelopmentExpenses": 0,
    "generalAndAdministrativeExpenses": 0,
    "sellingAndMarketingExpenses": 0,
    "sellingGeneralAndAdministrativeExpenses": 0,
    "otherExpenses": 287000000,
    "operatingExpenses": 287000000,
    "costAndExpenses": 2247000000,
    "interestIncome": 0,
    "interestExpense": 135000000,
    "depreciationAndAmortization": 287000000,
    "ebitda": 1284000000,
    "ebitdaratio": 0.3958076449,
    "operatingIncome": 997000000,
    "operatingIncomeRatio": 0.3073366215,
    "totalOtherIncomeExpensesNet": -147000000,
    "incomeBeforeTax": 850000000,
    "incomeBeforeTaxRatio": 0.2620221948,
    "incomeTaxExpense": 321000000,
    "netIncome": 529000000,
    "netIncomeRatio": 0.1630702836,
    "eps": 0.18,
    "epsdiluted": 0.18,
    "weightedAverageShsOut": 3009000000,
    "weightedAverageShsOutDil": 3009000000,
    "link": "https://www.sec.gov/Archives/edgar/data/277948/000027794814000031/0000277948-14-000031-index.htm",
    "finalLink": "https://www.sec.gov/Archives/edgar/data/277948/000027794814000031/csx0627201410-q.htm"
  },
  {
    "date": "2014-03-28",
    "symbol": "CSX",
    "reportedCurrency": "USD",
    "cik": "0000277948",
    "fillingDate": "2014-04-16",
    "acceptedDate": "2014-04-16 15:55:37",
    "calendarYear": "2014",
    "period": "Q1",
    "revenue": 3012000000,
    "costOfRevenue": 2273000000,
    "grossProfit": 739000000,
    "grossProfitRatio": 0.2453519256,
    "researchAndDevelopmentExpenses": 0,
    "generalAndAdministrativeExpenses": 0,
    "sellingAndMarketingExpenses": 0,
    "sellingGeneralAndAdministrativeExpenses": 0,
    "otherExpenses": 283000000,
    "operatingExpenses": 283000000,
    "costAndExpenses": 2273000000,
    "interestIncome": 0,
    "interestExpense": 140000000,
    "depreciationAndAmortization": 283000000,
    "ebitda": 1022000000,
    "ebitdaratio": 0.339309429,
    "operatingIncome": 739000000,
    "operatingIncomeRatio": 0.2453519256,
    "totalOtherIncomeExpensesNet": -133000000,
    "incomeBeforeTax": 606000000,
    "incomeBeforeTaxRatio": 0.2011952191,
    "incomeTaxExpense": 208000000,
    "netIncome": 398000000,
    "netIncomeRatio": 0.1321381142,
    "eps": 0.13,
    "epsdiluted": 0.13,
    "weightedAverageShsOut": 3024000000,
    "weightedAverageShsOutDil": 3024000000,
    "link": "https://www.sec.gov/Archives/edgar/data/277948/000027794814000018/0000277948-14-000018-index.htm",
    "finalLink": "https://www.sec.gov/Archives/edgar/data/277948/000027794814000018/csx0328201410-q.htm"
  },
  {
    "date": "2013-12-27",
    "symbol": "CSX",
    "reportedCurrency": "USD",
    "cik": "0000277948",
    "fillingDate": "2014-02-12",
    "acceptedDate": "2014-02-12 16:15:05",
    "calendarYear": "2013",
    "period": "Q4",
    "revenue": 3000000000,
    "costOfRevenue": 2219000000,
    "grossProfit": 781000000,
    "grossProfitRatio": 0.2603333333,
    "researchAndDevelopmentExpenses": 0,
    "generalAndAdministrativeExpenses": 0,
    "sellingAndMarketingExpenses": 0,
    "sellingGeneralAndAdministrativeExpenses": 0,
    "otherExpenses": 281000000,
    "operatingExpenses": 281000000,
    "costAndExpenses": 2219000000,
    "interestIncome": 2000000,
    "interestExpense": 139000000,
    "depreciationAndAmortization": 281000000,
    "ebitda": 1062000000,
    "ebitdaratio": 0.354,
    "operatingIncome": 813000000,
    "operatingIncomeRatio": 0.271,
    "totalOtherIncomeExpensesNet": -139000000,
    "incomeBeforeTax": 642000000,
    "incomeBeforeTaxRatio": 0.214,
    "incomeTaxExpense": 235000000,
    "netIncome": 426000000,
    "netIncomeRatio": 0.142,
    "eps": 0.14,
    "epsdiluted": 0.14,
    "weightedAverageShsOut": 3027000000,
    "weightedAverageShsOutDil": 3039000000,
    "link": "https://www.sec.gov/Archives/edgar/data/277948/000027794814000011/0000277948-14-000011-index.htm",
    "finalLink": "https://www.sec.gov/Archives/edgar/data/277948/000027794814000011/csx-12272013x10k.htm"
  },
  {
    "date": "2013-09-27",
    "symbol": "CSX",
    "reportedCurrency": "USD",
    "cik": "0000277948",
    "fillingDate": "2013-10-16",
    "acceptedDate": "2013-10-16 15:30:15",
    "calendarYear": "2013",
    "period": "Q3",
    "revenue": 2999000000,
    "costOfRevenue": 2145000000,
    "grossProfit": 854000000,
    "grossProfitRatio": 0.2847615872,
    "researchAndDevelopmentExpenses": 0,
    "generalAndAdministrativeExpenses": 0,
    "sellingAndMarketingExpenses": 0,
    "sellingGeneralAndAdministrativeExpenses": 0,
    "otherExpenses": 277000000,
    "operatingExpenses": 277000000,
    "costAndExpenses": 2145000000,
    "interestIncome": 0,
    "interestExpense": 136000000,
    "depreciationAndAmortization": 277000000,
    "ebitda": 1117000000,
    "ebitdaratio": 0.3724574858,
    "operatingIncome": 854000000,
    "operatingIncomeRatio": 0.2847615872,
    "totalOtherIncomeExpensesNet": -145000000,
    "incomeBeforeTax": 723000000,
    "incomeBeforeTaxRatio": 0.2410803601,
    "incomeTaxExpense": 260000000,
    "netIncome": 463000000,
    "netIncomeRatio": 0.1543847949,
    "eps": 0.15,
    "epsdiluted": 0.15,
    "weightedAverageShsOut": 3051000000,
    "weightedAverageShsOutDil": 3054000000,
    "link": "https://www.sec.gov/Archives/edgar/data/277948/000027794813000040/0000277948-13-000040-index.htm",
    "finalLink": "https://www.sec.gov/Archives/edgar/data/277948/000027794813000040/csx0927201310-q.htm"
  },
  {
    "date": "2013-06-28",
    "symbol": "CSX",
    "reportedCurrency": "USD",
    "cik": "0000277948",
    "fillingDate": "2013-07-17",
    "acceptedDate": "2013-07-17 16:16:48",
    "calendarYear": "2013",
    "period": "Q2",
    "revenue": 3069000000,
    "costOfRevenue": 2106000000,
    "grossProfit": 963000000,
    "grossProfitRatio": 0.3137829912,
    "researchAndDevelopmentExpenses": 0,
    "generalAndAdministrativeExpenses": 0,
    "sellingAndMarketingExpenses": 0,
    "sellingGeneralAndAdministrativeExpenses": 0,
    "otherExpenses": 9000000,
    "operatingExpenses": 9000000,
    "costAndExpenses": 2106000000,
    "interestIncome": 0,
    "interestExpense": 140000000,
    "depreciationAndAmortization": 276000000,
    "ebitda": 1225000000,
    "ebitdaratio": 0.3991528185,
    "operatingIncome": 963000000,
    "operatingIncomeRatio": 0.3137829912,
    "totalOtherIncomeExpensesNet": -154000000,
    "incomeBeforeTax": 832000000,
    "incomeBeforeTaxRatio": 0.2710980775,
    "incomeTaxExpense": 297000000,
    "netIncome": 535000000,
    "netIncomeRatio": 0.174323884,
    "eps": 0.17,
    "epsdiluted": 0.17,
    "weightedAverageShsOut": 3066000000,
    "weightedAverageShsOutDil": 3069000000,
    "link": "https://www.sec.gov/Archives/edgar/data/277948/000027794813000032/0000277948-13-000032-index.htm",
    "finalLink": "https://www.sec.gov/Archives/edgar/data/277948/000027794813000032/csx0628201310-q.htm"
  },
  {
    "date": "2013-03-29",
    "symbol": "CSX",
    "reportedCurrency": "USD",
    "cik": "0000277948",
    "fillingDate": "2013-04-16",
    "acceptedDate": "2013-04-16 16:04:21",
    "calendarYear": "2013",
    "period": "Q1",
    "revenue": 2958000000,
    "costOfRevenue": 2083000000,
    "grossProfit": 875000000,
    "grossProfitRatio": 0.2958079784,
    "researchAndDevelopmentExpenses": 0,
    "generalAndAdministrativeExpenses": 0,
    "sellingAndMarketingExpenses": 0,
    "sellingGeneralAndAdministrativeExpenses": 0,
    "otherExpenses": -3000000,
    "operatingExpenses": -3000000,
    "costAndExpenses": 2083000000,
    "interestIncome": 0,
    "interestExpense": 147000000,
    "depreciationAndAmortization": 270000000,
    "ebitda": 1147000000,
    "ebitdaratio": 0.3877620014,
    "operatingIncome": 875000000,
    "operatingIncomeRatio": 0.2958079784,
    "totalOtherIncomeExpensesNet": -145000000,
    "incomeBeforeTax": 725000000,
    "incomeBeforeTaxRatio": 0.2450980392,
    "incomeTaxExpense": 266000000,
    "netIncome": 459000000,
    "netIncomeRatio": 0.1551724138,
    "eps": 0.15,
    "epsdiluted": 0.15,
    "weightedAverageShsOut": 3066000000,
    "weightedAverageShsOutDil": 3069000000,
    "link": "https://www.sec.gov/Archives/edgar/data/277948/000027794813000015/0000277948-13-000015-index.htm",
    "finalLink": "https://www.sec.gov/Archives/edgar/data/277948/000027794813000015/csx0329201310-q.htm"
  },
  {
    "date": "2012-12-28",
    "symbol": "CSX",
    "reportedCurrency": "USD",
    "cik": "0000277948",
    "fillingDate": "2013-02-19",
    "acceptedDate": "2013-02-19 15:27:46",
    "calendarYear": "2012",
    "period": "Q4",
    "revenue": 2884000000,
    "costOfRevenue": 5136000000,
    "grossProfit": -2252000000,
    "grossProfitRatio": -0.7808599168,
    "researchAndDevelopmentExpenses": 0,
    "generalAndAdministrativeExpenses": 2268000000,
    "sellingAndMarketingExpenses": 0,
    "sellingGeneralAndAdministrativeExpenses": -2268000000,
    "otherExpenses": -788000000,
    "operatingExpenses": -3056000000,
    "costAndExpenses": 2080000000,
    "interestIncome": 1000000,
    "interestExpense": 145000000,
    "depreciationAndAmortization": 271000000,
    "ebitda": 1134000000,
    "ebitdaratio": 0.3932038835,
    "operatingIncome": 804000000,
    "operatingIncomeRatio": 0.278779473,
    "totalOtherIncomeExpensesNet": -86000000,
    "incomeBeforeTax": 718000000,
    "incomeBeforeTaxRatio": 0.2489597781,
    "incomeTaxExpense": 275000000,
    "netIncome": 443000000,
    "netIncomeRatio": 0.1536061026,
    "eps": 0.14,
    "epsdiluted": 0.14,
    "weightedAverageShsOut": 3060000000,
    "weightedAverageShsOutDil": 3084000000,
    "link": "https://www.sec.gov/Archives/edgar/data/277948/000027794813000008/0000277948-13-000008-index.htm",
    "finalLink": "https://www.sec.gov/Archives/edgar/data/277948/000027794813000008/csx-12282012x10k.htm"
  },
  {
    "date": "2012-09-28",
    "symbol": "CSX",
    "reportedCurrency": "USD",
    "cik": "0000277948",
    "fillingDate": "2012-10-16",
    "acceptedDate": "2012-10-16 17:06:55",
    "calendarYear": "2012",
    "period": "Q3",
    "revenue": 2894000000,
    "costOfRevenue": 1018000000,
    "grossProfit": 1876000000,
    "grossProfitRatio": 0.6482377332,
    "researchAndDevelopmentExpenses": 0,
    "generalAndAdministrativeExpenses": 754000000,
    "sellingAndMarketingExpenses": 0,
    "sellingGeneralAndAdministrativeExpenses": 754000000,
    "otherExpenses": 268000000,
    "operatingExpenses": 1022000000,
    "costAndExpenses": 2040000000,
    "interestIncome": 1000000,
    "interestExpense": 138000000,
    "depreciationAndAmortization": 268000000,
    "ebitda": 1127000000,
    "ebitdaratio": 0.3894263994,
    "operatingIncome": 854000000,
    "operatingIncomeRatio": 0.2950932965,
    "totalOtherIncomeExpensesNet": -133000000,
    "incomeBeforeTax": 721000000,
    "incomeBeforeTaxRatio": 0.2491361437,
    "incomeTaxExpense": 266000000,
    "netIncome": 455000000,
    "netIncomeRatio": 0.1572218383,
    "eps": 0.15,
    "epsdiluted": 0.15,
    "weightedAverageShsOut": 3114000000,
    "weightedAverageShsOutDil": 3120000000,
    "link": "https://www.sec.gov/Archives/edgar/data/277948/000027794812000048/0000277948-12-000048-index.htm",
    "finalLink": "https://www.sec.gov/Archives/edgar/data/277948/000027794812000048/csx0928201210-q.htm"
  },
  {
    "date": "2012-06-29",
    "symbol": "CSX",
    "reportedCurrency": "USD",
    "cik": "0000277948",
    "fillingDate": "2012-07-19",
    "acceptedDate": "2012-07-19 10:47:34",
    "calendarYear": "2012",
    "period": "Q2",
    "revenue": 3012000000,
    "costOfRevenue": 1062000000,
    "grossProfit": 1950000000,
    "grossProfitRatio": 0.6474103586,
    "researchAndDevelopmentExpenses": 0,
    "generalAndAdministrativeExpenses": 744000000,
    "sellingAndMarketingExpenses": 0,
    "sellingGeneralAndAdministrativeExpenses": 744000000,
    "otherExpenses": 263000000,
    "operatingExpenses": 1007000000,
    "costAndExpenses": 2069000000,
    "interestIncome": 1000000,
    "interestExpense": 139000000,
    "depreciationAndAmortization": 263000000,
    "ebitda": 1211000000,
    "ebitdaratio": 0.4020584329,
    "operatingIncome": 943000000,
    "operatingIncomeRatio": 0.3130810093,
    "totalOtherIncomeExpensesNet": -134000000,
    "incomeBeforeTax": 809000000,
    "incomeBeforeTaxRatio": 0.2685922975,
    "incomeTaxExpense": 297000000,
    "netIncome": 512000000,
    "netIncomeRatio": 0.1699867198,
    "eps": 0.16,
    "epsdiluted": 0.16,
    "weightedAverageShsOut": 3123000000,
    "weightedAverageShsOutDil": 3129000000,
    "link": "https://www.sec.gov/Archives/edgar/data/277948/000027794812000040/0000277948-12-000040-index.htm",
    "finalLink": "https://www.sec.gov/Archives/edgar/data/277948/000027794812000040/csx0629201210-q.htm"
  },
  {
    "date": "2012-03-30",
    "symbol": "CSX",
    "reportedCurrency": "USD",
    "cik": "0000277948",
    "fillingDate": "2012-04-19",
    "acceptedDate": "2012-04-19 11:36:37",
    "calendarYear": "2012",
    "period": "Q1",
    "revenue": 2966000000,
    "costOfRevenue": 1083000000,
    "grossProfit": 1883000000,
    "grossProfitRatio": 0.6348617667,
    "researchAndDevelopmentExpenses": 0,
    "generalAndAdministrativeExpenses": 770000000,
    "sellingAndMarketingExpenses": 0,
    "sellingGeneralAndAdministrativeExpenses": 770000000,
    "otherExpenses": 257000000,
    "operatingExpenses": 1027000000,
    "costAndExpenses": 2110000000,
    "interestIncome": 2000000,
    "interestExpense": 144000000,
    "depreciationAndAmortization": 257000000,
    "ebitda": 1117000000,
    "ebitdaratio": 0.3766014835,
    "operatingIncome": 856000000,
    "operatingIncomeRatio": 0.2886041807,
    "totalOtherIncomeExpensesNet": -140000000,
    "incomeBeforeTax": 716000000,
    "incomeBeforeTaxRatio": 0.2414025624,
    "incomeTaxExpense": 267000000,
    "netIncome": 449000000,
    "netIncomeRatio": 0.1513823331,
    "eps": 0.14,
    "epsdiluted": 0.14,
    "weightedAverageShsOut": 3141000000,
    "weightedAverageShsOutDil": 3147000000,
    "link": "https://www.sec.gov/Archives/edgar/data/277948/000027794812000023/0000277948-12-000023-index.htm",
    "finalLink": "https://www.sec.gov/Archives/edgar/data/277948/000027794812000023/csx0330201210-q.htm"
  },
  {
    "date": "2011-12-30",
    "symbol": "CSX",
    "reportedCurrency": "USD",
    "cik": "0000277948",
    "fillingDate": "2012-02-21",
    "acceptedDate": "2012-02-21 13:43:35",
    "calendarYear": "2011",
    "period": "Q4",
    "revenue": 2951000000,
    "costOfRevenue": 1095000000,
    "grossProfit": 1856000000,
    "grossProfitRatio": 0.6289393426,
    "researchAndDevelopmentExpenses": 0,
    "generalAndAdministrativeExpenses": 779000000,
    "sellingAndMarketingExpenses": 0,
    "sellingGeneralAndAdministrativeExpenses": 779000000,
    "otherExpenses": 236000000,
    "operatingExpenses": 1015000000,
    "costAndExpenses": 2110000000,
    "interestIncome": 2000000,
    "interestExpense": 140000000,
    "depreciationAndAmortization": 236000000,
    "ebitda": 1088000000,
    "ebitdaratio": 0.3686885801,
    "operatingIncome": 841000000,
    "operatingIncomeRatio": 0.2849881396,
    "totalOtherIncomeExpensesNet": -129000000,
    "incomeBeforeTax": 712000000,
    "incomeBeforeTaxRatio": 0.2412741444,
    "incomeTaxExpense": 255000000,
    "netIncome": 457000000,
    "netIncomeRatio": 0.1548627584,
    "eps": 0.15,
    "epsdiluted": 0.15,
    "weightedAverageShsOut": 3150000000,
    "weightedAverageShsOutDil": 3165600000,
    "link": "https://www.sec.gov/Archives/edgar/data/277948/000027794812000014/0000277948-12-000014-index.htm",
    "finalLink": "https://www.sec.gov/Archives/edgar/data/277948/000027794812000014/csx-12302011x10k.htm"
  },
  {
    "date": "2011-09-30",
    "symbol": "CSX",
    "reportedCurrency": "USD",
    "cik": "0000277948",
    "fillingDate": "2011-10-26",
    "acceptedDate": "2011-10-26 14:21:53",
    "calendarYear": "2011",
    "period": "Q3",
    "revenue": 2963000000,
    "costOfRevenue": 1069000000,
    "grossProfit": 1894000000,
    "grossProfitRatio": 0.6392170098,
    "researchAndDevelopmentExpenses": 0,
    "generalAndAdministrativeExpenses": 765000000,
    "sellingAndMarketingExpenses": 0,
    "sellingGeneralAndAdministrativeExpenses": 765000000,
    "otherExpenses": 251000000,
    "operatingExpenses": 1016000000,
    "costAndExpenses": 2085000000,
    "interestIncome": 1000000,
    "interestExpense": 138000000,
    "depreciationAndAmortization": 251000000,
    "ebitda": 1135000000,
    "ebitdaratio": 0.3830577118,
    "operatingIncome": 878000000,
    "operatingIncomeRatio": 0.296321296,
    "totalOtherIncomeExpensesNet": -132000000,
    "incomeBeforeTax": 746000000,
    "incomeBeforeTaxRatio": 0.2517718529,
    "incomeTaxExpense": 282000000,
    "netIncome": 464000000,
    "netIncomeRatio": 0.1565980425,
    "eps": 0.14,
    "epsdiluted": 0.14,
    "weightedAverageShsOut": 3213000000,
    "weightedAverageShsOutDil": 3231000000,
    "link": "https://www.sec.gov/Archives/edgar/data/277948/000027794811000061/0000277948-11-000061-index.htm",
    "finalLink": "https://www.sec.gov/Archives/edgar/data/277948/000027794811000061/csx0930201110-q.htm"
  },
  {
    "date": "2011-07-01",
    "symbol": "CSX",
    "reportedCurrency": "USD",
    "cik": "0000277948",
    "fillingDate": "2011-07-21",
    "acceptedDate": "2011-07-21 14:00:53",
    "calendarYear": "2011",
    "period": "Q2",
    "revenue": 3019000000,
    "costOfRevenue": 1083000000,
    "grossProfit": 1936000000,
    "grossProfitRatio": 0.6412719444,
    "researchAndDevelopmentExpenses": 0,
    "generalAndAdministrativeExpenses": 1321000000,
    "sellingAndMarketingExpenses": 0,
    "sellingGeneralAndAdministrativeExpenses": 1321000000,
    "otherExpenses": -4223000000,
    "operatingExpenses": -2902000000,
    "costAndExpenses": 2093000000,
    "interestIncome": 1000000,
    "interestExpense": 134000000,
    "depreciationAndAmortization": 246000000,
    "ebitda": 926000000,
    "ebitdaratio": 0.3067240808,
    "operatingIncome": 926000000,
    "operatingIncomeRatio": 0.3067240808,
    "totalOtherIncomeExpensesNet": -134000000,
    "incomeBeforeTax": 792000000,
    "incomeBeforeTaxRatio": 0.2623385227,
    "incomeTaxExpense": 286000000,
    "netIncome": 506000000,
    "netIncomeRatio": 0.1676051673,
    "eps": 0.15,
    "epsdiluted": 0.15,
    "weightedAverageShsOut": 3306000000,
    "weightedAverageShsOutDil": 3327000000,
    "link": "https://www.sec.gov/Archives/edgar/data/277948/000027794811000045/0000277948-11-000045-index.htm",
    "finalLink": "https://www.sec.gov/Archives/edgar/data/277948/000027794811000045/csx0701201110-q.htm"
  },
  {
    "date": "2011-04-01",
    "symbol": "CSX",
    "reportedCurrency": "USD",
    "cik": "0000277948",
    "fillingDate": "2011-04-20",
    "acceptedDate": "2011-04-20 17:21:26",
    "calendarYear": "2011",
    "period": "Q1",
    "revenue": 2810000000,
    "costOfRevenue": 1029000000,
    "grossProfit": 1781000000,
    "grossProfitRatio": 0.6338078292,
    "researchAndDevelopmentExpenses": 0,
    "generalAndAdministrativeExpenses": 765000000,
    "sellingAndMarketingExpenses": 0,
    "sellingGeneralAndAdministrativeExpenses": 765000000,
    "otherExpenses": 243000000,
    "operatingExpenses": 1008000000,
    "costAndExpenses": 2037000000,
    "interestIncome": 1000000,
    "interestExpense": 140000000,
    "depreciationAndAmortization": 243000000,
    "ebitda": 1021000000,
    "ebitdaratio": 0.3633451957,
    "operatingIncome": 773000000,
    "operatingIncomeRatio": 0.275088968,
    "totalOtherIncomeExpensesNet": -135000000,
    "incomeBeforeTax": 638000000,
    "incomeBeforeTaxRatio": 0.2270462633,
    "incomeTaxExpense": 243000000,
    "netIncome": 395000000,
    "netIncomeRatio": 0.140569395,
    "eps": 0.12,
    "epsdiluted": 0.12,
    "weightedAverageShsOut": 3324000000,
    "weightedAverageShsOutDil": 3345000000,
    "link": "https://www.sec.gov/Archives/edgar/data/277948/000027794811000017/0000277948-11-000017-index.htm",
    "finalLink": "https://www.sec.gov/Archives/edgar/data/277948/000027794811000017/form_10q.htm"
  },
  {
    "date": "2010-12-31",
    "symbol": "CSX",
    "reportedCurrency": "USD",
    "cik": "0000277948",
    "fillingDate": "2011-02-18",
    "acceptedDate": "2011-02-18 11:05:56",
    "calendarYear": "2010",
    "period": "Q4",
    "revenue": 2816000000,
    "costOfRevenue": 189000000,
    "grossProfit": 2627000000,
    "grossProfitRatio": 0.9328835227,
    "researchAndDevelopmentExpenses": 0,
    "generalAndAdministrativeExpenses": 776000000,
    "sellingAndMarketingExpenses": 0,
    "sellingGeneralAndAdministrativeExpenses": 776000000,
    "otherExpenses": 1005000000,
    "operatingExpenses": 1781000000,
    "costAndExpenses": 1222000000,
    "interestIncome": 2000000,
    "interestExpense": 149000000,
    "depreciationAndAmortization": 257000000,
    "ebitda": 1107000000,
    "ebitdaratio": 0.3931107955,
    "operatingIncome": 846000000,
    "operatingIncomeRatio": 0.3004261364,
    "totalOtherIncomeExpensesNet": -143000000,
    "incomeBeforeTax": 701000000,
    "incomeBeforeTaxRatio": 0.2489346591,
    "incomeTaxExpense": 271000000,
    "netIncome": 430000000,
    "netIncomeRatio": 0.1526988636,
    "eps": 0.13,
    "epsdiluted": 0.13,
    "weightedAverageShsOut": 3348000000,
    "weightedAverageShsOutDil": 3436500000,
    "link": "https://www.sec.gov/Archives/edgar/data/277948/000114036111010655/0001140361-11-010655-index.htm",
    "finalLink": "https://www.sec.gov/Archives/edgar/data/277948/000114036111010655/document_10k.htm"
  },
  {
    "date": "2010-09-24",
    "symbol": "CSX",
    "reportedCurrency": "USD",
    "cik": "0000277948",
    "fillingDate": "2010-10-15",
    "acceptedDate": "2010-10-15 14:01:26",
    "calendarYear": "2010",
    "period": "Q3",
    "revenue": 2666000000,
    "costOfRevenue": 878000000,
    "grossProfit": 1788000000,
    "grossProfitRatio": 0.6706676669,
    "researchAndDevelopmentExpenses": 0,
    "generalAndAdministrativeExpenses": 731000000,
    "sellingAndMarketingExpenses": 0,
    "sellingGeneralAndAdministrativeExpenses": 731000000,
    "otherExpenses": -3539000000,
    "operatingExpenses": -2808000000,
    "costAndExpenses": 1661000000,
    "interestIncome": 1000000,
    "interestExpense": 131000000,
    "depreciationAndAmortization": 232000000,
    "ebitda": 1065000000,
    "ebitdaratio": 0.3994748687,
    "operatingIncome": 825000000,
    "operatingIncomeRatio": 0.3094523631,
    "totalOtherIncomeExpensesNet": -123000000,
    "incomeBeforeTax": 702000000,
    "incomeBeforeTaxRatio": 0.263315829,
    "incomeTaxExpense": 288000000,
    "netIncome": 414000000,
    "netIncomeRatio": 0.1552888222,
    "eps": 0.12,
    "epsdiluted": 0.12,
    "weightedAverageShsOut": 3402000000,
    "weightedAverageShsOutDil": 3435000000,
    "link": "https://www.sec.gov/Archives/edgar/data/277948/000027794810000059/0000277948-10-000059-index.htm",
    "finalLink": "https://www.sec.gov/Archives/edgar/data/277948/000027794810000059/form_10-q.htm"
  },
  {
    "date": "2010-06-25",
    "symbol": "CSX",
    "reportedCurrency": "USD",
    "cik": "0000277948",
    "fillingDate": "2010-07-15",
    "acceptedDate": "2010-07-15 16:04:34",
    "calendarYear": "2010",
    "period": "Q2",
    "revenue": 2663000000,
    "costOfRevenue": 766000000,
    "grossProfit": 1897000000,
    "grossProfitRatio": 0.7123544874,
    "researchAndDevelopmentExpenses": 0,
    "generalAndAdministrativeExpenses": 721000000,
    "sellingAndMarketingExpenses": 0,
    "sellingGeneralAndAdministrativeExpenses": 721000000,
    "otherExpenses": 230000000,
    "operatingExpenses": 951000000,
    "costAndExpenses": 1717000000,
    "interestIncome": 2000000,
    "interestExpense": 135000000,
    "depreciationAndAmortization": 229000000,
    "ebitda": 1007000000,
    "ebitdaratio": 0.3781449493,
    "operatingIncome": 768000000,
    "operatingIncomeRatio": 0.2883965452,
    "totalOtherIncomeExpensesNet": -126000000,
    "incomeBeforeTax": 642000000,
    "incomeBeforeTaxRatio": 0.241081487,
    "incomeTaxExpense": 228000000,
    "netIncome": 414000000,
    "netIncomeRatio": 0.1554637627,
    "eps": 0.12,
    "epsdiluted": 0.12,
    "weightedAverageShsOut": 3447000000,
    "weightedAverageShsOutDil": 3477000000,
    "link": "https://www.sec.gov/Archives/edgar/data/277948/000027794810000046/0000277948-10-000046-index.htm",
    "finalLink": "https://www.sec.gov/Archives/edgar/data/277948/000027794810000046/form_10q.htm"
  },
  {
    "date": "2010-03-26",
    "symbol": "CSX",
    "reportedCurrency": "USD",
    "cik": "0000277948",
    "fillingDate": "2010-04-19",
    "acceptedDate": "2010-04-19 15:56:42",
    "calendarYear": "2010",
    "period": "Q1",
    "revenue": 2491000000,
    "costOfRevenue": 699000000,
    "grossProfit": 1792000000,
    "grossProfitRatio": 0.7193898033,
    "researchAndDevelopmentExpenses": 0,
    "generalAndAdministrativeExpenses": 729000000,
    "sellingAndMarketingExpenses": 0,
    "sellingGeneralAndAdministrativeExpenses": 729000000,
    "otherExpenses": 229000000,
    "operatingExpenses": 958000000,
    "costAndExpenses": 1657000000,
    "interestIncome": 1000000,
    "interestExpense": 142000000,
    "depreciationAndAmortization": 229000000,
    "ebitda": 871000000,
    "ebitdaratio": 0.3496587716,
    "operatingIncome": 634000000,
    "operatingIncomeRatio": 0.2545162585,
    "totalOtherIncomeExpensesNet": -129000000,
    "incomeBeforeTax": 503000000,
    "incomeBeforeTaxRatio": 0.201926937,
    "incomeTaxExpense": 197000000,
    "netIncome": 306000000,
    "netIncomeRatio": 0.122842232,
    "eps": 0.0867,
    "epsdiluted": 0.0867,
    "weightedAverageShsOut": 3519711000,
    "weightedAverageShsOutDil": 3548907000,
    "link": "https://www.sec.gov/Archives/edgar/data/277948/000027794810000025/0000277948-10-000025-index.htm",
    "finalLink": "https://www.sec.gov/Archives/edgar/data/277948/000027794810000025/form_10q.htm"
  },
  {
    "date": "2009-12-25",
    "symbol": "CSX",
    "reportedCurrency": "USD",
    "cik": "0000277948",
    "fillingDate": "2010-02-19",
    "acceptedDate": "2010-02-19 08:56:51",
    "calendarYear": "2009",
    "period": "Q4",
    "revenue": 2320000000,
    "costOfRevenue": 674000000,
    "grossProfit": 1646000000,
    "grossProfitRatio": 0.7094827586,
    "researchAndDevelopmentExpenses": 0,
    "generalAndAdministrativeExpenses": 660000000,
    "sellingAndMarketingExpenses": 0,
    "sellingGeneralAndAdministrativeExpenses": 660000000,
    "otherExpenses": 403000000,
    "operatingExpenses": 1063000000,
    "costAndExpenses": 1561000000,
    "interestIncome": 11000000,
    "interestExpense": 138000000,
    "depreciationAndAmortization": 229000000,
    "ebitda": 827000000,
    "ebitdaratio": 0.3564655172,
    "operatingIncome": 583000000,
    "operatingIncomeRatio": 0.2512931034,
    "totalOtherIncomeExpensesNet": -123000000,
    "incomeBeforeTax": 460000000,
    "incomeBeforeTaxRatio": 0.1982758621,
    "incomeTaxExpense": 155000000,
    "netIncome": 305000000,
    "netIncomeRatio": 0.1314655172,
    "eps": 0.0854,
    "epsdiluted": 0.0854,
    "weightedAverageShsOut": 3536703000,
    "weightedAverageShsOutDil": 3572400000,
    "link": "https://www.sec.gov/Archives/edgar/data/277948/000027794810000013/0000277948-10-000013-index.htm",
    "finalLink": "https://www.sec.gov/Archives/edgar/data/277948/000027794810000013/document_10k.htm"
  },
  {
    "date": "2009-09-25",
    "symbol": "CSX",
    "reportedCurrency": "USD",
    "cik": "0000277948",
    "fillingDate": "2009-10-20",
    "acceptedDate": "2009-10-19 17:41:31",
    "calendarYear": "2009",
    "period": "Q3",
    "revenue": 2289000000,
    "costOfRevenue": 626000000,
    "grossProfit": 1663000000,
    "grossProfitRatio": 0.7265181302,
    "researchAndDevelopmentExpenses": 0,
    "generalAndAdministrativeExpenses": 653000000,
    "sellingAndMarketingExpenses": 0,
    "sellingGeneralAndAdministrativeExpenses": 653000000,
    "otherExpenses": 228000000,
    "operatingExpenses": 881000000,
    "costAndExpenses": 1507000000,
    "interestIncome": 2000000,
    "interestExpense": 140000000,
    "depreciationAndAmortization": 225000000,
    "ebitda": 826000000,
    "ebitdaratio": 0.3608562691,
    "operatingIncome": 598000000,
    "operatingIncomeRatio": 0.2612494539,
    "totalOtherIncomeExpensesNet": -130000000,
    "incomeBeforeTax": 464000000,
    "incomeBeforeTaxRatio": 0.2027086064,
    "incomeTaxExpense": 171000000,
    "netIncome": 293000000,
    "netIncomeRatio": 0.128003495,
    "eps": 0.0822,
    "epsdiluted": 0.0811,
    "weightedAverageShsOut": 3531168000,
    "weightedAverageShsOutDil": 3566997000,
    "link": "https://www.sec.gov/Archives/edgar/data/277948/000027794809000164/0000277948-09-000164-index.htm",
    "finalLink": "https://www.sec.gov/Archives/edgar/data/277948/000027794809000164/form_10-q.htm"
  },
  {
    "date": "2009-06-26",
    "symbol": "CSX",
    "reportedCurrency": "USD",
    "cik": "0000277948",
    "fillingDate": "2009-07-15",
    "acceptedDate": "2009-07-15 16:16:24",
    "calendarYear": "2009",
    "period": "Q2",
    "revenue": 2185000000,
    "costOfRevenue": 524000000,
    "grossProfit": 1661000000,
    "grossProfitRatio": 0.7601830664,
    "researchAndDevelopmentExpenses": 0,
    "generalAndAdministrativeExpenses": 654000000,
    "sellingAndMarketingExpenses": 0,
    "sellingGeneralAndAdministrativeExpenses": 654000000,
    "otherExpenses": 423000000,
    "operatingExpenses": 1077000000,
    "costAndExpenses": 1407000000,
    "interestIncome": 3000000,
    "interestExpense": 139000000,
    "depreciationAndAmortization": 229000000,
    "ebitda": 814000000,
    "ebitdaratio": 0.3725400458,
    "operatingIncome": 582000000,
    "operatingIncomeRatio": 0.2663615561,
    "totalOtherIncomeExpensesNet": -129000000,
    "incomeBeforeTax": 453000000,
    "incomeBeforeTaxRatio": 0.2073226545,
    "incomeTaxExpense": 168000000,
    "netIncome": 308000000,
    "netIncomeRatio": 0.1409610984,
    "eps": 0.0867,
    "epsdiluted": 0.0856,
    "weightedAverageShsOut": 3528243000,
    "weightedAverageShsOutDil": 3558330000,
    "link": "https://www.sec.gov/Archives/edgar/data/277948/000027794809000113/0000277948-09-000113-index.htm",
    "finalLink": "https://www.sec.gov/Archives/edgar/data/277948/000027794809000113/form_10q.htm"
  },
  {
    "date": "2009-03-27",
    "symbol": "CSX",
    "reportedCurrency": "USD",
    "cik": "0000277948",
    "fillingDate": "2009-04-15",
    "acceptedDate": "2009-04-15 16:44:17",
    "calendarYear": "2009",
    "period": "Q1",
    "revenue": 2247000000,
    "costOfRevenue": 613000000,
    "grossProfit": 1634000000,
    "grossProfitRatio": 0.7271918113,
    "researchAndDevelopmentExpenses": 0,
    "generalAndAdministrativeExpenses": 662000000,
    "sellingAndMarketingExpenses": 0,
    "sellingGeneralAndAdministrativeExpenses": 662000000,
    "otherExpenses": 450000000,
    "operatingExpenses": 1112000000,
    "costAndExpenses": 1499000000,
    "interestIncome": 0,
    "interestExpense": 141000000,
    "depreciationAndAmortization": 224000000,
    "ebitda": 749000000,
    "ebitdaratio": 0.3333333333,
    "operatingIncome": 522000000,
    "operatingIncomeRatio": 0.2323097463,
    "totalOtherIncomeExpensesNet": -138000000,
    "incomeBeforeTax": 372000000,
    "incomeBeforeTaxRatio": 0.1655540721,
    "incomeTaxExpense": 126000000,
    "netIncome": 246000000,
    "netIncomeRatio": 0.1094793057,
    "eps": 0.07,
    "epsdiluted": 0.0689,
    "weightedAverageShsOut": 3520440000,
    "weightedAverageShsOutDil": 3546909000,
    "link": "https://www.sec.gov/Archives/edgar/data/277948/000027794809000066/0000277948-09-000066-index.htm",
    "finalLink": "https://www.sec.gov/Archives/edgar/data/277948/000027794809000066/form_10q.htm"
  },
  {
    "date": "2008-12-26",
    "symbol": "CSX",
    "reportedCurrency": "USD",
    "cik": "0000277948",
    "fillingDate": "2009-02-19",
    "acceptedDate": "2009-02-18 19:07:09",
    "calendarYear": "2008",
    "period": "Q4",
    "revenue": 2674000000,
    "costOfRevenue": 839000000,
    "grossProfit": 1835000000,
    "grossProfitRatio": 0.6862378459,
    "researchAndDevelopmentExpenses": 0,
    "generalAndAdministrativeExpenses": 723000000,
    "sellingAndMarketingExpenses": 0,
    "sellingGeneralAndAdministrativeExpenses": 723000000,
    "otherExpenses": 420000000,
    "operatingExpenses": 1143000000,
    "costAndExpenses": 1790000000,
    "interestIncome": 37000000,
    "interestExpense": 136000000,
    "depreciationAndAmortization": 232000000,
    "ebitda": 752000000,
    "ebitdaratio": 0.2812266268,
    "operatingIncome": 692000000,
    "operatingIncomeRatio": 0.2587883321,
    "totalOtherIncomeExpensesNet": -308000000,
    "incomeBeforeTax": 384000000,
    "incomeBeforeTaxRatio": 0.143605086,
    "incomeTaxExpense": 137000000,
    "netIncome": 247000000,
    "netIncomeRatio": 0.0923709798,
    "eps": 0.0694,
    "epsdiluted": 0.0694,
    "weightedAverageShsOut": 3511620000,
    "weightedAverageShsOutDil": 3561000000,
    "link": "https://www.sec.gov/Archives/edgar/data/277948/000027794809000042/0000277948-09-000042-index.htm",
    "finalLink": "https://www.sec.gov/Archives/edgar/data/277948/000027794809000042/document_10k.htm"
  },
  {
    "date": "2008-09-26",
    "symbol": "CSX",
    "reportedCurrency": "USD",
    "cik": "0000277948",
    "fillingDate": "2008-10-15",
    "acceptedDate": "2008-10-15 12:13:00",
    "calendarYear": "2008",
    "period": "Q3",
    "revenue": 2961000000,
    "costOfRevenue": 1035000000,
    "grossProfit": 1926000000,
    "grossProfitRatio": 0.6504559271,
    "researchAndDevelopmentExpenses": 0,
    "generalAndAdministrativeExpenses": 754000000,
    "sellingAndMarketingExpenses": 0,
    "sellingGeneralAndAdministrativeExpenses": 754000000,
    "otherExpenses": 439000000,
    "operatingExpenses": 1193000000,
    "costAndExpenses": 2016000000,
    "interestIncome": 0,
    "interestExpense": 131000000,
    "depreciationAndAmortization": 230000000,
    "ebitda": 968000000,
    "ebitdaratio": 0.3269165822,
    "operatingIncome": 733000000,
    "operatingIncomeRatio": 0.2475515029,
    "totalOtherIncomeExpensesNet": -126000000,
    "incomeBeforeTax": 610000000,
    "incomeBeforeTaxRatio": 0.2060114826,
    "incomeTaxExpense": 228000000,
    "netIncome": 382000000,
    "netIncomeRatio": 0.1290104694,
    "eps": 0.11,
    "epsdiluted": 0.1,
    "weightedAverageShsOut": 3620016000,
    "weightedAverageShsOutDil": 3676374000,
    "link": "https://www.sec.gov/Archives/edgar/data/277948/000027794808000142/0000277948-08-000142-index.htm",
    "finalLink": "https://www.sec.gov/Archives/edgar/data/277948/000027794808000142/document_10-q.htm"
  },
  {
    "date": "2008-06-27",
    "symbol": "CSX",
    "reportedCurrency": "USD",
    "cik": "0000277948",
    "fillingDate": "2008-07-16",
    "acceptedDate": "2008-07-16 08:58:54",
    "calendarYear": "2008",
    "period": "Q2",
    "revenue": 2907000000,
    "costOfRevenue": 513000000,
    "grossProfit": 2394000000,
    "grossProfitRatio": 0.8235294118,
    "researchAndDevelopmentExpenses": 0,
    "generalAndAdministrativeExpenses": 0,
    "sellingAndMarketingExpenses": 0,
    "sellingGeneralAndAdministrativeExpenses": 733000000,
    "otherExpenses": 944000000,
    "operatingExpenses": 1677000000,
    "costAndExpenses": 2190000000,
    "interestIncome": 0,
    "interestExpense": 133000000,
    "depreciationAndAmortization": 231000000,
    "ebitda": 965000000,
    "ebitdaratio": 0.3319573443,
    "operatingIncome": 717000000,
    "operatingIncomeRatio": 0.2466460268,
    "totalOtherIncomeExpensesNet": -116000000,
    "incomeBeforeTax": 590000000,
    "incomeBeforeTaxRatio": 0.2029583763,
    "incomeTaxExpense": 205000000,
    "netIncome": 385000000,
    "netIncomeRatio": 0.1324389405,
    "eps": 0.11,
    "epsdiluted": 0.1,
    "weightedAverageShsOut": 3655845000,
    "weightedAverageShsOutDil": 3736008000,
    "link": "https://www.sec.gov/Archives/edgar/data/277948/000027794808000095/0000277948-08-000095-index.htm",
    "finalLink": "https://www.sec.gov/Archives/edgar/data/277948/000027794808000095/document-10q.htm"
  },
  {
    "date": "2008-03-28",
    "symbol": "CSX",
    "reportedCurrency": "USD",
    "cik": "0000277948",
    "fillingDate": "2008-04-16",
    "acceptedDate": "2008-04-16 10:12:10",
    "calendarYear": "2008",
    "period": "Q1",
    "revenue": 2713000000,
    "costOfRevenue": 1122000000,
    "grossProfit": 1591000000,
    "grossProfitRatio": 0.5864356801,
    "researchAndDevelopmentExpenses": 0,
    "generalAndAdministrativeExpenses": 745000000,
    "sellingAndMarketingExpenses": 0,
    "sellingGeneralAndAdministrativeExpenses": 745000000,
    "otherExpenses": 222000000,
    "operatingExpenses": 967000000,
    "costAndExpenses": 2089000000,
    "interestIncome": 0,
    "interestExpense": 119000000,
    "depreciationAndAmortization": 225000000,
    "ebitda": 906000000,
    "ebitdaratio": 0.3339476594,
    "operatingIncome": 626000000,
    "operatingIncomeRatio": 0.2307408773,
    "totalOtherIncomeExpensesNet": -64000000,
    "incomeBeforeTax": 562000000,
    "incomeBeforeTaxRatio": 0.2071507556,
    "incomeTaxExpense": 211000000,
    "netIncome": 351000000,
    "netIncomeRatio": 0.1293770734,
    "eps": 0.0967,
    "epsdiluted": 0.0944,
    "weightedAverageShsOut": 3639159000,
    "weightedAverageShsOutDil": 3736890000,
    "link": "https://www.sec.gov/Archives/edgar/data/277948/000027794808000063/0000277948-08-000063-index.htm",
    "finalLink": "https://www.sec.gov/Archives/edgar/data/277948/000027794808000063/document_10-q.htm"
  },
  {
    "date": "2007-12-28",
    "symbol": "CSX",
    "reportedCurrency": "USD",
    "cik": "0000277948",
    "fillingDate": "2008-02-22",
    "acceptedDate": "2008-02-22 14:58:08",
    "calendarYear": "2007",
    "period": "Q4",
    "revenue": 2577000000,
    "costOfRevenue": 1128000000,
    "grossProfit": 1449000000,
    "grossProfitRatio": 0.5622817229,
    "researchAndDevelopmentExpenses": 0,
    "generalAndAdministrativeExpenses": 910000000,
    "sellingAndMarketingExpenses": 0,
    "sellingGeneralAndAdministrativeExpenses": 910000000,
    "otherExpenses": 0,
    "operatingExpenses": 910000000,
    "costAndExpenses": 1066000000,
    "interestIncome": 0,
    "interestExpense": 0,
    "depreciationAndAmortization": 224000000,
    "ebitda": 926000000,
    "ebitdaratio": 0.3593325572,
    "operatingIncome": 609000000,
    "operatingIncomeRatio": 0.2363213038,
    "totalOtherIncomeExpensesNet": -39000000,
    "incomeBeforeTax": 570000000,
    "incomeBeforeTaxRatio": 0.2211874272,
    "incomeTaxExpense": 205000000,
    "netIncome": 365000000,
    "netIncomeRatio": 0.1416375631,
    "eps": 0.0953,
    "epsdiluted": 0.0953,
    "weightedAverageShsOut": 3710565000,
    "weightedAverageShsOutDil": 3829200000,
    "link": "https://www.sec.gov/Archives/edgar/data/277948/000027794808000036/0000277948-08-000036-index.htm",
    "finalLink": "https://www.sec.gov/Archives/edgar/data/277948/000027794808000036/form2007_10k.htm"
  },
  {
    "date": "2007-09-28",
    "symbol": "CSX",
    "reportedCurrency": "USD",
    "cik": "0000277948",
    "fillingDate": "2007-10-23",
    "acceptedDate": "2007-10-23 12:07:30",
    "calendarYear": "2007",
    "period": "Q3",
    "revenue": 2501000000,
    "costOfRevenue": 0,
    "grossProfit": 2501000000,
    "grossProfitRatio": 1,
    "researchAndDevelopmentExpenses": 0,
    "generalAndAdministrativeExpenses": 0,
    "sellingAndMarketingExpenses": 0,
    "sellingGeneralAndAdministrativeExpenses": 748000000,
    "otherExpenses": 1198000000,
    "operatingExpenses": 1946000000,
    "costAndExpenses": 1946000000,
    "interestIncome": 0,
    "interestExpense": 102000000,
    "depreciationAndAmortization": 218000000,
    "ebitda": 758000000,
    "ebitdaratio": 0.3030787685,
    "operatingIncome": 555000000,
    "operatingIncomeRatio": 0.2219112355,
    "totalOtherIncomeExpensesNet": -85000000,
    "incomeBeforeTax": 470000000,
    "incomeBeforeTaxRatio": 0.1879248301,
    "incomeTaxExpense": 173000000,
    "netIncome": 407000000,
    "netIncomeRatio": 0.162734906,
    "eps": 0.1,
    "epsdiluted": 0.1,
    "weightedAverageShsOut": 3892761000,
    "weightedAverageShsOutDil": 4009932000,
    "link": "https://www.sec.gov/Archives/edgar/data/277948/000027794807000092/0000277948-07-000092-index.htm",
    "finalLink": "https://www.sec.gov/Archives/edgar/data/277948/000027794807000092/d10-q.htm"
  },
  {
    "date": "2007-06-29",
    "symbol": "CSX",
    "reportedCurrency": "USD",
    "cik": "0000277948",
    "fillingDate": "2007-07-25",
    "acceptedDate": "2007-07-25 17:08:18",
    "calendarYear": "2007",
    "period": "Q2",
    "revenue": 2530000000,
    "costOfRevenue": 1128000000,
    "grossProfit": 1402000000,
    "grossProfitRatio": 0.5541501976,
    "researchAndDevelopmentExpenses": 0,
    "generalAndAdministrativeExpenses": 910000000,
    "sellingAndMarketingExpenses": 0,
    "sellingGeneralAndAdministrativeExpenses": 910000000,
    "otherExpenses": 538000000,
    "operatingExpenses": 1448000000,
    "costAndExpenses": 3221000000,
    "interestIncome": 0,
    "interestExpense": 101000000,
    "depreciationAndAmortization": 223000000,
    "ebitda": 838000000,
    "ebitdaratio": 0.3312252964,
    "operatingIncome": 604000000,
    "operatingIncomeRatio": 0.2387351779,
    "totalOtherIncomeExpensesNet": -98000000,
    "incomeBeforeTax": 514000000,
    "incomeBeforeTaxRatio": 0.2031620553,
    "incomeTaxExpense": 190000000,
    "netIncome": 324000000,
    "netIncomeRatio": 0.1280632411,
    "eps": 0.0822,
    "epsdiluted": 0.0789,
    "weightedAverageShsOut": 3947652000,
    "weightedAverageShsOutDil": 4130307000,
    "link": "https://www.sec.gov/Archives/edgar/data/277948/000027794807000067/0000277948-07-000067-index.htm",
    "finalLink": "https://www.sec.gov/Archives/edgar/data/277948/000027794807000067/documentq2.htm"
  },
  {
    "date": "2007-03-30",
    "symbol": "CSX",
    "reportedCurrency": "USD",
    "cik": "0000277948",
    "fillingDate": "2007-04-18",
    "acceptedDate": "2007-04-18 08:52:48",
    "calendarYear": "2007",
    "period": "Q1",
    "revenue": 2422000000,
    "costOfRevenue": 0,
    "grossProfit": 2422000000,
    "grossProfitRatio": 1,
    "researchAndDevelopmentExpenses": 0,
    "generalAndAdministrativeExpenses": 0,
    "sellingAndMarketingExpenses": 0,
    "sellingGeneralAndAdministrativeExpenses": 734000000,
    "otherExpenses": 1200000000,
    "operatingExpenses": 1934000000,
    "costAndExpenses": 1934000000,
    "interestIncome": 0,
    "interestExpense": 99000000,
    "depreciationAndAmortization": 225000000,
    "ebitda": 702000000,
    "ebitdaratio": 0.2898431049,
    "operatingIncome": 488000000,
    "operatingIncomeRatio": 0.2014863749,
    "totalOtherIncomeExpensesNet": -110000000,
    "incomeBeforeTax": 378000000,
    "incomeBeforeTaxRatio": 0.1560693642,
    "incomeTaxExpense": 138000000,
    "netIncome": 240000000,
    "netIncomeRatio": 0.0990916598,
    "eps": 0.0611,
    "epsdiluted": 0.0578,
    "weightedAverageShsOut": 3938733000,
    "weightedAverageShsOutDil": 4168584000,
    "link": "https://www.sec.gov/Archives/edgar/data/277948/000119312507083489/0001193125-07-083489-index.htm",
    "finalLink": "https://www.sec.gov/Archives/edgar/data/277948/000119312507083489/d10q.htm"
  },
  {
    "date": "2006-12-29",
    "symbol": "CSX",
    "reportedCurrency": "USD",
    "cik": "0000277948",
    "fillingDate": "2007-02-15",
    "acceptedDate": "2007-02-14 18:08:19",
    "calendarYear": "2006",
    "period": "Q4",
    "revenue": 2396000000,
    "costOfRevenue": 1222000000,
    "grossProfit": 1174000000,
    "grossProfitRatio": 0.4899833055,
    "researchAndDevelopmentExpenses": 0,
    "generalAndAdministrativeExpenses": 1173000000,
    "sellingAndMarketingExpenses": 0,
    "sellingGeneralAndAdministrativeExpenses": 1173000000,
    "otherExpenses": -506000000,
    "operatingExpenses": 667000000,
    "costAndExpenses": 3556000000,
    "interestIncome": 0,
    "interestExpense": 0,
    "depreciationAndAmortization": 219000000,
    "ebitda": -570000000,
    "ebitdaratio": -0.2378964942,
    "operatingIncome": 507000000,
    "operatingIncomeRatio": 0.2116026711,
    "totalOtherIncomeExpensesNet": -37000000,
    "incomeBeforeTax": 470000000,
    "incomeBeforeTaxRatio": 0.1961602671,
    "incomeTaxExpense": 123000000,
    "netIncome": 347000000,
    "netIncomeRatio": 0.1448247078,
    "eps": 0.0832,
    "epsdiluted": 0.0832,
    "weightedAverageShsOut": 4171800000,
    "weightedAverageShsOutDil": 4171800000,
    "link": "https://www.sec.gov/Archives/edgar/data/277948/000119312507032135/0001193125-07-032135-index.htm",
    "finalLink": "https://www.sec.gov/Archives/edgar/data/277948/000119312507032135/d10k.htm"
  },
  {
    "date": "2006-09-29",
    "symbol": "CSX",
    "reportedCurrency": "USD",
    "cik": "0000277948",
    "fillingDate": "2006-10-18",
    "acceptedDate": "2006-10-18 15:52:29",
    "calendarYear": "2006",
    "period": "Q3",
    "revenue": 2418000000,
    "costOfRevenue": 1131000000,
    "grossProfit": 1287000000,
    "grossProfitRatio": 0.5322580645,
    "researchAndDevelopmentExpenses": 0,
    "generalAndAdministrativeExpenses": 860000000,
    "sellingAndMarketingExpenses": 0,
    "sellingGeneralAndAdministrativeExpenses": 860000000,
    "otherExpenses": -62000000,
    "operatingExpenses": 798000000,
    "costAndExpenses": 3198000000,
    "interestIncome": 0,
    "interestExpense": 0,
    "depreciationAndAmortization": 218000000,
    "ebitda": 489000000,
    "ebitdaratio": 0.2022332506,
    "operatingIncome": 489000000,
    "operatingIncomeRatio": 0.2022332506,
    "totalOtherIncomeExpensesNet": -72000000,
    "incomeBeforeTax": 417000000,
    "incomeBeforeTaxRatio": 0.1724565757,
    "incomeTaxExpense": 89000000,
    "netIncome": 328000000,
    "netIncomeRatio": 0.1356492969,
    "eps": 0.0833,
    "epsdiluted": 0.0789,
    "weightedAverageShsOut": 3960792000,
    "weightedAverageShsOutDil": 4190769000,
    "link": "https://www.sec.gov/Archives/edgar/data/277948/000119312506210093/0001193125-06-210093-index.htm",
    "finalLink": "https://www.sec.gov/Archives/edgar/data/277948/000119312506210093/d10q.htm"
  },
  {
    "date": "2006-06-30",
    "symbol": "CSX",
    "reportedCurrency": "USD",
    "cik": "0000277948",
    "fillingDate": "2006-07-21",
    "acceptedDate": "2006-07-21 13:20:45",
    "calendarYear": "2006",
    "period": "Q2",
    "revenue": 2421000000,
    "costOfRevenue": 993000000,
    "grossProfit": 1428000000,
    "grossProfitRatio": 0.5898389095,
    "researchAndDevelopmentExpenses": 0,
    "generalAndAdministrativeExpenses": 618000000,
    "sellingAndMarketingExpenses": 0,
    "sellingGeneralAndAdministrativeExpenses": 618000000,
    "otherExpenses": 671000000,
    "operatingExpenses": 1289000000,
    "costAndExpenses": 2794000000,
    "interestIncome": 0,
    "interestExpense": 98000000,
    "depreciationAndAmortization": 218000000,
    "ebitda": 875000000,
    "ebitdaratio": 0.3614209005,
    "operatingIncome": 646000000,
    "operatingIncomeRatio": 0.2668318876,
    "totalOtherIncomeExpensesNet": -87000000,
    "incomeBeforeTax": 559000000,
    "incomeBeforeTaxRatio": 0.2308963238,
    "incomeTaxExpense": 169000000,
    "netIncome": 390000000,
    "netIncomeRatio": 0.1610904585,
    "eps": 0.0978,
    "epsdiluted": 0.0922,
    "weightedAverageShsOut": 3994335000,
    "weightedAverageShsOutDil": 4231854000,
    "link": "https://www.sec.gov/Archives/edgar/data/277948/000119312506150851/0001193125-06-150851-index.htm",
    "finalLink": "https://www.sec.gov/Archives/edgar/data/277948/000119312506150851/d10q.htm"
  },
  {
    "date": "2006-03-31",
    "symbol": "CSX",
    "reportedCurrency": "USD",
    "cik": "0000277948",
    "fillingDate": "2006-04-25",
    "acceptedDate": "2006-04-25 17:19:48",
    "calendarYear": "2006",
    "period": "Q1",
    "revenue": 2331000000,
    "costOfRevenue": 1102000000,
    "grossProfit": 1229000000,
    "grossProfitRatio": 0.5272415272,
    "researchAndDevelopmentExpenses": 0,
    "generalAndAdministrativeExpenses": 918000000,
    "sellingAndMarketingExpenses": 0,
    "sellingGeneralAndAdministrativeExpenses": 918000000,
    "otherExpenses": -185000000,
    "operatingExpenses": 733000000,
    "costAndExpenses": 3135000000,
    "interestIncome": 0,
    "interestExpense": 0,
    "depreciationAndAmortization": 212000000,
    "ebitda": 496000000,
    "ebitdaratio": 0.2127842128,
    "operatingIncome": 496000000,
    "operatingIncomeRatio": 0.2127842128,
    "totalOtherIncomeExpensesNet": -101000000,
    "incomeBeforeTax": 395000000,
    "incomeBeforeTaxRatio": 0.1694551695,
    "incomeTaxExpense": 150000000,
    "netIncome": 245000000,
    "netIncomeRatio": 0.1051051051,
    "eps": 0.0622,
    "epsdiluted": 0.0589,
    "weightedAverageShsOut": 3954258000,
    "weightedAverageShsOutDil": 4179276000,
    "link": "https://www.sec.gov/Archives/edgar/data/277948/000095014406003895/0000950144-06-003895-index.htm",
    "finalLink": "https://www.sec.gov/Archives/edgar/data/277948/000095014406003895/g01004e10vq.htm"
  },
  {
    "date": "2005-12-30",
    "symbol": "CSX",
    "reportedCurrency": "USD",
    "cik": "0000277948",
    "fillingDate": "2006-02-24",
    "acceptedDate": "2006-02-24 13:48:45",
    "calendarYear": "2005",
    "period": "Q4",
    "revenue": 2219000000,
    "costOfRevenue": 1046000000,
    "grossProfit": 1173000000,
    "grossProfitRatio": 0.5286164939,
    "researchAndDevelopmentExpenses": 0,
    "generalAndAdministrativeExpenses": 878000000,
    "sellingAndMarketingExpenses": 0,
    "sellingGeneralAndAdministrativeExpenses": 878000000,
    "otherExpenses": -117000000,
    "operatingExpenses": 761000000,
    "costAndExpenses": 3035000000,
    "interestIncome": 0,
    "interestExpense": 0,
    "depreciationAndAmortization": 213000000,
    "ebitda": -668000000,
    "ebitdaratio": -0.3010365029,
    "operatingIncome": 412000000,
    "operatingIncomeRatio": 0.1856692204,
    "totalOtherIncomeExpensesNet": -37000000,
    "incomeBeforeTax": 375000000,
    "incomeBeforeTaxRatio": 0.1689950428,
    "incomeTaxExpense": 138000000,
    "netIncome": 237000000,
    "netIncomeRatio": 0.1068048671,
    "eps": 0.0573,
    "epsdiluted": 0.0573,
    "weightedAverageShsOut": 4139400000,
    "weightedAverageShsOutDil": 4139400000,
    "link": "https://www.sec.gov/Archives/edgar/data/277948/000095014406001485/0000950144-06-001485-index.htm",
    "finalLink": "https://www.sec.gov/Archives/edgar/data/277948/000095014406001485/g99714e10vk.htm"
  },
  {
    "date": "2005-09-30",
    "symbol": "CSX",
    "reportedCurrency": "USD",
    "cik": "0000277948",
    "fillingDate": "2005-10-26",
    "acceptedDate": "2005-10-26 14:12:07",
    "calendarYear": "2005",
    "period": "Q3",
    "revenue": 2125000000,
    "costOfRevenue": 971000000,
    "grossProfit": 1154000000,
    "grossProfitRatio": 0.5430588235,
    "researchAndDevelopmentExpenses": 0,
    "generalAndAdministrativeExpenses": 860000000,
    "sellingAndMarketingExpenses": 0,
    "sellingGeneralAndAdministrativeExpenses": 860000000,
    "otherExpenses": 1045000000,
    "operatingExpenses": 1905000000,
    "costAndExpenses": 2876000000,
    "interestIncome": 0,
    "interestExpense": 0,
    "depreciationAndAmortization": 202000000,
    "ebitda": 353000000,
    "ebitdaratio": 0.1661176471,
    "operatingIncome": 353000000,
    "operatingIncomeRatio": 0.1661176471,
    "totalOtherIncomeExpensesNet": -89000000,
    "incomeBeforeTax": 264000000,
    "incomeBeforeTaxRatio": 0.1242352941,
    "incomeTaxExpense": 100000000,
    "netIncome": 164000000,
    "netIncomeRatio": 0.0771764706,
    "eps": 0.0422,
    "epsdiluted": 0.04,
    "weightedAverageShsOut": 3900690000,
    "weightedAverageShsOutDil": 4111614000,
    "link": "https://www.sec.gov/Archives/edgar/data/277948/000095014405010710/0000950144-05-010710-index.htm",
    "finalLink": "https://www.sec.gov/Archives/edgar/data/277948/000095014405010710/g97819e10vq.htm"
  },
  {
    "date": "2005-07-01",
    "symbol": "CSX",
    "reportedCurrency": "USD",
    "cik": "0000277948",
    "fillingDate": "2005-08-02",
    "acceptedDate": "2005-08-02 17:20:40",
    "calendarYear": "2005",
    "period": "Q2",
    "revenue": 2166000000,
    "costOfRevenue": 969000000,
    "grossProfit": 1197000000,
    "grossProfitRatio": 0.5526315789,
    "researchAndDevelopmentExpenses": 0,
    "generalAndAdministrativeExpenses": 853000000,
    "sellingAndMarketingExpenses": 0,
    "sellingGeneralAndAdministrativeExpenses": 853000000,
    "otherExpenses": -87000000,
    "operatingExpenses": 766000000,
    "costAndExpenses": 2658000000,
    "interestIncome": 0,
    "interestExpense": 0,
    "depreciationAndAmortization": 209000000,
    "ebitda": 431000000,
    "ebitdaratio": 0.1989843029,
    "operatingIncome": 431000000,
    "operatingIncomeRatio": 0.1989843029,
    "totalOtherIncomeExpensesNet": -272000000,
    "incomeBeforeTax": 159000000,
    "incomeBeforeTaxRatio": 0.0734072022,
    "incomeTaxExpense": -6000000,
    "netIncome": 165000000,
    "netIncomeRatio": 0.0761772853,
    "eps": 0.0422,
    "epsdiluted": 0.0406,
    "weightedAverageShsOut": 3895524000,
    "weightedAverageShsOutDil": 4094154000,
    "link": "https://www.sec.gov/Archives/edgar/data/277948/000095014405008055/0000950144-05-008055-index.htm",
    "finalLink": "https://www.sec.gov/Archives/edgar/data/277948/000095014405008055/g96581e10vq.htm"
  },
  {
    "date": "2005-04-01",
    "symbol": "CSX",
    "reportedCurrency": "USD",
    "cik": "0000277948",
    "fillingDate": "2005-05-04",
    "acceptedDate": "2005-05-04 10:59:57",
    "calendarYear": "2005",
    "period": "Q1",
    "revenue": 2108000000,
    "costOfRevenue": 997000000,
    "grossProfit": 1111000000,
    "grossProfitRatio": 0.5270398482,
    "researchAndDevelopmentExpenses": 0,
    "generalAndAdministrativeExpenses": 856000000,
    "sellingAndMarketingExpenses": 0,
    "sellingGeneralAndAdministrativeExpenses": 856000000,
    "otherExpenses": -161000000,
    "operatingExpenses": 695000000,
    "costAndExpenses": 2903000000,
    "interestIncome": 0,
    "interestExpense": 1000000,
    "depreciationAndAmortization": 209000000,
    "ebitda": 354000000,
    "ebitdaratio": 0.1679316888,
    "operatingIncome": 354000000,
    "operatingIncomeRatio": 0.1679316888,
    "totalOtherIncomeExpensesNet": -116000000,
    "incomeBeforeTax": 238000000,
    "incomeBeforeTaxRatio": 0.1129032258,
    "incomeTaxExpense": 84000000,
    "netIncome": 579000000,
    "netIncomeRatio": 0.2746679317,
    "eps": 0.15,
    "epsdiluted": 0.14,
    "weightedAverageShsOut": 3876408000,
    "weightedAverageShsOutDil": 4072428000,
    "link": "https://www.sec.gov/Archives/edgar/data/277948/000095014405004821/0000950144-05-004821-index.htm",
    "finalLink": "https://www.sec.gov/Archives/edgar/data/277948/000095014405004821/g94918e10vq.htm"
  },
  {
    "date": "2004-12-31",
    "symbol": "CSX",
    "reportedCurrency": "USD",
    "cik": "0000277948",
    "fillingDate": "2006-01-12",
    "acceptedDate": "2006-01-12 15:05:52",
    "calendarYear": "2004",
    "period": "Q4",
    "revenue": 2044000000,
    "costOfRevenue": 1438000000,
    "grossProfit": 606000000,
    "grossProfitRatio": 0.2964774951,
    "researchAndDevelopmentExpenses": 0,
    "generalAndAdministrativeExpenses": 1283000000,
    "sellingAndMarketingExpenses": 0,
    "sellingGeneralAndAdministrativeExpenses": 1283000000,
    "otherExpenses": -961000000,
    "operatingExpenses": 322000000,
    "costAndExpenses": 3797000000,
    "interestIncome": 0,
    "interestExpense": 0,
    "depreciationAndAmortization": 219000000,
    "ebitda": -921000000,
    "ebitdaratio": -0.4505870841,
    "operatingIncome": 284000000,
    "operatingIncomeRatio": 0.1389432485,
    "totalOtherIncomeExpensesNet": -57000000,
    "incomeBeforeTax": 227000000,
    "incomeBeforeTaxRatio": 0.1110567515,
    "incomeTaxExpense": 81000000,
    "netIncome": 67000000,
    "netIncomeRatio": 0.032778865,
    "eps": 0.0165,
    "epsdiluted": 0.0165,
    "weightedAverageShsOut": 3869352000,
    "weightedAverageShsOutDil": 4049700000,
    "link": "https://www.sec.gov/Archives/edgar/data/277948/000095014406000237/0000950144-06-000237-index.htm",
    "finalLink": "https://www.sec.gov/Archives/edgar/data/277948/000095014406000237/g99151e10vkza.htm"
  },
  {
    "date": "2004-09-24",
    "symbol": "CSX",
    "reportedCurrency": "USD",
    "cik": "0000277948",
    "fillingDate": "2004-11-03",
    "acceptedDate": "2004-11-03 14:34:31",
    "calendarYear": "2004",
    "period": "Q3",
    "revenue": 1980000000,
    "costOfRevenue": 911000000,
    "grossProfit": 1069000000,
    "grossProfitRatio": 0.5398989899,
    "researchAndDevelopmentExpenses": 0,
    "generalAndAdministrativeExpenses": 751000000,
    "sellingAndMarketingExpenses": 0,
    "sellingGeneralAndAdministrativeExpenses": 751000000,
    "otherExpenses": -108000000,
    "operatingExpenses": 643000000,
    "costAndExpenses": 2687000000,
    "interestIncome": 0,
    "interestExpense": 106000000,
    "depreciationAndAmortization": 179000000,
    "ebitda": 264000000,
    "ebitdaratio": 0.1333333333,
    "operatingIncome": 264000000,
    "operatingIncomeRatio": 0.1333333333,
    "totalOtherIncomeExpensesNet": -67000000,
    "incomeBeforeTax": 183000000,
    "incomeBeforeTaxRatio": 0.0924242424,
    "incomeTaxExpense": 60000000,
    "netIncome": 123000000,
    "netIncomeRatio": 0.0621212121,
    "eps": 0.0317,
    "epsdiluted": 0.0306,
    "weightedAverageShsOut": 3866778000,
    "weightedAverageShsOutDil": 4049640000,
    "link": "https://www.sec.gov/Archives/edgar/data/277948/000095014404010373/0000950144-04-010373-index.htm",
    "finalLink": "https://www.sec.gov/Archives/edgar/data/277948/000095014404010373/g91589e10vq.htm"
  },
  {
    "date": "2004-06-25",
    "symbol": "CSX",
    "reportedCurrency": "USD",
    "cik": "0000277948",
    "fillingDate": "2004-07-29",
    "acceptedDate": "2004-07-29 09:17:58",
    "calendarYear": "2004",
    "period": "Q2",
    "revenue": 2033000000,
    "costOfRevenue": 1103000000,
    "grossProfit": 930000000,
    "grossProfitRatio": 0.4574520413,
    "researchAndDevelopmentExpenses": 0,
    "generalAndAdministrativeExpenses": 910000000,
    "sellingAndMarketingExpenses": 0,
    "sellingGeneralAndAdministrativeExpenses": 910000000,
    "otherExpenses": -298000000,
    "operatingExpenses": 612000000,
    "costAndExpenses": 3054000000,
    "interestIncome": 0,
    "interestExpense": 109000000,
    "depreciationAndAmortization": 165000000,
    "ebitda": 462000000,
    "ebitdaratio": 0.2272503689,
    "operatingIncome": 291000000,
    "operatingIncomeRatio": 0.1431382194,
    "totalOtherIncomeExpensesNet": -98000000,
    "incomeBeforeTax": 184000000,
    "incomeBeforeTaxRatio": 0.0905066404,
    "incomeTaxExpense": 65000000,
    "netIncome": 119000000,
    "netIncomeRatio": 0.0585341859,
    "eps": 0.0306,
    "epsdiluted": 0.0294,
    "weightedAverageShsOut": 3865212000,
    "weightedAverageShsOutDil": 4047786000,
    "link": "https://www.sec.gov/Archives/edgar/data/277948/000095014404007416/0000950144-04-007416-index.htm",
    "finalLink": "https://www.sec.gov/Archives/edgar/data/277948/000095014404007416/g89976e10vq.htm"
  },
  {
    "date": "2004-03-26",
    "symbol": "CSX",
    "reportedCurrency": "USD",
    "cik": "0000277948",
    "fillingDate": "2004-04-30",
    "acceptedDate": "2004-04-30 12:12:30",
    "calendarYear": "2004",
    "period": "Q1",
    "revenue": 1963000000,
    "costOfRevenue": 1014000000,
    "grossProfit": 949000000,
    "grossProfitRatio": 0.4834437086,
    "researchAndDevelopmentExpenses": 0,
    "generalAndAdministrativeExpenses": 834000000,
    "sellingAndMarketingExpenses": 0,
    "sellingGeneralAndAdministrativeExpenses": 834000000,
    "otherExpenses": -157000000,
    "operatingExpenses": 677000000,
    "costAndExpenses": 2892000000,
    "interestIncome": 0,
    "interestExpense": 0,
    "depreciationAndAmortization": 167000000,
    "ebitda": 69000000,
    "ebitdaratio": 0.0351502802,
    "operatingIncome": 161000000,
    "operatingIncomeRatio": 0.0820173204,
    "totalOtherIncomeExpensesNet": -112000000,
    "incomeBeforeTax": 43000000,
    "incomeBeforeTaxRatio": 0.0219052471,
    "incomeTaxExpense": 13000000,
    "netIncome": 30000000,
    "netIncomeRatio": 0.0152827305,
    "eps": 0.0078,
    "epsdiluted": 0.0078,
    "weightedAverageShsOut": 3864060000,
    "weightedAverageShsOutDil": 4047840000,
    "link": "https://www.sec.gov/Archives/edgar/data/277948/000095014404004650/0000950144-04-004650-index.htm",
    "finalLink": "https://www.sec.gov/Archives/edgar/data/277948/000095014404004650/g88821e10vq.htm"
  },
  {
    "date": "2003-12-26",
    "symbol": "CSX",
    "reportedCurrency": "USD",
    "cik": "0000277948",
    "fillingDate": "2004-03-10",
    "acceptedDate": "2004-03-10 16:05:16",
    "calendarYear": "2003",
    "period": "Q4",
    "revenue": 1953000000,
    "costOfRevenue": -133000000,
    "grossProfit": 2086000000,
    "grossProfitRatio": 1.0681003584,
    "researchAndDevelopmentExpenses": 0,
    "generalAndAdministrativeExpenses": -2234000000,
    "sellingAndMarketingExpenses": 0,
    "sellingGeneralAndAdministrativeExpenses": -2234000000,
    "otherExpenses": 4058000000,
    "operatingExpenses": 1824000000,
    "costAndExpenses": 965000000,
    "interestIncome": 0,
    "interestExpense": 0,
    "depreciationAndAmortization": 161000000,
    "ebitda": 1149000000,
    "ebitdaratio": 0.5883256528,
    "operatingIncome": 262000000,
    "operatingIncomeRatio": 0.1341525858,
    "totalOtherIncomeExpensesNet": -80000000,
    "incomeBeforeTax": 182000000,
    "incomeBeforeTaxRatio": 0.0931899642,
    "incomeTaxExpense": 59000000,
    "netIncome": 123000000,
    "netIncomeRatio": 0.0629800307,
    "eps": 0.0318,
    "epsdiluted": 0.0318,
    "weightedAverageShsOut": 3855348000,
    "weightedAverageShsOutDil": 3865500000,
    "link": "https://www.sec.gov/Archives/edgar/data/277948/000095014404002244/0000950144-04-002244-index.htm",
    "finalLink": "https://www.sec.gov/Archives/edgar/data/277948/000095014404002244/g87590e10vk.htm"
  },
  {
    "date": "2003-09-26",
    "symbol": "CSX",
    "reportedCurrency": "USD",
    "cik": "0000277948",
    "fillingDate": "2003-10-24",
    "acceptedDate": "2003-10-24 15:03:34",
    "calendarYear": "2003",
    "period": "Q3",
    "revenue": 1882000000,
    "costOfRevenue": 1388000000,
    "grossProfit": 494000000,
    "grossProfitRatio": 0.2624867163,
    "researchAndDevelopmentExpenses": 0,
    "generalAndAdministrativeExpenses": 1362000000,
    "sellingAndMarketingExpenses": 0,
    "sellingGeneralAndAdministrativeExpenses": 1362000000,
    "otherExpenses": -770000000,
    "operatingExpenses": 592000000,
    "costAndExpenses": 3832000000,
    "interestIncome": 0,
    "interestExpense": 103000000,
    "depreciationAndAmortization": 160000000,
    "ebitda": 62000000,
    "ebitdaratio": 0.0329436769,
    "operatingIncome": -98000000,
    "operatingIncomeRatio": -0.0520722635,
    "totalOtherIncomeExpensesNet": -82000000,
    "incomeBeforeTax": -180000000,
    "incomeBeforeTaxRatio": -0.095642933,
    "incomeTaxExpense": -77000000,
    "netIncome": -103000000,
    "netIncomeRatio": -0.0547290117,
    "eps": -0.0267,
    "epsdiluted": -0.0267,
    "weightedAverageShsOut": 3851190000,
    "weightedAverageShsOutDil": 3851190000,
    "link": "https://www.sec.gov/Archives/edgar/data/277948/000119312503066861/0001193125-03-066861-index.htm",
    "finalLink": "https://www.sec.gov/Archives/edgar/data/277948/000119312503066861/d10q.htm"
  },
  {
    "date": "2003-06-27",
    "symbol": "CSX",
    "reportedCurrency": "USD",
    "cik": "0000277948",
    "fillingDate": "2003-07-30",
    "acceptedDate": "2003-07-30 16:27:20",
    "calendarYear": "2003",
    "period": "Q2",
    "revenue": 1942000000,
    "costOfRevenue": 950000000,
    "grossProfit": 992000000,
    "grossProfitRatio": 0.5108135942,
    "researchAndDevelopmentExpenses": 0,
    "generalAndAdministrativeExpenses": 807000000,
    "sellingAndMarketingExpenses": 0,
    "sellingGeneralAndAdministrativeExpenses": 807000000,
    "otherExpenses": -100000000,
    "operatingExpenses": 707000000,
    "costAndExpenses": 2737000000,
    "interestIncome": 0,
    "interestExpense": 105000000,
    "depreciationAndAmortization": 162000000,
    "ebitda": 285000000,
    "ebitdaratio": 0.1467559217,
    "operatingIncome": 285000000,
    "operatingIncomeRatio": 0.1467559217,
    "totalOtherIncomeExpensesNet": -86000000,
    "incomeBeforeTax": 199000000,
    "incomeBeforeTaxRatio": 0.1024716787,
    "incomeTaxExpense": 72000000,
    "netIncome": 127000000,
    "netIncomeRatio": 0.0653964985,
    "eps": 0.0328,
    "epsdiluted": 0.0328,
    "weightedAverageShsOut": 3849282000,
    "weightedAverageShsOutDil": 3857346000,
    "link": "https://www.sec.gov/Archives/edgar/data/277948/000119312503026402/0001193125-03-026402-index.htm",
    "finalLink": "https://www.sec.gov/Archives/edgar/data/277948/000119312503026402/d10q.htm"
  },
  {
    "date": "2003-03-28",
    "symbol": "CSX",
    "reportedCurrency": "USD",
    "cik": "0000277948",
    "fillingDate": "2003-04-30",
    "acceptedDate": "2003-04-30 16:59:47",
    "calendarYear": "2003",
    "period": "Q1",
    "revenue": 2016000000,
    "costOfRevenue": 1089000000,
    "grossProfit": 927000000,
    "grossProfitRatio": 0.4598214286,
    "researchAndDevelopmentExpenses": 0,
    "generalAndAdministrativeExpenses": 885000000,
    "sellingAndMarketingExpenses": 0,
    "sellingGeneralAndAdministrativeExpenses": 885000000,
    "otherExpenses": -135000000,
    "operatingExpenses": 750000000,
    "costAndExpenses": 3074000000,
    "interestIncome": 0,
    "interestExpense": 103000000,
    "depreciationAndAmortization": 160000000,
    "ebitda": 337000000,
    "ebitdaratio": 0.1671626984,
    "operatingIncome": 177000000,
    "operatingIncomeRatio": 0.087797619,
    "totalOtherIncomeExpensesNet": -113000000,
    "incomeBeforeTax": 64000000,
    "incomeBeforeTaxRatio": 0.0317460317,
    "incomeTaxExpense": 22000000,
    "netIncome": 99000000,
    "netIncomeRatio": 0.0491071429,
    "eps": 0.0256,
    "epsdiluted": 0.0256,
    "weightedAverageShsOut": 3849588000,
    "weightedAverageShsOutDil": 3854952000,
    "link": "https://www.sec.gov/Archives/edgar/data/277948/000091664103001210/0000916641-03-001210-index.htm",
    "finalLink": "https://www.sec.gov/Archives/edgar/data/277948/000091664103001210/d10q.htm"
  },
  {
    "date": "2002-12-27",
    "symbol": "CSX",
    "reportedCurrency": "USD",
    "cik": "0000277948",
    "fillingDate": "2003-02-26",
    "acceptedDate": "2003-02-26 12:21:53",
    "calendarYear": "2002",
    "period": "Q4",
    "revenue": 2060000000,
    "costOfRevenue": 980000000,
    "grossProfit": 1080000000,
    "grossProfitRatio": 0.5242718447,
    "researchAndDevelopmentExpenses": 0,
    "generalAndAdministrativeExpenses": 870000000,
    "sellingAndMarketingExpenses": 0,
    "sellingGeneralAndAdministrativeExpenses": 870000000,
    "otherExpenses": -108000000,
    "operatingExpenses": 762000000,
    "costAndExpenses": 2860000000,
    "interestIncome": 0,
    "interestExpense": 0,
    "depreciationAndAmortization": 172000000,
    "ebitda": -946000000,
    "ebitdaratio": -0.459223301,
    "operatingIncome": 318000000,
    "operatingIncomeRatio": 0.154368932,
    "totalOtherIncomeExpensesNet": 297000000,
    "incomeBeforeTax": 211000000,
    "incomeBeforeTaxRatio": 0.1024271845,
    "incomeTaxExpense": 74000000,
    "netIncome": 137000000,
    "netIncomeRatio": 0.0665048544,
    "eps": 0.0356,
    "epsdiluted": 0.0356,
    "weightedAverageShsOut": 3838896000,
    "weightedAverageShsOutDil": 3846300000,
    "link": "https://www.sec.gov/Archives/edgar/data/277948/000091664103000356/0000916641-03-000356-index.htm",
    "finalLink": "https://www.sec.gov/Archives/edgar/data/277948/000091664103000356/d10k.htm"
  },
  {
    "date": "2002-09-27",
    "symbol": "CSX",
    "reportedCurrency": "USD",
    "cik": "0000277948",
    "fillingDate": "2002-10-28",
    "acceptedDate": "2002-10-28 11:55:40",
    "calendarYear": "2002",
    "period": "Q3",
    "revenue": 2055000000,
    "costOfRevenue": 1057000000,
    "grossProfit": 998000000,
    "grossProfitRatio": 0.4856447689,
    "researchAndDevelopmentExpenses": 0,
    "generalAndAdministrativeExpenses": 881000000,
    "sellingAndMarketingExpenses": 0,
    "sellingGeneralAndAdministrativeExpenses": 881000000,
    "otherExpenses": -159000000,
    "operatingExpenses": 722000000,
    "costAndExpenses": 2997000000,
    "interestIncome": 0,
    "interestExpense": 108000000,
    "depreciationAndAmortization": 165000000,
    "ebitda": -490000000,
    "ebitdaratio": -0.2384428224,
    "operatingIncome": 276000000,
    "operatingIncomeRatio": 0.1343065693,
    "totalOtherIncomeExpensesNet": -80000000,
    "incomeBeforeTax": 196000000,
    "incomeBeforeTaxRatio": 0.095377129,
    "incomeTaxExpense": 69000000,
    "netIncome": 127000000,
    "netIncomeRatio": 0.0618004866,
    "eps": 0.0333,
    "epsdiluted": 0.0333,
    "weightedAverageShsOut": 3834738000,
    "weightedAverageShsOutDil": 3845394000,
    "link": "https://www.sec.gov/Archives/edgar/data/277948/000091664102001687/0000916641-02-001687-index.htm",
    "finalLink": "https://www.sec.gov/Archives/edgar/data/277948/000091664102001687/d10q.htm"
  },
  {
    "date": "2002-06-28",
    "symbol": "CSX",
    "reportedCurrency": "USD",
    "cik": "0000277948",
    "fillingDate": "2002-07-29",
    "acceptedDate": "2002-07-29 17:08:39",
    "calendarYear": "2002",
    "period": "Q2",
    "revenue": 2073000000,
    "costOfRevenue": 1033000000,
    "grossProfit": 1040000000,
    "grossProfitRatio": 0.5016883743,
    "researchAndDevelopmentExpenses": 0,
    "generalAndAdministrativeExpenses": 872000000,
    "sellingAndMarketingExpenses": 0,
    "sellingGeneralAndAdministrativeExpenses": 872000000,
    "otherExpenses": -153000000,
    "operatingExpenses": 719000000,
    "costAndExpenses": 2939000000,
    "interestIncome": 0,
    "interestExpense": 3000000,
    "depreciationAndAmortization": 157000000,
    "ebitda": 321000000,
    "ebitdaratio": 0.1548480463,
    "operatingIncome": 321000000,
    "operatingIncomeRatio": 0.1548480463,
    "totalOtherIncomeExpensesNet": -112000000,
    "incomeBeforeTax": 209000000,
    "incomeBeforeTaxRatio": 0.1008200675,
    "incomeTaxExpense": 74000000,
    "netIncome": 135000000,
    "netIncomeRatio": 0.0651230101,
    "eps": 0.035,
    "epsdiluted": 0.035,
    "weightedAverageShsOut": 3825990000,
    "weightedAverageShsOutDil": 3843738000,
    "link": "https://www.sec.gov/Archives/edgar/data/277948/000091664102001136/0000916641-02-001136-index.htm",
    "finalLink": "https://www.sec.gov/Archives/edgar/data/277948/000091664102001136/d10q.htm"
  },
  {
    "date": "2002-03-29",
    "symbol": "CSX",
    "reportedCurrency": "USD",
    "cik": "0000277948",
    "fillingDate": "2002-05-03",
    "acceptedDate": "2002-05-03 15:51:14",
    "calendarYear": "2002",
    "period": "Q1",
    "revenue": 1964000000,
    "costOfRevenue": 1019000000,
    "grossProfit": 945000000,
    "grossProfitRatio": 0.4811608961,
    "researchAndDevelopmentExpenses": 0,
    "generalAndAdministrativeExpenses": 885000000,
    "sellingAndMarketingExpenses": 0,
    "sellingGeneralAndAdministrativeExpenses": 885000000,
    "otherExpenses": -152000000,
    "operatingExpenses": 733000000,
    "costAndExpenses": 2923000000,
    "interestIncome": 0,
    "interestExpense": 0,
    "depreciationAndAmortization": 155000000,
    "ebitda": -539000000,
    "ebitdaratio": -0.2744399185,
    "operatingIncome": 212000000,
    "operatingIncomeRatio": 0.1079429735,
    "totalOtherIncomeExpensesNet": -105000000,
    "incomeBeforeTax": 107000000,
    "incomeBeforeTaxRatio": 0.0544806517,
    "incomeTaxExpense": 39000000,
    "netIncome": 25000000,
    "netIncomeRatio": 0.0127291242,
    "eps": 0.0067,
    "epsdiluted": 0.0067,
    "weightedAverageShsOut": 3816954000,
    "weightedAverageShsOutDil": 3837420000,
    "link": "https://www.sec.gov/Archives/edgar/data/277948/000091664102000687/0000916641-02-000687-index.htm",
    "finalLink": "https://www.sec.gov/Archives/edgar/data/277948/000091664102000687/d10q.txt"
  },
  {
    "date": "2001-12-28",
    "symbol": "CSX",
    "reportedCurrency": "USD",
    "cik": "0000277948",
    "fillingDate": "2002-03-04",
    "acceptedDate": "2002-03-04 00:00:00",
    "calendarYear": "2001",
    "period": "Q4",
    "revenue": 2009000000,
    "costOfRevenue": 994000000,
    "grossProfit": 1015000000,
    "grossProfitRatio": 0.5052264808,
    "researchAndDevelopmentExpenses": 0,
    "generalAndAdministrativeExpenses": 881000000,
    "sellingAndMarketingExpenses": 0,
    "sellingGeneralAndAdministrativeExpenses": 881000000,
    "otherExpenses": -87000000,
    "operatingExpenses": 794000000,
    "costAndExpenses": 2871000000,
    "interestIncome": 0,
    "interestExpense": 0,
    "depreciationAndAmortization": 153000000,
    "ebitda": -709000000,
    "ebitdaratio": -0.3529118965,
    "operatingIncome": 221000000,
    "operatingIncomeRatio": 0.1100049776,
    "totalOtherIncomeExpensesNet": -124000000,
    "incomeBeforeTax": 97000000,
    "incomeBeforeTaxRatio": 0.0482827277,
    "incomeTaxExpense": 32000000,
    "netIncome": 65000000,
    "netIncomeRatio": 0.0323544052,
    "eps": 0.017,
    "epsdiluted": 0.017,
    "weightedAverageShsOut": 3828600000,
    "weightedAverageShsOutDil": 3828600000,
    "link": "https://www.sec.gov/Archives/edgar/data/277948/000091664102000350/0000916641-02-000350-index.htm",
    "finalLink": "https://www.sec.gov/Archives/edgar/data/277948/000091664102000350/d10k.txt"
  },
  {
    "date": "2001-09-28",
    "symbol": "CSX",
    "reportedCurrency": "USD",
    "cik": "0000277948",
    "fillingDate": "2001-11-07",
    "acceptedDate": "2001-11-07 00:00:00",
    "calendarYear": "2001",
    "period": "Q3",
    "revenue": 2019000000,
    "costOfRevenue": 1027000000,
    "grossProfit": 992000000,
    "grossProfitRatio": 0.4913323427,
    "researchAndDevelopmentExpenses": 0,
    "generalAndAdministrativeExpenses": 866000000,
    "sellingAndMarketingExpenses": 0,
    "sellingGeneralAndAdministrativeExpenses": 866000000,
    "otherExpenses": -156000000,
    "operatingExpenses": 710000000,
    "costAndExpenses": 2919000000,
    "interestIncome": 0,
    "interestExpense": 0,
    "depreciationAndAmortization": 157000000,
    "ebitda": -743000000,
    "ebitdaratio": -0.3680039624,
    "operatingIncome": 282000000,
    "operatingIncomeRatio": 0.1396731055,
    "totalOtherIncomeExpensesNet": -125000000,
    "incomeBeforeTax": 157000000,
    "incomeBeforeTaxRatio": 0.077761268,
    "incomeTaxExpense": 57000000,
    "netIncome": 100000000,
    "netIncomeRatio": 0.04952947,
    "eps": 0.0261,
    "epsdiluted": 0.0261,
    "weightedAverageShsOut": 3813678000,
    "weightedAverageShsOutDil": 3826422000,
    "link": "https://www.sec.gov/Archives/edgar/data/277948/000091664101501469/0000916641-01-501469-index.htm",
    "finalLink": "https://www.sec.gov/Archives/edgar/data/277948/000091664101501469/d10q.txt"
  },
  {
    "date": "2001-06-29",
    "symbol": "CSX",
    "reportedCurrency": "USD",
    "cik": "0000277948",
    "fillingDate": "2001-08-09",
    "acceptedDate": "2001-08-09 00:00:00",
    "calendarYear": "2001",
    "period": "Q2",
    "revenue": 2057000000,
    "costOfRevenue": 1055000000,
    "grossProfit": 1002000000,
    "grossProfitRatio": 0.4871171609,
    "researchAndDevelopmentExpenses": 0,
    "generalAndAdministrativeExpenses": 902000000,
    "sellingAndMarketingExpenses": 0,
    "sellingGeneralAndAdministrativeExpenses": 902000000,
    "otherExpenses": -165000000,
    "operatingExpenses": 737000000,
    "costAndExpenses": 3006000000,
    "interestIncome": 0,
    "interestExpense": 0,
    "depreciationAndAmortization": 155000000,
    "ebitda": -794000000,
    "ebitdaratio": -0.3859990277,
    "operatingIncome": 265000000,
    "operatingIncomeRatio": 0.1288283909,
    "totalOtherIncomeExpensesNet": -98000000,
    "incomeBeforeTax": 167000000,
    "incomeBeforeTaxRatio": 0.0811861935,
    "incomeTaxExpense": 59000000,
    "netIncome": 108000000,
    "netIncomeRatio": 0.0525036461,
    "eps": 0.0283,
    "epsdiluted": 0.0283,
    "weightedAverageShsOut": 3810366000,
    "weightedAverageShsOutDil": 3824352000,
    "link": "https://www.sec.gov/Archives/edgar/data/277948/000091664101500861/0000916641-01-500861-index.htm",
    "finalLink": "https://www.sec.gov/Archives/edgar/data/277948/000091664101500861/d10qa.txt"
  },
  {
    "date": "2001-03-30",
    "symbol": "CSX",
    "reportedCurrency": "USD",
    "cik": "0000277948",
    "fillingDate": "2001-05-03",
    "acceptedDate": "2001-05-03 00:00:00",
    "calendarYear": "2001",
    "period": "Q1",
    "revenue": 2025000000,
    "costOfRevenue": 1107000000,
    "grossProfit": 918000000,
    "grossProfitRatio": 0.4533333333,
    "researchAndDevelopmentExpenses": 0,
    "generalAndAdministrativeExpenses": 891000000,
    "sellingAndMarketingExpenses": 0,
    "sellingGeneralAndAdministrativeExpenses": 891000000,
    "otherExpenses": -162000000,
    "operatingExpenses": 729000000,
    "costAndExpenses": 3098000000,
    "interestIncome": 0,
    "interestExpense": 0,
    "depreciationAndAmortization": 157000000,
    "ebitda": -916000000,
    "ebitdaratio": -0.452345679,
    "operatingIncome": 189000000,
    "operatingIncomeRatio": 0.0933333333,
    "totalOtherIncomeExpensesNet": -162000000,
    "incomeBeforeTax": 27000000,
    "incomeBeforeTaxRatio": 0.0133333333,
    "incomeTaxExpense": 7000000,
    "netIncome": 20000000,
    "netIncomeRatio": 0.0098765432,
    "eps": 0.0056,
    "epsdiluted": 0.0056,
    "weightedAverageShsOut": 3803382000,
    "weightedAverageShsOutDil": 3814146000,
    "link": "https://www.sec.gov/Archives/edgar/data/277948/000091664101500216/0000916641-01-500216-index.htm",
    "finalLink": "https://www.sec.gov/Archives/edgar/data/277948/000091664101500216/d10q.txt"
  },
  {
    "date": "2000-12-29",
    "symbol": "CSX",
    "reportedCurrency": "USD",
    "cik": "0000277948",
    "fillingDate": "2001-03-01",
    "acceptedDate": "2001-03-01 00:00:00",
    "calendarYear": "2000",
    "period": "Q4",
    "revenue": 2047000000,
    "costOfRevenue": 1149000000,
    "grossProfit": 898000000,
    "grossProfitRatio": 0.438690767,
    "researchAndDevelopmentExpenses": 0,
    "generalAndAdministrativeExpenses": 867000000,
    "sellingAndMarketingExpenses": 0,
    "sellingGeneralAndAdministrativeExpenses": 867000000,
    "otherExpenses": -187000000,
    "operatingExpenses": 680000000,
    "costAndExpenses": 3143000000,
    "interestIncome": 0,
    "interestExpense": 0,
    "depreciationAndAmortization": 155000000,
    "ebitda": -941000000,
    "ebitdaratio": -0.4596971177,
    "operatingIncome": 218000000,
    "operatingIncomeRatio": 0.1064973131,
    "totalOtherIncomeExpensesNet": -137000000,
    "incomeBeforeTax": 81000000,
    "incomeBeforeTaxRatio": 0.0395701026,
    "incomeTaxExpense": 27000000,
    "netIncome": 54000000,
    "netIncomeRatio": 0.0263800684,
    "eps": 0.0142,
    "epsdiluted": 0.0142,
    "weightedAverageShsOut": 3794400000,
    "weightedAverageShsOutDil": 3794400000,
    "link": "https://www.sec.gov/Archives/edgar/data/277948/000102140801001422/0001021408-01-001422-index.htm",
    "finalLink": "https://www.sec.gov/Archives/edgar/data/277948/000102140801001422/0001021408-01-001422-0001.txt"
  },
  {
    "date": "2000-09-29",
    "symbol": "CSX",
    "reportedCurrency": "USD",
    "cik": "0000277948",
    "fillingDate": "2000-11-02",
    "acceptedDate": "2000-11-02 00:00:00",
    "calendarYear": "2000",
    "period": "Q3",
    "revenue": 2039000000,
    "costOfRevenue": 1138000000,
    "grossProfit": 901000000,
    "grossProfitRatio": 0.4418832761,
    "researchAndDevelopmentExpenses": 0,
    "generalAndAdministrativeExpenses": 878000000,
    "sellingAndMarketingExpenses": 0,
    "sellingGeneralAndAdministrativeExpenses": 878000000,
    "otherExpenses": -201000000,
    "operatingExpenses": 677000000,
    "costAndExpenses": 3122000000,
    "interestIncome": 0,
    "interestExpense": 0,
    "depreciationAndAmortization": 152000000,
    "ebitda": -356000000,
    "ebitdaratio": -0.1745953899,
    "operatingIncome": 224000000,
    "operatingIncomeRatio": 0.1098577734,
    "totalOtherIncomeExpensesNet": -137000000,
    "incomeBeforeTax": 87000000,
    "incomeBeforeTaxRatio": 0.0426679745,
    "incomeTaxExpense": 28000000,
    "netIncome": 427000000,
    "netIncomeRatio": 0.2094163806,
    "eps": 0.11,
    "epsdiluted": 0.11,
    "weightedAverageShsOut": 3796812000,
    "weightedAverageShsOutDil": 3802572000,
    "link": "https://www.sec.gov/Archives/edgar/data/277948/000027794800000025/0000277948-00-000025-index.htm",
    "finalLink": "https://www.sec.gov/Archives/edgar/data/277948/000027794800000025/0000277948-00-000025-0001.txt"
  },
  {
    "date": "2000-06-30",
    "symbol": "CSX",
    "reportedCurrency": "USD",
    "cik": "0000277948",
    "fillingDate": "2000-08-04",
    "acceptedDate": "2000-08-04 00:00:00",
    "calendarYear": "2000",
    "period": "Q2",
    "revenue": 2190000000,
    "costOfRevenue": 1279000000,
    "grossProfit": 911000000,
    "grossProfitRatio": 0.4159817352,
    "researchAndDevelopmentExpenses": 0,
    "generalAndAdministrativeExpenses": 962000000,
    "sellingAndMarketingExpenses": 0,
    "sellingGeneralAndAdministrativeExpenses": 962000000,
    "otherExpenses": -102000000,
    "operatingExpenses": 860000000,
    "costAndExpenses": 3463000000,
    "interestIncome": 0,
    "interestExpense": 0,
    "depreciationAndAmortization": 146000000,
    "ebitda": -530000000,
    "ebitdaratio": -0.2420091324,
    "operatingIncome": 201000000,
    "operatingIncomeRatio": 0.0917808219,
    "totalOtherIncomeExpensesNet": -127000000,
    "incomeBeforeTax": 87000000,
    "incomeBeforeTaxRatio": 0.0397260274,
    "incomeTaxExpense": 32000000,
    "netIncome": 55000000,
    "netIncomeRatio": 0.0251141553,
    "eps": 0.0144,
    "epsdiluted": 0.0144,
    "weightedAverageShsOut": 3798288000,
    "weightedAverageShsOutDil": 3801798000,
    "link": "https://www.sec.gov/Archives/edgar/data/277948/000027794800000015/0000277948-00-000015-index.htm",
    "finalLink": "https://www.sec.gov/Archives/edgar/data/277948/000027794800000015/0000277948-00-000015-0001.txt"
  },
  {
    "date": "2000-03-31",
    "symbol": "CSX",
    "reportedCurrency": "USD",
    "cik": "0000277948",
    "fillingDate": "2000-05-12",
    "acceptedDate": "2000-05-12 00:00:00",
    "calendarYear": "2000",
    "period": "Q1",
    "revenue": 2147000000,
    "costOfRevenue": 1248000000,
    "grossProfit": 899000000,
    "grossProfitRatio": 0.4187238007,
    "researchAndDevelopmentExpenses": 0,
    "generalAndAdministrativeExpenses": 978000000,
    "sellingAndMarketingExpenses": 0,
    "sellingGeneralAndAdministrativeExpenses": 978000000,
    "otherExpenses": -119000000,
    "operatingExpenses": 859000000,
    "costAndExpenses": 3415000000,
    "interestIncome": 0,
    "interestExpense": 0,
    "depreciationAndAmortization": 147000000,
    "ebitda": -527000000,
    "ebitdaratio": -0.2454587797,
    "operatingIncome": 180000000,
    "operatingIncomeRatio": 0.0838379134,
    "totalOtherIncomeExpensesNet": -145000000,
    "incomeBeforeTax": 41000000,
    "incomeBeforeTaxRatio": 0.0190964136,
    "incomeTaxExpense": 12000000,
    "netIncome": 29000000,
    "netIncomeRatio": 0.0135072194,
    "eps": 0.0078,
    "epsdiluted": 0.0078,
    "weightedAverageShsOut": 3801456000,
    "weightedAverageShsOutDil": 3816270000,
    "link": "https://www.sec.gov/Archives/edgar/data/277948/000027794800000007/0000277948-00-000007-index.html",
    "finalLink": "https://www.sec.gov/Archives/edgar/data/277948/000027794800000007/"
  },
  {
    "date": "1999-12-31",
    "symbol": "CSX",
    "reportedCurrency": "USD",
    "cik": "0000277948",
    "fillingDate": "2000-03-07",
    "acceptedDate": "2000-03-07 00:00:00",
    "calendarYear": "1999",
    "period": "Q4",
    "revenue": 2748000000,
    "costOfRevenue": -693000000,
    "grossProfit": 3441000000,
    "grossProfitRatio": 1.2521834061,
    "researchAndDevelopmentExpenses": 0,
    "generalAndAdministrativeExpenses": -1997000000,
    "sellingAndMarketingExpenses": 0,
    "sellingGeneralAndAdministrativeExpenses": -1997000000,
    "otherExpenses": 5044000000,
    "operatingExpenses": 3047000000,
    "costAndExpenses": 2354000000,
    "interestIncome": 0,
    "interestExpense": 0,
    "depreciationAndAmortization": 1088000000,
    "ebitda": 1482000000,
    "ebitdaratio": 0.53930131,
    "operatingIncome": 394000000,
    "operatingIncomeRatio": 0.1433770015,
    "totalOtherIncomeExpensesNet": -435000000,
    "incomeBeforeTax": -41000000,
    "incomeBeforeTaxRatio": -0.0149199418,
    "incomeTaxExpense": -16000000,
    "netIncome": -25000000,
    "netIncomeRatio": -0.0090975255,
    "eps": -0.0067,
    "epsdiluted": -0.0067,
    "weightedAverageShsOut": 3726300000,
    "weightedAverageShsOutDil": 3726300000,
    "link": "https://www.sec.gov/Archives/edgar/data/277948/000027794800000001/0000277948-00-000001-index.html",
    "finalLink": "https://www.sec.gov/Archives/edgar/data/277948/000027794800000001/"
  },
  {
    "date": "1999-10-01",
    "symbol": "CSX",
    "reportedCurrency": "USD",
    "cik": "0000277948",
    "fillingDate": "1999-11-15",
    "acceptedDate": "1999-11-15 00:00:00",
    "calendarYear": "1999",
    "period": "Q3",
    "revenue": 2906000000,
    "costOfRevenue": 1716000000,
    "grossProfit": 1190000000,
    "grossProfitRatio": 0.4094975912,
    "researchAndDevelopmentExpenses": 0,
    "generalAndAdministrativeExpenses": 1222000000,
    "sellingAndMarketingExpenses": 0,
    "sellingGeneralAndAdministrativeExpenses": 1222000000,
    "otherExpenses": 1104000000,
    "operatingExpenses": 2326000000,
    "costAndExpenses": 4042000000,
    "interestIncome": 0,
    "interestExpense": 0,
    "depreciationAndAmortization": -141000000,
    "ebitda": -888000000,
    "ebitdaratio": -0.3055746731,
    "operatingIncome": -1136000000,
    "operatingIncomeRatio": -0.3909153476,
    "totalOtherIncomeExpensesNet": 920000000,
    "incomeBeforeTax": -98000000,
    "incomeBeforeTaxRatio": -0.033723331,
    "incomeTaxExpense": 15000000,
    "netIncome": -113000000,
    "netIncomeRatio": -0.0388850654,
    "eps": -0.03,
    "epsdiluted": -0.03,
    "weightedAverageShsOut": 3766666667,
    "weightedAverageShsOutDil": 3766666667,
    "link": "https://www.sec.gov/Archives/edgar/data/277948/000027794899000011/0000277948-99-000011-index.html",
    "finalLink": "https://www.sec.gov/Archives/edgar/data/277948/000027794899000011/"
  },
  {
    "date": "1999-07-02",
    "symbol": "CSX",
    "reportedCurrency": "USD",
    "cik": "0000277948",
    "fillingDate": "1999-08-06",
    "acceptedDate": "1999-08-06 00:00:00",
    "calendarYear": "1999",
    "period": "Q2",
    "revenue": 2616000000,
    "costOfRevenue": 1563000000,
    "grossProfit": 1053000000,
    "grossProfitRatio": 0.4025229358,
    "researchAndDevelopmentExpenses": 0,
    "generalAndAdministrativeExpenses": 1132000000,
    "sellingAndMarketingExpenses": 0,
    "sellingGeneralAndAdministrativeExpenses": 1132000000,
    "otherExpenses": 1063000000,
    "operatingExpenses": 2195000000,
    "costAndExpenses": 3758000000,
    "interestIncome": 0,
    "interestExpense": 0,
    "depreciationAndAmortization": -159000000,
    "ebitda": -983000000,
    "ebitdaratio": -0.375764526,
    "operatingIncome": -1142000000,
    "operatingIncomeRatio": -0.4365443425,
    "totalOtherIncomeExpensesNet": 1312000000,
    "incomeBeforeTax": 170000000,
    "incomeBeforeTaxRatio": 0.0649847095,
    "incomeTaxExpense": 56000000,
    "netIncome": 114000000,
    "netIncomeRatio": 0.0435779817,
    "eps": 0.03,
    "epsdiluted": 0.0294,
    "weightedAverageShsOut": 3789306000,
    "weightedAverageShsOutDil": 3836826000,
    "link": "https://www.sec.gov/Archives/edgar/data/277948/000027794899000010/0000277948-99-000010-index.html",
    "finalLink": "https://www.sec.gov/Archives/edgar/data/277948/000027794899000010/"
  },
  {
    "date": "1999-04-02",
    "symbol": "CSX",
    "reportedCurrency": "USD",
    "cik": "0000277948",
    "fillingDate": "1999-05-04",
    "acceptedDate": "1999-05-04 00:00:00",
    "calendarYear": "1999",
    "period": "Q1",
    "revenue": 2541000000,
    "costOfRevenue": 1578000000,
    "grossProfit": 963000000,
    "grossProfitRatio": 0.3789846517,
    "researchAndDevelopmentExpenses": 0,
    "generalAndAdministrativeExpenses": 1134000000,
    "sellingAndMarketingExpenses": 0,
    "sellingGeneralAndAdministrativeExpenses": 1134000000,
    "otherExpenses": 1045000000,
    "operatingExpenses": 2179000000,
    "costAndExpenses": 3757000000,
    "interestIncome": 0,
    "interestExpense": 0,
    "depreciationAndAmortization": -167000000,
    "ebitda": -1049000000,
    "ebitdaratio": -0.4128295946,
    "operatingIncome": -1216000000,
    "operatingIncomeRatio": -0.4785517513,
    "totalOtherIncomeExpensesNet": 1324000000,
    "incomeBeforeTax": 108000000,
    "incomeBeforeTaxRatio": 0.0425029516,
    "incomeTaxExpense": 33000000,
    "netIncome": 26000000,
    "netIncomeRatio": 0.0102321921,
    "eps": 0.0067,
    "epsdiluted": 0.0067,
    "weightedAverageShsOut": 3782232000,
    "weightedAverageShsOutDil": 3809844000,
    "link": "https://www.sec.gov/Archives/edgar/data/277948/000027794899000006/0000277948-99-000006-index.html",
    "finalLink": "https://www.sec.gov/Archives/edgar/data/277948/"
  },
  {
    "date": "1998-12-25",
    "symbol": "CSX",
    "reportedCurrency": "USD",
    "cik": "0000277948",
    "fillingDate": "1999-03-03",
    "acceptedDate": "1999-03-03 00:00:00",
    "calendarYear": "1998",
    "period": "Q4",
    "revenue": 2511000000,
    "costOfRevenue": 1594000000,
    "grossProfit": 917000000,
    "grossProfitRatio": 0.3651931501,
    "researchAndDevelopmentExpenses": 0,
    "generalAndAdministrativeExpenses": 1079000000,
    "sellingAndMarketingExpenses": 0,
    "sellingGeneralAndAdministrativeExpenses": 1079000000,
    "otherExpenses": 2715000000,
    "operatingExpenses": 3794000000,
    "costAndExpenses": 5388000000,
    "interestIncome": 0,
    "interestExpense": 0,
    "depreciationAndAmortization": 1087000000,
    "ebitda": -1790000000,
    "ebitdaratio": -0.712863401,
    "operatingIncome": -2877000000,
    "operatingIncomeRatio": -1.1457586619,
    "totalOtherIncomeExpensesNet": 3021000000,
    "incomeBeforeTax": 144000000,
    "incomeBeforeTaxRatio": 0.0573476703,
    "incomeTaxExpense": 36000000,
    "netIncome": 108000000,
    "netIncomeRatio": 0.0430107527,
    "eps": 0.0282,
    "epsdiluted": 0.0282,
    "weightedAverageShsOut": 3786009340,
    "weightedAverageShsOutDil": 3828000000,
    "link": "https://www.sec.gov/Archives/edgar/data/277948/000027794899000002/0000277948-99-000002-index.html",
    "finalLink": "https://www.sec.gov/Archives/edgar/data/277948/"
  },
  {
    "date": "1998-09-25",
    "symbol": "CSX",
    "reportedCurrency": "USD",
    "cik": "0000277948",
    "fillingDate": "1998-11-09",
    "acceptedDate": "1998-11-09 00:00:00",
    "calendarYear": "1998",
    "period": "Q3",
    "revenue": 2432000000,
    "costOfRevenue": 1530000000,
    "grossProfit": 902000000,
    "grossProfitRatio": 0.3708881579,
    "researchAndDevelopmentExpenses": 0,
    "generalAndAdministrativeExpenses": 1058000000,
    "sellingAndMarketingExpenses": 0,
    "sellingGeneralAndAdministrativeExpenses": 1058000000,
    "otherExpenses": 1043000000,
    "operatingExpenses": 2101000000,
    "costAndExpenses": 3631000000,
    "interestIncome": 0,
    "interestExpense": 0,
    "depreciationAndAmortization": -132000000,
    "ebitda": 377000000,
    "ebitdaratio": 0.1550164474,
    "operatingIncome": -1199000000,
    "operatingIncomeRatio": -0.4930098684,
    "totalOtherIncomeExpensesNet": 48000000,
    "incomeBeforeTax": 288000000,
    "incomeBeforeTaxRatio": 0.1184210526,
    "incomeTaxExpense": 101000000,
    "netIncome": 187000000,
    "netIncomeRatio": 0.0768914474,
    "eps": 0.0494,
    "epsdiluted": 0.0489,
    "weightedAverageShsOut": 3782022472,
    "weightedAverageShsOutDil": 3825000000,
    "link": "https://www.sec.gov/Archives/edgar/data/277948/000027794898000026/0000277948-98-000026-index.html",
    "finalLink": "https://www.sec.gov/Archives/edgar/data/277948/"
  },
  {
    "date": "1998-06-26",
    "symbol": "CSX",
    "reportedCurrency": "USD",
    "cik": "0000277948",
    "fillingDate": "1998-08-07",
    "acceptedDate": "1998-08-07 00:00:00",
    "calendarYear": "1998",
    "period": "Q2",
    "revenue": 2642000000,
    "costOfRevenue": 1614000000,
    "grossProfit": 1028000000,
    "grossProfitRatio": 0.3890991673,
    "researchAndDevelopmentExpenses": 0,
    "generalAndAdministrativeExpenses": 1075000000,
    "sellingAndMarketingExpenses": 0,
    "sellingGeneralAndAdministrativeExpenses": 1075000000,
    "otherExpenses": 1104000000,
    "operatingExpenses": 2179000000,
    "costAndExpenses": 3793000000,
    "interestIncome": 0,
    "interestExpense": 0,
    "depreciationAndAmortization": -162000000,
    "ebitda": -1512000000,
    "ebitdaratio": -0.5722937169,
    "operatingIncome": -1151000000,
    "operatingIncomeRatio": -0.435654807,
    "totalOtherIncomeExpensesNet": 1366000000,
    "incomeBeforeTax": 215000000,
    "incomeBeforeTaxRatio": 0.0813777441,
    "incomeTaxExpense": 64000000,
    "netIncome": 151000000,
    "netIncomeRatio": 0.0571536715,
    "eps": 0.0383,
    "epsdiluted": 0.0378,
    "weightedAverageShsOut": 3939130435,
    "weightedAverageShsOutDil": 3997058824,
    "link": "https://www.sec.gov/Archives/edgar/data/277948/000027794898000021/0000277948-98-000021-index.html",
    "finalLink": "https://www.sec.gov/Archives/edgar/data/277948/"
  },
  {
    "date": "1998-03-27",
    "symbol": "CSX",
    "reportedCurrency": "USD",
    "cik": "0000277948",
    "fillingDate": "1998-04-24",
    "acceptedDate": "1998-04-24 00:00:00",
    "calendarYear": "1998",
    "period": "Q1",
    "revenue": 2580000000,
    "costOfRevenue": 1551000000,
    "grossProfit": 1029000000,
    "grossProfitRatio": 0.3988372093,
    "researchAndDevelopmentExpenses": 0,
    "generalAndAdministrativeExpenses": 1121000000,
    "sellingAndMarketingExpenses": 0,
    "sellingGeneralAndAdministrativeExpenses": 1121000000,
    "otherExpenses": 1049000000,
    "operatingExpenses": 2170000000,
    "costAndExpenses": 3721000000,
    "interestIncome": 0,
    "interestExpense": 0,
    "depreciationAndAmortization": -163000000,
    "ebitda": -1594000000,
    "ebitdaratio": -0.6178294574,
    "operatingIncome": -1141000000,
    "operatingIncomeRatio": -0.442248062,
    "totalOtherIncomeExpensesNet": 1270000000,
    "incomeBeforeTax": 129000000,
    "incomeBeforeTaxRatio": 0.05,
    "incomeTaxExpense": 38000000,
    "netIncome": 91000000,
    "netIncomeRatio": 0.0352713178,
    "eps": 0.0233,
    "epsdiluted": 0.0228,
    "weightedAverageShsOut": 3900000000,
    "weightedAverageShsOutDil": 3995121951,
    "link": "https://www.sec.gov/Archives/edgar/data/277948/000027794898000007/0000277948-98-000007-index.html",
    "finalLink": "https://www.sec.gov/Archives/edgar/data/277948/"
  },
  {
    "date": "1997-12-26",
    "symbol": "CSX",
    "reportedCurrency": "USD",
    "cik": "0000277948",
    "fillingDate": "1998-02-18",
    "acceptedDate": "1998-02-18 00:00:00",
    "calendarYear": "1997",
    "period": "Q4",
    "revenue": 2727000000,
    "costOfRevenue": 1599000000,
    "grossProfit": 1128000000,
    "grossProfitRatio": 0.4136413641,
    "researchAndDevelopmentExpenses": 0,
    "generalAndAdministrativeExpenses": 1090000000,
    "sellingAndMarketingExpenses": 0,
    "sellingGeneralAndAdministrativeExpenses": 1090000000,
    "otherExpenses": 2726000000,
    "operatingExpenses": 3816000000,
    "costAndExpenses": 5415000000,
    "interestIncome": 0,
    "interestExpense": 0,
    "depreciationAndAmortization": 1158000000,
    "ebitda": -1530000000,
    "ebitdaratio": -0.5610561056,
    "operatingIncome": -2688000000,
    "operatingIncomeRatio": -0.9856985699,
    "totalOtherIncomeExpensesNet": 2998000000,
    "incomeBeforeTax": 310000000,
    "incomeBeforeTaxRatio": 0.1136780345,
    "incomeTaxExpense": 95000000,
    "netIncome": 215000000,
    "netIncomeRatio": 0.0788412175,
    "eps": 0.0531,
    "epsdiluted": 0.0531,
    "weightedAverageShsOut": 3989700000,
    "weightedAverageShsOutDil": 3989700000,
    "link": "https://www.sec.gov/Archives/edgar/data/277948/000027794898000001/0000277948-98-000001-index.html",
    "finalLink": "https://www.sec.gov/Archives/edgar/data/277948/"
  },
  {
    "date": "1997-09-26",
    "symbol": "CSX",
    "reportedCurrency": "USD",
    "cik": "0000277948",
    "fillingDate": "1997-10-29",
    "acceptedDate": "1997-10-29 00:00:00",
    "calendarYear": "1997",
    "period": "Q3",
    "revenue": 2649000000,
    "costOfRevenue": 1567000000,
    "grossProfit": 1082000000,
    "grossProfitRatio": 0.4084560211,
    "researchAndDevelopmentExpenses": 0,
    "generalAndAdministrativeExpenses": 1091000000,
    "sellingAndMarketingExpenses": 0,
    "sellingGeneralAndAdministrativeExpenses": 1091000000,
    "otherExpenses": 1045000000,
    "operatingExpenses": 2136000000,
    "costAndExpenses": 3703000000,
    "interestIncome": 0,
    "interestExpense": 0,
    "depreciationAndAmortization": -157000000,
    "ebitda": -1537000000,
    "ebitdaratio": -0.5802189505,
    "operatingIncome": -1054000000,
    "operatingIncomeRatio": -0.3978859947,
    "totalOtherIncomeExpensesNet": 1354000000,
    "incomeBeforeTax": 300000000,
    "incomeBeforeTaxRatio": 0.1132502831,
    "incomeTaxExpense": 94000000,
    "netIncome": 206000000,
    "netIncomeRatio": 0.0777651944,
    "eps": 0.0528,
    "epsdiluted": 0.0517,
    "weightedAverageShsOut": 3903157895,
    "weightedAverageShsOutDil": 3987096774,
    "link": "https://www.sec.gov/Archives/edgar/data/277948/000027794897000023/0000277948-97-000023-index.html",
    "finalLink": "https://www.sec.gov/Archives/edgar/data/277948/"
  },
  {
    "date": "1997-06-27",
    "symbol": "CSX",
    "reportedCurrency": "USD",
    "cik": "0000277948",
    "fillingDate": "1997-07-25",
    "acceptedDate": "1997-07-25 00:00:00",
    "calendarYear": "1997",
    "period": "Q2",
    "revenue": 2678000000,
    "costOfRevenue": 1561000000,
    "grossProfit": 1117000000,
    "grossProfitRatio": 0.4171023152,
    "researchAndDevelopmentExpenses": 0,
    "generalAndAdministrativeExpenses": 1077000000,
    "sellingAndMarketingExpenses": 0,
    "sellingGeneralAndAdministrativeExpenses": 1077000000,
    "otherExpenses": 1034000000,
    "operatingExpenses": 2111000000,
    "costAndExpenses": 3672000000,
    "interestIncome": 0,
    "interestExpense": 0,
    "depreciationAndAmortization": -157000000,
    "ebitda": -1456000000,
    "ebitdaratio": -0.5436893204,
    "operatingIncome": -994000000,
    "operatingIncomeRatio": -0.3711725168,
    "totalOtherIncomeExpensesNet": 1334000000,
    "incomeBeforeTax": 340000000,
    "incomeBeforeTaxRatio": 0.1269604182,
    "incomeTaxExpense": 113000000,
    "netIncome": 227000000,
    "netIncomeRatio": 0.0847647498,
    "eps": 0.0578,
    "epsdiluted": 0.0572,
    "weightedAverageShsOut": 3928846154,
    "weightedAverageShsOutDil": 3966990291,
    "link": "https://www.sec.gov/Archives/edgar/data/277948/000027794897000018/0000277948-97-000018-index.html",
    "finalLink": "https://www.sec.gov/Archives/edgar/data/277948/"
  },
  {
    "date": "1997-03-28",
    "symbol": "CSX",
    "reportedCurrency": "USD",
    "cik": "0000277948",
    "fillingDate": "1997-04-24",
    "acceptedDate": "1997-04-24 00:00:00",
    "calendarYear": "1997",
    "period": "Q1",
    "revenue": 2567000000,
    "costOfRevenue": 1576000000,
    "grossProfit": 991000000,
    "grossProfitRatio": 0.3860537593,
    "researchAndDevelopmentExpenses": 0,
    "generalAndAdministrativeExpenses": 1079000000,
    "sellingAndMarketingExpenses": 0,
    "sellingGeneralAndAdministrativeExpenses": 1079000000,
    "otherExpenses": 1007000000,
    "operatingExpenses": 2086000000,
    "costAndExpenses": 3662000000,
    "interestIncome": 0,
    "interestExpense": 0,
    "depreciationAndAmortization": -156000000,
    "ebitda": -1601000000,
    "ebitdaratio": -0.6236852357,
    "operatingIncome": -1095000000,
    "operatingIncomeRatio": -0.4265679782,
    "totalOtherIncomeExpensesNet": 1328000000,
    "incomeBeforeTax": 233000000,
    "incomeBeforeTaxRatio": 0.0907674328,
    "incomeTaxExpense": 82000000,
    "netIncome": 151000000,
    "netIncomeRatio": 0.0588235294,
    "eps": 0.0389,
    "epsdiluted": 0.0383,
    "weightedAverageShsOut": 3882857143,
    "weightedAverageShsOutDil": 3939130435,
    "link": "https://www.sec.gov/Archives/edgar/data/277948/000027794897000012/0000277948-97-000012-index.html",
    "finalLink": "https://www.sec.gov/Archives/edgar/data/277948/"
  },
  {
    "date": "1996-12-27",
    "symbol": "CSX",
    "reportedCurrency": "USD",
    "cik": "0000277948",
    "fillingDate": "1997-03-14",
    "acceptedDate": "1997-03-14 00:00:00",
    "calendarYear": "1996",
    "period": "Q4",
    "revenue": 2703000000,
    "costOfRevenue": 1625000000,
    "grossProfit": 1078000000,
    "grossProfitRatio": 0.3988161302,
    "researchAndDevelopmentExpenses": 0,
    "generalAndAdministrativeExpenses": 1067000000,
    "sellingAndMarketingExpenses": 0,
    "sellingGeneralAndAdministrativeExpenses": 1067000000,
    "otherExpenses": 2758000000,
    "operatingExpenses": 3825000000,
    "costAndExpenses": 5450000000,
    "interestIncome": 0,
    "interestExpense": 0,
    "depreciationAndAmortization": 1076000000,
    "ebitda": -1671000000,
    "ebitdaratio": -0.6182019978,
    "operatingIncome": -2747000000,
    "operatingIncomeRatio": -1.0162782094,
    "totalOtherIncomeExpensesNet": 3136000000,
    "incomeBeforeTax": 389000000,
    "incomeBeforeTaxRatio": 0.1439141694,
    "incomeTaxExpense": 136000000,
    "netIncome": 253000000,
    "netIncomeRatio": 0.093599704,
    "eps": 0.0641,
    "epsdiluted": 0.0641,
    "weightedAverageShsOut": 3902700000,
    "weightedAverageShsOutDil": 3902700000,
    "link": "https://www.sec.gov/Archives/edgar/data/277948/000027794897000004/0000277948-97-000004-index.html",
    "finalLink": "https://www.sec.gov/Archives/edgar/data/277948/"
  },
  {
    "date": "1996-09-27",
    "symbol": "CSX",
    "reportedCurrency": "USD",
    "cik": "0000277948",
    "fillingDate": "1996-10-31",
    "acceptedDate": "1996-10-31 00:00:00",
    "calendarYear": "1996",
    "period": "Q3",
    "revenue": 2647000000,
    "costOfRevenue": 1600000000,
    "grossProfit": 1047000000,
    "grossProfitRatio": 0.3955421232,
    "researchAndDevelopmentExpenses": 0,
    "generalAndAdministrativeExpenses": 1070000000,
    "sellingAndMarketingExpenses": 0,
    "sellingGeneralAndAdministrativeExpenses": 1070000000,
    "otherExpenses": 1057000000,
    "operatingExpenses": 2127000000,
    "costAndExpenses": 3727000000,
    "interestIncome": 0,
    "interestExpense": 0,
    "depreciationAndAmortization": -149000000,
    "ebitda": -1565000000,
    "ebitdaratio": -0.5912353608,
    "operatingIncome": -1080000000,
    "operatingIncomeRatio": -0.4080090669,
    "totalOtherIncomeExpensesNet": 1423000000,
    "incomeBeforeTax": 343000000,
    "incomeBeforeTaxRatio": 0.1295806573,
    "incomeTaxExpense": 121000000,
    "netIncome": 222000000,
    "netIncomeRatio": 0.0838685304,
    "eps": 0.0578,
    "epsdiluted": 0.0567,
    "weightedAverageShsOut": 3842307692,
    "weightedAverageShsOutDil": 3917647059,
    "link": "https://www.sec.gov/Archives/edgar/data/277948/000027794896000014/0000277948-96-000014-index.html",
    "finalLink": "https://www.sec.gov/Archives/edgar/data/277948/"
  },
  {
    "date": "1996-06-28",
    "symbol": "CSX",
    "reportedCurrency": "USD",
    "cik": "0000277948",
    "fillingDate": "1996-10-15",
    "acceptedDate": "1996-10-15 00:00:00",
    "calendarYear": "1996",
    "period": "Q2",
    "revenue": 2672000000,
    "costOfRevenue": 1600000000,
    "grossProfit": 1072000000,
    "grossProfitRatio": 0.4011976048,
    "researchAndDevelopmentExpenses": 0,
    "generalAndAdministrativeExpenses": 1084000000,
    "sellingAndMarketingExpenses": 0,
    "sellingGeneralAndAdministrativeExpenses": 1084000000,
    "otherExpenses": 1038000000,
    "operatingExpenses": 2122000000,
    "costAndExpenses": 3722000000,
    "interestIncome": 0,
    "interestExpense": 0,
    "depreciationAndAmortization": -151000000,
    "ebitda": -1544000000,
    "ebitdaratio": -0.5778443114,
    "operatingIncome": -1050000000,
    "operatingIncomeRatio": -0.3929640719,
    "totalOtherIncomeExpensesNet": 1410000000,
    "incomeBeforeTax": 360000000,
    "incomeBeforeTaxRatio": 0.1347305389,
    "incomeTaxExpense": 126000000,
    "netIncome": 234000000,
    "netIncomeRatio": 0.0875748503,
    "eps": 0.0617,
    "epsdiluted": 0.0606,
    "weightedAverageShsOut": 3794594595,
    "weightedAverageShsOutDil": 3864220183,
    "link": "https://www.sec.gov/Archives/edgar/data/277948/000027794896000012/0000277948-96-000012-index.html",
    "finalLink": "https://www.sec.gov/Archives/edgar/data/277948/"
  },
  {
    "date": "1996-03-29",
    "symbol": "CSX",
    "reportedCurrency": "USD",
    "cik": "0000277948",
    "fillingDate": "1996-05-01",
    "acceptedDate": "1996-05-01 00:00:00",
    "calendarYear": "1996",
    "period": "Q1",
    "revenue": 2536000000,
    "costOfRevenue": 1567000000,
    "grossProfit": 969000000,
    "grossProfitRatio": 0.3820977918,
    "researchAndDevelopmentExpenses": 0,
    "generalAndAdministrativeExpenses": 1115000000,
    "sellingAndMarketingExpenses": 0,
    "sellingGeneralAndAdministrativeExpenses": 1115000000,
    "otherExpenses": 1000000000,
    "operatingExpenses": 2115000000,
    "costAndExpenses": 3682000000,
    "interestIncome": 0,
    "interestExpense": 0,
    "depreciationAndAmortization": -156000000,
    "ebitda": -1610000000,
    "ebitdaratio": -0.6348580442,
    "operatingIncome": -1146000000,
    "operatingIncomeRatio": -0.4518927445,
    "totalOtherIncomeExpensesNet": 1370000000,
    "incomeBeforeTax": 224000000,
    "incomeBeforeTaxRatio": 0.0883280757,
    "incomeTaxExpense": 78000000,
    "netIncome": 146000000,
    "netIncomeRatio": 0.0575709779,
    "eps": 0.0383,
    "epsdiluted": 0.0378,
    "weightedAverageShsOut": 3808695652,
    "weightedAverageShsOutDil": 3864705882,
    "link": "https://www.sec.gov/Archives/edgar/data/277948/000027794896000006/0000277948-96-000006-index.html",
    "finalLink": "https://www.sec.gov/Archives/edgar/data/277948/"
  },
  {
    "date": "1995-12-29",
    "symbol": "CSX",
    "reportedCurrency": "USD",
    "cik": "0000277948",
    "fillingDate": "1996-03-01",
    "acceptedDate": "1996-03-01 00:00:00",
    "calendarYear": "1995",
    "period": "Q4",
    "revenue": 2771000000,
    "costOfRevenue": 1681000000,
    "grossProfit": 1090000000,
    "grossProfitRatio": 0.3933597979,
    "researchAndDevelopmentExpenses": 0,
    "generalAndAdministrativeExpenses": 1132000000,
    "sellingAndMarketingExpenses": 0,
    "sellingGeneralAndAdministrativeExpenses": 1132000000,
    "otherExpenses": 2735000000,
    "operatingExpenses": 3867000000,
    "costAndExpenses": 5548000000,
    "interestIncome": 0,
    "interestExpense": 0,
    "depreciationAndAmortization": 1048000000,
    "ebitda": -1729000000,
    "ebitdaratio": -0.6239624684,
    "operatingIncome": -2777000000,
    "operatingIncomeRatio": -1.0021652833,
    "totalOtherIncomeExpensesNet": 3208000000,
    "incomeBeforeTax": 431000000,
    "incomeBeforeTaxRatio": 0.1555395164,
    "incomeTaxExpense": 155000000,
    "netIncome": 276000000,
    "netIncomeRatio": 0.0996030314,
    "eps": 0.0728,
    "epsdiluted": 0.0728,
    "weightedAverageShsOut": 3788700000,
    "weightedAverageShsOutDil": 3788700000,
    "link": "https://www.sec.gov/Archives/edgar/data/277948/000027794896000003/0000277948-96-000003-index.html",
    "finalLink": "https://www.sec.gov/Archives/edgar/data/277948/"
  },
  {
    "date": "1995-09-29",
    "symbol": "CSX",
    "reportedCurrency": "USD",
    "cik": "0000277948",
    "fillingDate": "1995-11-07",
    "acceptedDate": "1995-11-07 00:00:00",
    "calendarYear": "1995",
    "period": "Q3",
    "revenue": 2665000000,
    "costOfRevenue": 1598000000,
    "grossProfit": 1067000000,
    "grossProfitRatio": 0.4003752345,
    "researchAndDevelopmentExpenses": 0,
    "generalAndAdministrativeExpenses": 1111000000,
    "sellingAndMarketingExpenses": 0,
    "sellingGeneralAndAdministrativeExpenses": 1111000000,
    "otherExpenses": 1057000000,
    "operatingExpenses": 2168000000,
    "costAndExpenses": 3766000000,
    "interestIncome": 0,
    "interestExpense": 0,
    "depreciationAndAmortization": -150000000,
    "ebitda": -1565000000,
    "ebitdaratio": -0.5872420263,
    "operatingIncome": -1101000000,
    "operatingIncomeRatio": -0.4131332083,
    "totalOtherIncomeExpensesNet": 1422000000,
    "incomeBeforeTax": 321000000,
    "incomeBeforeTaxRatio": 0.1204502814,
    "incomeTaxExpense": 119000000,
    "netIncome": 202000000,
    "netIncomeRatio": 0.0757973734,
    "eps": 0.0533,
    "epsdiluted": 0.0533,
    "weightedAverageShsOut": 3787500000,
    "weightedAverageShsOutDil": 3787500000,
    "link": "https://www.sec.gov/Archives/edgar/data/277948/000027794895000011/0000277948-95-000011-index.html",
    "finalLink": "https://www.sec.gov/Archives/edgar/data/277948/"
  }
]