[
  {
    "date": "2024-12-31",
    "symbol": "CSX",
    "reportedCurrency": "USD",
    "cik": "0000277948",
    "fillingDate": "2025-02-27",
    "acceptedDate": "2025-02-27 14:08:11",
    "calendarYear": "2024",
    "period": "FY",
    "revenue": 14540000000,
    "costOfRevenue": 9034000000,
    "grossProfit": 5506000000,
    "grossProfitRatio": 0.3786795048,
    "researchAndDevelopmentExpenses": 0,
    "generalAndAdministrativeExpenses": 0,
    "sellingAndMarketingExpenses": 0,
    "sellingGeneralAndAdministrativeExpenses": -50000000,
    "otherExpenses": 190000000,
    "operatingExpenses": 140000000,
    "costAndExpenses": 9174000000,
    "interestIncome": 85000000,
    "interestExpense": 832000000,
    "depreciationAndAmortization": 1686000000,
    "ebitda": 7073000000,
    "ebitdaratio": 0.4864511692,
    "operatingIncome": 5366000000,
    "operatingIncomeRatio": 0.3690508941,
    "totalOtherIncomeExpensesNet": -811000000,
    "incomeBeforeTax": 4555000000,
    "incomeBeforeTaxRatio": 0.3132737276,
    "incomeTaxExpense": 1085000000,
    "netIncome": 3470000000,
    "netIncomeRatio": 0.2386519945,
    "eps": 1.79,
    "epsdiluted": 1.79,
    "weightedAverageShsOut": 1936000000,
    "weightedAverageShsOutDil": 1943000000,
    "link": "https://www.sec.gov/Archives/edgar/data/277948/000027794825000008/0000277948-25-000008-index.htm",
    "finalLink": "https://www.sec.gov/Archives/edgar/data/277948/000027794825000008/csx-20241231.htm"
  },
  {
    "date": "2023-12-31",
    "symbol": "CSX",
    "reportedCurrency": "USD",
    "cik": "0000277948",
    "fillingDate": "2024-02-14",
    "acceptedDate": "2024-02-14 15:34:39",
    "calendarYear": "2023",
    "period": "FY",
    "revenue": 14657000000,
    "costOfRevenue": 9054000000,
    "grossProfit": 5603000000,
    "grossProfitRatio": 0.382274681,
    "researchAndDevelopmentExpenses": 0,
    "generalAndAdministrativeExpenses": 0,
    "sellingAndMarketingExpenses": 0,
    "sellingGeneralAndAdministrativeExpenses": -29000000,
    "otherExpenses": 165000000,
    "operatingExpenses": 136000000,
    "costAndExpenses": 9190000000,
    "interestIncome": 79000000,
    "interestExpense": 809000000,
    "depreciationAndAmortization": 1636000000,
    "ebitda": 7274000000,
    "ebitdaratio": 0.4962816402,
    "operatingIncome": 5467000000,
    "operatingIncomeRatio": 0.3729958382,
    "totalOtherIncomeExpensesNet": -638000000,
    "incomeBeforeTax": 4829000000,
    "incomeBeforeTaxRatio": 0.3294671488,
    "incomeTaxExpense": 1161000000,
    "netIncome": 3668000000,
    "netIncomeRatio": 0.2502558504,
    "eps": 1.85,
    "epsdiluted": 1.85,
    "weightedAverageShsOut": 2008000000,
    "weightedAverageShsOutDil": 2013000000,
    "link": "https://www.sec.gov/Archives/edgar/data/277948/000027794824000010/0000277948-24-000010-index.htm",
    "finalLink": "https://www.sec.gov/Archives/edgar/data/277948/000027794824000010/csx-20231231.htm"
  },
  {
    "date": "2022-12-31",
    "symbol": "CSX",
    "reportedCurrency": "USD",
    "cik": "0000277948",
    "fillingDate": "2023-02-15",
    "acceptedDate": "2023-02-15 11:55:01",
    "calendarYear": "2022",
    "period": "FY",
    "revenue": 14853000000,
    "costOfRevenue": 8925000000,
    "grossProfit": 5928000000,
    "grossProfitRatio": 0.3991112906,
    "researchAndDevelopmentExpenses": 0,
    "generalAndAdministrativeExpenses": 0,
    "sellingAndMarketingExpenses": 0,
    "sellingGeneralAndAdministrativeExpenses": -79000000,
    "otherExpenses": 222000000,
    "operatingExpenses": 143000000,
    "costAndExpenses": 9068000000,
    "interestIncome": 42000000,
    "interestExpense": 742000000,
    "depreciationAndAmortization": 1500000000,
    "ebitda": 7656000000,
    "ebitdaratio": 0.515451424,
    "operatingIncome": 5785000000,
    "operatingIncomeRatio": 0.389483606,
    "totalOtherIncomeExpensesNet": -371000000,
    "incomeBeforeTax": 5414000000,
    "incomeBeforeTaxRatio": 0.3645054871,
    "incomeTaxExpense": 1248000000,
    "netIncome": 4166000000,
    "netIncomeRatio": 0.2804820575,
    "eps": 1.95,
    "epsdiluted": 1.95,
    "weightedAverageShsOut": 2136000000,
    "weightedAverageShsOutDil": 2141000000,
    "link": "https://www.sec.gov/Archives/edgar/data/277948/000027794823000006/0000277948-23-000006-index.htm",
    "finalLink": "https://www.sec.gov/Archives/edgar/data/277948/000027794823000006/csx-20221231.htm"
  },
  {
    "date": "2021-12-31",
    "symbol": "CSX",
    "reportedCurrency": "USD",
    "cik": "0000277948",
    "fillingDate": "2022-02-16",
    "acceptedDate": "2022-02-16 14:53:10",
    "calendarYear": "2021",
    "period": "FY",
    "revenue": 12522000000,
    "costOfRevenue": 7233000000,
    "grossProfit": 5289000000,
    "grossProfitRatio": 0.4223766172,
    "researchAndDevelopmentExpenses": 0,
    "generalAndAdministrativeExpenses": 0,
    "sellingAndMarketingExpenses": 0,
    "sellingGeneralAndAdministrativeExpenses": -64000000,
    "otherExpenses": 194000000,
    "operatingExpenses": 130000000,
    "costAndExpenses": 7363000000,
    "interestIncome": 7000000,
    "interestExpense": 722000000,
    "depreciationAndAmortization": 1420000000,
    "ebitda": 7093000000,
    "ebitdaratio": 0.5664430602,
    "operatingIncome": 5159000000,
    "operatingIncomeRatio": 0.411994889,
    "totalOtherIncomeExpensesNet": -208000000,
    "incomeBeforeTax": 4951000000,
    "incomeBeforeTaxRatio": 0.3953841239,
    "incomeTaxExpense": 1170000000,
    "netIncome": 3781000000,
    "netIncomeRatio": 0.3019485705,
    "eps": 1.68,
    "epsdiluted": 1.68,
    "weightedAverageShsOut": 2250000000,
    "weightedAverageShsOutDil": 2255000000,
    "link": "https://www.sec.gov/Archives/edgar/data/277948/000027794822000009/0000277948-22-000009-index.htm",
    "finalLink": "https://www.sec.gov/Archives/edgar/data/277948/000027794822000009/csx-20211231.htm"
  },
  {
    "date": "2020-12-31",
    "symbol": "CSX",
    "reportedCurrency": "USD",
    "cik": "0000277948",
    "fillingDate": "2021-02-10",
    "acceptedDate": "2021-02-10 14:43:02",
    "calendarYear": "2020",
    "period": "FY",
    "revenue": 10583000000,
    "costOfRevenue": 6141000000,
    "grossProfit": 4442000000,
    "grossProfitRatio": 0.4197297553,
    "researchAndDevelopmentExpenses": 0,
    "generalAndAdministrativeExpenses": 0,
    "sellingAndMarketingExpenses": 0,
    "sellingGeneralAndAdministrativeExpenses": -42000000,
    "otherExpenses": 149000000,
    "operatingExpenses": 107000000,
    "costAndExpenses": 6248000000,
    "interestIncome": 17000000,
    "interestExpense": 754000000,
    "depreciationAndAmortization": 1383000000,
    "ebitda": 5764000000,
    "ebitdaratio": 0.5446470755,
    "operatingIncome": 4335000000,
    "operatingIncomeRatio": 0.4096192006,
    "totalOtherIncomeExpensesNet": -708000000,
    "incomeBeforeTax": 3627000000,
    "incomeBeforeTaxRatio": 0.3427194557,
    "incomeTaxExpense": 862000000,
    "netIncome": 2765000000,
    "netIncomeRatio": 0.2612680714,
    "eps": 1.2,
    "epsdiluted": 1.2,
    "weightedAverageShsOut": 2297999954,
    "weightedAverageShsOutDil": 2303999953,
    "link": "https://www.sec.gov/Archives/edgar/data/277948/000027794821000014/0000277948-21-000014-index.htm",
    "finalLink": "https://www.sec.gov/Archives/edgar/data/277948/000027794821000014/csx-20201231.htm"
  },
  {
    "date": "2019-12-31",
    "symbol": "CSX",
    "reportedCurrency": "USD",
    "cik": "0000277948",
    "fillingDate": "2020-02-12",
    "acceptedDate": "2020-02-12 16:22:04",
    "calendarYear": "2019",
    "period": "FY",
    "revenue": 11937000000,
    "costOfRevenue": 7085000000,
    "grossProfit": 4852000000,
    "grossProfitRatio": 0.4064672866,
    "researchAndDevelopmentExpenses": 0,
    "generalAndAdministrativeExpenses": 0,
    "sellingAndMarketingExpenses": 0,
    "sellingGeneralAndAdministrativeExpenses": -43000000,
    "otherExpenses": 150000000,
    "operatingExpenses": 107000000,
    "costAndExpenses": 7192000000,
    "interestIncome": 48000000,
    "interestExpense": 737000000,
    "depreciationAndAmortization": 1349000000,
    "ebitda": 6402000000,
    "ebitdaratio": 0.5363156572,
    "operatingIncome": 4745000000,
    "operatingIncomeRatio": 0.3975035604,
    "totalOtherIncomeExpensesNet": -429000000,
    "incomeBeforeTax": 4316000000,
    "incomeBeforeTaxRatio": 0.3615648823,
    "incomeTaxExpense": 985000000,
    "netIncome": 3331000000,
    "netIncomeRatio": 0.2790483371,
    "eps": 1.39,
    "epsdiluted": 1.39,
    "weightedAverageShsOut": 2387999952,
    "weightedAverageShsOutDil": 2393999952,
    "link": "https://www.sec.gov/Archives/edgar/data/277948/000027794820000008/0000277948-20-000008-index.htm",
    "finalLink": "https://www.sec.gov/Archives/edgar/data/277948/000027794820000008/csx-12312019x10k.htm"
  },
  {
    "date": "2018-12-31",
    "symbol": "CSX",
    "reportedCurrency": "USD",
    "cik": "0000277948",
    "fillingDate": "2019-02-06",
    "acceptedDate": "2019-02-06 14:15:56",
    "calendarYear": "2018",
    "period": "FY",
    "revenue": 12250000000,
    "costOfRevenue": 7509000000,
    "grossProfit": 4741000000,
    "grossProfitRatio": 0.3870204082,
    "researchAndDevelopmentExpenses": 0,
    "generalAndAdministrativeExpenses": 0,
    "sellingAndMarketingExpenses": 0,
    "sellingGeneralAndAdministrativeExpenses": -38000000,
    "otherExpenses": 136000000,
    "operatingExpenses": 98000000,
    "costAndExpenses": 7607000000,
    "interestIncome": 32000000,
    "interestExpense": 639000000,
    "depreciationAndAmortization": 1331000000,
    "ebitda": 6274000000,
    "ebitdaratio": 0.5121632653,
    "operatingIncome": 4643000000,
    "operatingIncomeRatio": 0.3790204082,
    "totalOtherIncomeExpensesNet": -339000000,
    "incomeBeforeTax": 4304000000,
    "incomeBeforeTaxRatio": 0.3513469388,
    "incomeTaxExpense": 995000000,
    "netIncome": 3308000000,
    "netIncomeRatio": 0.2700408163,
    "eps": 1.29,
    "epsdiluted": 1.28,
    "weightedAverageShsOut": 2571000000,
    "weightedAverageShsOutDil": 2583000000,
    "link": "https://www.sec.gov/Archives/edgar/data/277948/000027794819000011/0000277948-19-000011-index.htm",
    "finalLink": "https://www.sec.gov/Archives/edgar/data/277948/000027794819000011/csx-12312018x10k.htm"
  },
  {
    "date": "2017-12-31",
    "symbol": "CSX",
    "reportedCurrency": "USD",
    "cik": "0000277948",
    "fillingDate": "2018-02-07",
    "acceptedDate": "2018-02-07 14:01:18",
    "calendarYear": "2017",
    "period": "FY",
    "revenue": 11408000000,
    "costOfRevenue": 7546000000,
    "grossProfit": 3862000000,
    "grossProfitRatio": 0.3385343619,
    "researchAndDevelopmentExpenses": 0,
    "generalAndAdministrativeExpenses": 0,
    "sellingAndMarketingExpenses": 0,
    "sellingGeneralAndAdministrativeExpenses": -32000000,
    "otherExpenses": 146000000,
    "operatingExpenses": 114000000,
    "costAndExpenses": 7660000000,
    "interestIncome": 13000000,
    "interestExpense": 546000000,
    "depreciationAndAmortization": 1315000000,
    "ebitda": 5003000000,
    "ebitdaratio": 0.4385518934,
    "operatingIncome": 3748000000,
    "operatingIncomeRatio": 0.3285413745,
    "totalOtherIncomeExpensesNet": -606000000,
    "incomeBeforeTax": 3142000000,
    "incomeBeforeTaxRatio": 0.2754207574,
    "incomeTaxExpense": -2329000000,
    "netIncome": 5470000000,
    "netIncomeRatio": 0.4794880785,
    "eps": 2,
    "epsdiluted": 2,
    "weightedAverageShsOut": 2733000000,
    "weightedAverageShsOutDil": 2742000000,
    "link": "https://www.sec.gov/Archives/edgar/data/277948/000027794818000009/0000277948-18-000009-index.htm",
    "finalLink": "https://www.sec.gov/Archives/edgar/data/277948/000027794818000009/csx-12312017x10k.htm"
  },
  {
    "date": "2016-12-30",
    "symbol": "CSX",
    "reportedCurrency": "USD",
    "cik": "0000277948",
    "fillingDate": "2017-02-14",
    "acceptedDate": "2017-02-14 09:41:29",
    "calendarYear": "2016",
    "period": "FY",
    "revenue": 11069000000,
    "costOfRevenue": 7695000000,
    "grossProfit": 3374000000,
    "grossProfitRatio": 0.3048152498,
    "researchAndDevelopmentExpenses": 0,
    "generalAndAdministrativeExpenses": 0,
    "sellingAndMarketingExpenses": 0,
    "sellingGeneralAndAdministrativeExpenses": 24000000,
    "otherExpenses": 76000000,
    "operatingExpenses": 100000000,
    "costAndExpenses": 7795000000,
    "interestIncome": 10000000,
    "interestExpense": 579000000,
    "depreciationAndAmortization": 1301000000,
    "ebitda": 4621000000,
    "ebitdaratio": 0.4174722197,
    "operatingIncome": 3274000000,
    "operatingIncomeRatio": 0.29578101,
    "totalOtherIncomeExpensesNet": -533000000,
    "incomeBeforeTax": 2741000000,
    "incomeBeforeTaxRatio": 0.2476285121,
    "incomeTaxExpense": 1027000000,
    "netIncome": 1713000000,
    "netIncomeRatio": 0.1547565272,
    "eps": 0.6,
    "epsdiluted": 0.6,
    "weightedAverageShsOut": 2841000000,
    "weightedAverageShsOutDil": 2844000000,
    "link": "https://www.sec.gov/Archives/edgar/data/277948/000027794817000009/0000277948-17-000009-index.htm",
    "finalLink": "https://www.sec.gov/Archives/edgar/data/277948/000027794817000009/csx-12302016x10k.htm"
  },
  {
    "date": "2015-12-25",
    "symbol": "CSX",
    "reportedCurrency": "USD",
    "cik": "0000277948",
    "fillingDate": "2016-02-10",
    "acceptedDate": "2016-02-10 11:48:55",
    "calendarYear": "2015",
    "period": "FY",
    "revenue": 11811000000,
    "costOfRevenue": 8085000000,
    "grossProfit": 3726000000,
    "grossProfitRatio": 0.3154686309,
    "researchAndDevelopmentExpenses": 0,
    "generalAndAdministrativeExpenses": 0,
    "sellingAndMarketingExpenses": 0,
    "sellingGeneralAndAdministrativeExpenses": 0,
    "otherExpenses": 142000000,
    "operatingExpenses": 142000000,
    "costAndExpenses": 8227000000,
    "interestIncome": 6000000,
    "interestExpense": 544000000,
    "depreciationAndAmortization": 1208000000,
    "ebitda": 4890000000,
    "ebitdaratio": 0.414020828,
    "operatingIncome": 3584000000,
    "operatingIncomeRatio": 0.3034459402,
    "totalOtherIncomeExpensesNet": -446000000,
    "incomeBeforeTax": 3138000000,
    "incomeBeforeTaxRatio": 0.2656845314,
    "incomeTaxExpense": 1170000000,
    "netIncome": 1967000000,
    "netIncomeRatio": 0.1665396664,
    "eps": 0.67,
    "epsdiluted": 0.67,
    "weightedAverageShsOut": 2949000000,
    "weightedAverageShsOutDil": 2952000000,
    "link": "https://www.sec.gov/Archives/edgar/data/277948/000027794816000046/0000277948-16-000046-index.htm",
    "finalLink": "https://www.sec.gov/Archives/edgar/data/277948/000027794816000046/csx-12252015x10k.htm"
  },
  {
    "date": "2014-12-26",
    "symbol": "CSX",
    "reportedCurrency": "USD",
    "cik": "0000277948",
    "fillingDate": "2015-02-11",
    "acceptedDate": "2015-02-11 11:14:51",
    "calendarYear": "2014",
    "period": "FY",
    "revenue": 12669000000,
    "costOfRevenue": 8880000000,
    "grossProfit": 3789000000,
    "grossProfitRatio": 0.2990764859,
    "researchAndDevelopmentExpenses": 0,
    "generalAndAdministrativeExpenses": 0,
    "sellingAndMarketingExpenses": 0,
    "sellingGeneralAndAdministrativeExpenses": 0,
    "otherExpenses": 176000000,
    "operatingExpenses": 176000000,
    "costAndExpenses": 9056000000,
    "interestIncome": 5000000,
    "interestExpense": 545000000,
    "depreciationAndAmortization": 1151000000,
    "ebitda": 4740000000,
    "ebitdaratio": 0.3741416055,
    "operatingIncome": 3613000000,
    "operatingIncomeRatio": 0.2851843082,
    "totalOtherIncomeExpensesNet": -569000000,
    "incomeBeforeTax": 3044000000,
    "incomeBeforeTaxRatio": 0.2402715289,
    "incomeTaxExpense": 1117000000,
    "netIncome": 1926000000,
    "netIncomeRatio": 0.152024627,
    "eps": 0.64,
    "epsdiluted": 0.64,
    "weightedAverageShsOut": 3003000000,
    "weightedAverageShsOutDil": 3006000000,
    "link": "https://www.sec.gov/Archives/edgar/data/277948/000027794815000010/0000277948-15-000010-index.htm",
    "finalLink": "https://www.sec.gov/Archives/edgar/data/277948/000027794815000010/csx-12262014x10k.htm"
  },
  {
    "date": "2013-12-27",
    "symbol": "CSX",
    "reportedCurrency": "USD",
    "cik": "0000277948",
    "fillingDate": "2014-02-12",
    "acceptedDate": "2014-02-12 16:15:05",
    "calendarYear": "2013",
    "period": "FY",
    "revenue": 12026000000,
    "costOfRevenue": 8456000000,
    "grossProfit": 3570000000,
    "grossProfitRatio": 0.2968568102,
    "researchAndDevelopmentExpenses": 0,
    "generalAndAdministrativeExpenses": 0,
    "sellingAndMarketingExpenses": 0,
    "sellingGeneralAndAdministrativeExpenses": 0,
    "otherExpenses": 140000000,
    "operatingExpenses": 140000000,
    "costAndExpenses": 8596000000,
    "interestIncome": 8000000,
    "interestExpense": 562000000,
    "depreciationAndAmortization": 1104000000,
    "ebitda": 4588000000,
    "ebitdaratio": 0.3815067354,
    "operatingIncome": 3430000000,
    "operatingIncomeRatio": 0.2852153667,
    "totalOtherIncomeExpensesNet": -508000000,
    "incomeBeforeTax": 2922000000,
    "incomeBeforeTaxRatio": 0.2429735573,
    "incomeTaxExpense": 1058000000,
    "netIncome": 1865000000,
    "netIncomeRatio": 0.1550806586,
    "eps": 0.61,
    "epsdiluted": 0.61,
    "weightedAverageShsOut": 3057000000,
    "weightedAverageShsOutDil": 3057000000,
    "link": "https://www.sec.gov/Archives/edgar/data/277948/000027794814000011/0000277948-14-000011-index.htm",
    "finalLink": "https://www.sec.gov/Archives/edgar/data/277948/000027794814000011/csx-12272013x10k.htm"
  },
  {
    "date": "2012-12-28",
    "symbol": "CSX",
    "reportedCurrency": "USD",
    "cik": "0000277948",
    "fillingDate": "2013-02-19",
    "acceptedDate": "2013-02-19 15:27:46",
    "calendarYear": "2012",
    "period": "FY",
    "revenue": 11756000000,
    "costOfRevenue": 8393000000,
    "grossProfit": 3363000000,
    "grossProfitRatio": 0.2860666894,
    "researchAndDevelopmentExpenses": 0,
    "generalAndAdministrativeExpenses": 0,
    "sellingAndMarketingExpenses": 0,
    "sellingGeneralAndAdministrativeExpenses": 0,
    "otherExpenses": 991000000,
    "operatingExpenses": 991000000,
    "costAndExpenses": 8393000000,
    "interestIncome": 5000000,
    "interestExpense": 566000000,
    "depreciationAndAmortization": 1059000000,
    "ebitda": 4589000000,
    "ebitdaratio": 0.3903538619,
    "operatingIncome": 3363000000,
    "operatingIncomeRatio": 0.2860666894,
    "totalOtherIncomeExpensesNet": -399000000,
    "incomeBeforeTax": 2964000000,
    "incomeBeforeTaxRatio": 0.2521265737,
    "incomeTaxExpense": 1105000000,
    "netIncome": 1860000000,
    "netIncomeRatio": 0.1582170806,
    "eps": 0.6,
    "epsdiluted": 0.6,
    "weightedAverageShsOut": 3114000000,
    "weightedAverageShsOutDil": 3120000000,
    "link": "https://www.sec.gov/Archives/edgar/data/277948/000027794813000008/0000277948-13-000008-index.htm",
    "finalLink": "https://www.sec.gov/Archives/edgar/data/277948/000027794813000008/csx-12282012x10k.htm"
  },
  {
    "date": "2011-12-30",
    "symbol": "CSX",
    "reportedCurrency": "USD",
    "cik": "0000277948",
    "fillingDate": "2012-02-21",
    "acceptedDate": "2012-02-21 13:43:35",
    "calendarYear": "2011",
    "period": "FY",
    "revenue": 11743000000,
    "costOfRevenue": 8202000000,
    "grossProfit": 3541000000,
    "grossProfitRatio": 0.3015413438,
    "researchAndDevelopmentExpenses": 0,
    "generalAndAdministrativeExpenses": 0,
    "sellingAndMarketingExpenses": 0,
    "sellingGeneralAndAdministrativeExpenses": 3073000000,
    "otherExpenses": -2936000000,
    "operatingExpenses": 137000000,
    "costAndExpenses": 8339000000,
    "interestIncome": 5000000,
    "interestExpense": 552000000,
    "depreciationAndAmortization": 976000000,
    "ebitda": 4416000000,
    "ebitdaratio": 0.3760538193,
    "operatingIncome": 3404000000,
    "operatingIncomeRatio": 0.289874819,
    "totalOtherIncomeExpensesNet": -516000000,
    "incomeBeforeTax": 2888000000,
    "incomeBeforeTaxRatio": 0.2459337478,
    "incomeTaxExpense": 1066000000,
    "netIncome": 1823000000,
    "netIncomeRatio": 0.1552414204,
    "eps": 0.57,
    "epsdiluted": 0.57,
    "weightedAverageShsOut": 3249000000,
    "weightedAverageShsOutDil": 3267000000,
    "link": "https://www.sec.gov/Archives/edgar/data/277948/000027794812000014/0000277948-12-000014-index.htm",
    "finalLink": "https://www.sec.gov/Archives/edgar/data/277948/000027794812000014/csx-12302011x10k.htm"
  },
  {
    "date": "2010-12-31",
    "symbol": "CSX",
    "reportedCurrency": "USD",
    "cik": "0000277948",
    "fillingDate": "2011-02-18",
    "acceptedDate": "2011-02-18 11:05:56",
    "calendarYear": "2010",
    "period": "FY",
    "revenue": 10636000000,
    "costOfRevenue": 7431000000,
    "grossProfit": 3205000000,
    "grossProfitRatio": 0.3013350884,
    "researchAndDevelopmentExpenses": 0,
    "generalAndAdministrativeExpenses": 0,
    "sellingAndMarketingExpenses": 0,
    "sellingGeneralAndAdministrativeExpenses": 2957000000,
    "otherExpenses": -2823000000,
    "operatingExpenses": 134000000,
    "costAndExpenses": 7565000000,
    "interestIncome": 6000000,
    "interestExpense": 557000000,
    "depreciationAndAmortization": 947000000,
    "ebitda": 4050000000,
    "ebitdaratio": 0.380782249,
    "operatingIncome": 3071000000,
    "operatingIncomeRatio": 0.2887363671,
    "totalOtherIncomeExpensesNet": -525000000,
    "incomeBeforeTax": 2546000000,
    "incomeBeforeTaxRatio": 0.2393757052,
    "incomeTaxExpense": 983000000,
    "netIncome": 1563000000,
    "netIncomeRatio": 0.146953742,
    "eps": 0.46,
    "epsdiluted": 0.45,
    "weightedAverageShsOut": 3429000000,
    "weightedAverageShsOutDil": 3462000000,
    "link": "https://www.sec.gov/Archives/edgar/data/277948/000114036111010655/0001140361-11-010655-index.htm",
    "finalLink": "https://www.sec.gov/Archives/edgar/data/277948/000114036111010655/document_10k.htm"
  },
  {
    "date": "2009-12-25",
    "symbol": "CSX",
    "reportedCurrency": "USD",
    "cik": "0000277948",
    "fillingDate": "2010-02-19",
    "acceptedDate": "2010-02-19 08:56:51",
    "calendarYear": "2009",
    "period": "FY",
    "revenue": 9041000000,
    "costOfRevenue": 6720000000,
    "grossProfit": 2321000000,
    "grossProfitRatio": 0.2567193894,
    "researchAndDevelopmentExpenses": 0,
    "generalAndAdministrativeExpenses": 0,
    "sellingAndMarketingExpenses": 0,
    "sellingGeneralAndAdministrativeExpenses": 2629000000,
    "otherExpenses": -2593000000,
    "operatingExpenses": 36000000,
    "costAndExpenses": 6756000000,
    "interestIncome": 11000000,
    "interestExpense": 558000000,
    "depreciationAndAmortization": 908000000,
    "ebitda": 3227000000,
    "ebitdaratio": 0.3569295432,
    "operatingIncome": 2285000000,
    "operatingIncomeRatio": 0.252737529,
    "totalOtherIncomeExpensesNet": -524000000,
    "incomeBeforeTax": 1761000000,
    "incomeBeforeTaxRatio": 0.1947793386,
    "incomeTaxExpense": 624000000,
    "netIncome": 1127000000,
    "netIncomeRatio": 0.1246543524,
    "eps": 0.32,
    "epsdiluted": 0.32,
    "weightedAverageShsOut": 3529143000,
    "weightedAverageShsOutDil": 3561174000,
    "link": "https://www.sec.gov/Archives/edgar/data/277948/000027794810000013/0000277948-10-000013-index.htm",
    "finalLink": "https://www.sec.gov/Archives/edgar/data/277948/000027794810000013/document_10k.htm"
  },
  {
    "date": "2008-12-26",
    "symbol": "CSX",
    "reportedCurrency": "USD",
    "cik": "0000277948",
    "fillingDate": "2009-02-19",
    "acceptedDate": "2009-02-18 19:07:09",
    "calendarYear": "2008",
    "period": "FY",
    "revenue": 11255000000,
    "costOfRevenue": 7612000000,
    "grossProfit": 3643000000,
    "grossProfitRatio": 0.3236783652,
    "researchAndDevelopmentExpenses": 0,
    "generalAndAdministrativeExpenses": 0,
    "sellingAndMarketingExpenses": 0,
    "sellingGeneralAndAdministrativeExpenses": 2955000000,
    "otherExpenses": -2075000000,
    "operatingExpenses": 880000000,
    "costAndExpenses": 8492000000,
    "interestIncome": 37000000,
    "interestExpense": 519000000,
    "depreciationAndAmortization": 918000000,
    "ebitda": 3583000000,
    "ebitdaratio": 0.3183474012,
    "operatingIncome": 2763000000,
    "operatingIncomeRatio": 0.2454908929,
    "totalOtherIncomeExpensesNet": -617000000,
    "incomeBeforeTax": 2146000000,
    "incomeBeforeTaxRatio": 0.190670813,
    "incomeTaxExpense": 781000000,
    "netIncome": 1365000000,
    "netIncomeRatio": 0.1212794314,
    "eps": 0.38,
    "epsdiluted": 0.37,
    "weightedAverageShsOut": 3606660000,
    "weightedAverageShsOutDil": 3677580000,
    "link": "https://www.sec.gov/Archives/edgar/data/277948/000027794809000042/0000277948-09-000042-index.htm",
    "finalLink": "https://www.sec.gov/Archives/edgar/data/277948/000027794809000042/document_10k.htm"
  },
  {
    "date": "2007-12-28",
    "symbol": "CSX",
    "reportedCurrency": "USD",
    "cik": "0000277948",
    "fillingDate": "2008-02-22",
    "acceptedDate": "2008-02-22 14:58:08",
    "calendarYear": "2007",
    "period": "FY",
    "revenue": 10030000000,
    "costOfRevenue": 7019000000,
    "grossProfit": 3011000000,
    "grossProfitRatio": 0.3001994018,
    "researchAndDevelopmentExpenses": 0,
    "generalAndAdministrativeExpenses": 0,
    "sellingAndMarketingExpenses": 0,
    "sellingGeneralAndAdministrativeExpenses": 2986000000,
    "otherExpenses": -2204000000,
    "operatingExpenses": 782000000,
    "costAndExpenses": 7801000000,
    "interestIncome": 55000000,
    "interestExpense": 417000000,
    "depreciationAndAmortization": 890000000,
    "ebitda": 3239000000,
    "ebitdaratio": 0.3229312064,
    "operatingIncome": 2229000000,
    "operatingIncomeRatio": 0.2222333001,
    "totalOtherIncomeExpensesNet": -297000000,
    "incomeBeforeTax": 1932000000,
    "incomeBeforeTaxRatio": 0.1926221336,
    "incomeTaxExpense": 706000000,
    "netIncome": 1336000000,
    "netIncomeRatio": 0.1332003988,
    "eps": 0.35,
    "epsdiluted": 0.33,
    "weightedAverageShsOut": 3872430000,
    "weightedAverageShsOutDil": 4034520000,
    "link": "https://www.sec.gov/Archives/edgar/data/277948/000027794808000036/0000277948-08-000036-index.htm",
    "finalLink": "https://www.sec.gov/Archives/edgar/data/277948/000027794808000036/form2007_10k.htm"
  },
  {
    "date": "2006-12-29",
    "symbol": "CSX",
    "reportedCurrency": "USD",
    "cik": "0000277948",
    "fillingDate": "2007-02-15",
    "acceptedDate": "2007-02-14 18:08:19",
    "calendarYear": "2006",
    "period": "FY",
    "revenue": 9566000000,
    "costOfRevenue": 6953000000,
    "grossProfit": 2613000000,
    "grossProfitRatio": 0.2731549237,
    "researchAndDevelopmentExpenses": 0,
    "generalAndAdministrativeExpenses": 0,
    "sellingAndMarketingExpenses": 0,
    "sellingGeneralAndAdministrativeExpenses": 2930000000,
    "otherExpenses": -2232000000,
    "operatingExpenses": 698000000,
    "costAndExpenses": 7651000000,
    "interestIncome": 41000000,
    "interestExpense": 394000000,
    "depreciationAndAmortization": 867000000,
    "ebitda": 3123000000,
    "ebitdaratio": 0.3264687435,
    "operatingIncome": 1915000000,
    "operatingIncomeRatio": 0.2001881664,
    "totalOtherIncomeExpensesNet": -53000000,
    "incomeBeforeTax": 1862000000,
    "incomeBeforeTaxRatio": 0.1946477106,
    "incomeTaxExpense": 531000000,
    "netIncome": 1310000000,
    "netIncomeRatio": 0.136943341,
    "eps": 0.33,
    "epsdiluted": 0.31,
    "weightedAverageShsOut": 3960756000,
    "weightedAverageShsOutDil": 4193406000,
    "link": "https://www.sec.gov/Archives/edgar/data/277948/000119312507032135/0001193125-07-032135-index.htm",
    "finalLink": "https://www.sec.gov/Archives/edgar/data/277948/000119312507032135/d10k.htm"
  },
  {
    "date": "2005-12-30",
    "symbol": "CSX",
    "reportedCurrency": "USD",
    "cik": "0000277948",
    "fillingDate": "2006-02-24",
    "acceptedDate": "2006-02-24 13:48:45",
    "calendarYear": "2005",
    "period": "FY",
    "revenue": 8618000000,
    "costOfRevenue": 6533000000,
    "grossProfit": 2085000000,
    "grossProfitRatio": 0.2419354839,
    "researchAndDevelopmentExpenses": 0,
    "generalAndAdministrativeExpenses": 0,
    "sellingAndMarketingExpenses": 0,
    "sellingGeneralAndAdministrativeExpenses": 3439000000,
    "otherExpenses": -2693000000,
    "operatingExpenses": 746000000,
    "costAndExpenses": 7279000000,
    "interestIncome": 38000000,
    "interestExpense": 435000000,
    "depreciationAndAmortization": 833000000,
    "ebitda": 2323000000,
    "ebitdaratio": 0.2695521003,
    "operatingIncome": 1339000000,
    "operatingIncomeRatio": 0.1553724762,
    "totalOtherIncomeExpensesNet": -284000000,
    "incomeBeforeTax": 1055000000,
    "incomeBeforeTaxRatio": 0.1224181945,
    "incomeTaxExpense": 316000000,
    "netIncome": 717000000,
    "netIncomeRatio": 0.0831979578,
    "eps": 0.29,
    "epsdiluted": 0.28,
    "weightedAverageShsOut": 3895659000,
    "weightedAverageShsOutDil": 4104423000,
    "link": "https://www.sec.gov/Archives/edgar/data/277948/000095014406001485/0000950144-06-001485-index.htm",
    "finalLink": "https://www.sec.gov/Archives/edgar/data/277948/000095014406001485/g99714e10vk.htm"
  },
  {
    "date": "2004-12-31",
    "symbol": "CSX",
    "reportedCurrency": "USD",
    "cik": "0000277948",
    "fillingDate": "2006-01-12",
    "acceptedDate": "2006-01-12 15:05:52",
    "calendarYear": "2004",
    "period": "FY",
    "revenue": 8020000000,
    "costOfRevenue": 6471000000,
    "grossProfit": 1569000000,
    "grossProfitRatio": 0.1956359102,
    "researchAndDevelopmentExpenses": 0,
    "generalAndAdministrativeExpenses": 0,
    "sellingAndMarketingExpenses": 0,
    "sellingGeneralAndAdministrativeExpenses": 557000000,
    "otherExpenses": 0,
    "operatingExpenses": 557000000,
    "costAndExpenses": 7028000000,
    "interestIncome": 21000000,
    "interestExpense": 435000000,
    "depreciationAndAmortization": 730000000,
    "ebitda": 1818000000,
    "ebitdaratio": 0.2266832918,
    "operatingIncome": 1012000000,
    "operatingIncomeRatio": 0.1261845387,
    "totalOtherIncomeExpensesNet": -359000000,
    "incomeBeforeTax": 653000000,
    "incomeBeforeTaxRatio": 0.0814214464,
    "incomeTaxExpense": 219000000,
    "netIncome": 339000000,
    "netIncomeRatio": 0.0422693267,
    "eps": 0.0878,
    "epsdiluted": 0.0844,
    "weightedAverageShsOut": 3866328000,
    "weightedAverageShsOutDil": 4050540000,
    "link": "https://www.sec.gov/Archives/edgar/data/277948/000095014406000237/0000950144-06-000237-index.htm",
    "finalLink": "https://www.sec.gov/Archives/edgar/data/277948/000095014406000237/g99151e10vkza.htm"
  },
  {
    "date": "2003-12-26",
    "symbol": "CSX",
    "reportedCurrency": "USD",
    "cik": "0000277948",
    "fillingDate": "2004-03-10",
    "acceptedDate": "2004-03-10 16:05:16",
    "calendarYear": "2003",
    "period": "FY",
    "revenue": 7793000000,
    "costOfRevenue": 3467000000,
    "grossProfit": 4326000000,
    "grossProfitRatio": 0.5551135635,
    "researchAndDevelopmentExpenses": 0,
    "generalAndAdministrativeExpenses": 993000000,
    "sellingAndMarketingExpenses": 0,
    "sellingGeneralAndAdministrativeExpenses": 993000000,
    "otherExpenses": 2707000000,
    "operatingExpenses": 3700000000,
    "costAndExpenses": 10954000000,
    "interestIncome": 0,
    "interestExpense": 0,
    "depreciationAndAmortization": 643000000,
    "ebitda": 626000000,
    "ebitdaratio": 0.0803284999,
    "operatingIncome": 626000000,
    "operatingIncomeRatio": 0.0803284999,
    "totalOtherIncomeExpensesNet": -361000000,
    "incomeBeforeTax": 265000000,
    "incomeBeforeTaxRatio": 0.0340048762,
    "incomeTaxExpense": 76000000,
    "netIncome": 246000000,
    "netIncomeRatio": 0.0315667907,
    "eps": 0.0633,
    "epsdiluted": 0.0633,
    "weightedAverageShsOut": 3851352000,
    "weightedAverageShsOutDil": 3859128000,
    "link": "https://www.sec.gov/Archives/edgar/data/277948/000095014404002244/0000950144-04-002244-index.htm",
    "finalLink": "https://www.sec.gov/Archives/edgar/data/277948/000095014404002244/g87590e10vk.htm"
  },
  {
    "date": "2002-12-27",
    "symbol": "CSX",
    "reportedCurrency": "USD",
    "cik": "0000277948",
    "fillingDate": "2003-02-26",
    "acceptedDate": "2003-02-26 12:21:53",
    "calendarYear": "2002",
    "period": "FY",
    "revenue": 8152000000,
    "costOfRevenue": 4091000000,
    "grossProfit": 4061000000,
    "grossProfitRatio": 0.4981599607,
    "researchAndDevelopmentExpenses": 0,
    "generalAndAdministrativeExpenses": 3498000000,
    "sellingAndMarketingExpenses": 0,
    "sellingGeneralAndAdministrativeExpenses": 3498000000,
    "otherExpenses": 4128000000,
    "operatingExpenses": 7626000000,
    "costAndExpenses": 11717000000,
    "interestIncome": 0,
    "interestExpense": 0,
    "depreciationAndAmortization": 649000000,
    "ebitda": 1806000000,
    "ebitdaratio": 0.2215407262,
    "operatingIncome": 1127000000,
    "operatingIncomeRatio": 0.1382482826,
    "totalOtherIncomeExpensesNet": -296000000,
    "incomeBeforeTax": 723000000,
    "incomeBeforeTaxRatio": 0.0886898921,
    "incomeTaxExpense": 256000000,
    "netIncome": 424000000,
    "netIncomeRatio": 0.0520117763,
    "eps": 0.11,
    "epsdiluted": 0.11,
    "weightedAverageShsOut": 3829122000,
    "weightedAverageShsOutDil": 4023198000,
    "link": "https://www.sec.gov/Archives/edgar/data/277948/000091664103000356/0000916641-03-000356-index.htm",
    "finalLink": "https://www.sec.gov/Archives/edgar/data/277948/000091664103000356/d10k.htm"
  },
  {
    "date": "2001-12-28",
    "symbol": "CSX",
    "reportedCurrency": "USD",
    "cik": "0000277948",
    "fillingDate": "2002-03-04",
    "acceptedDate": "2002-03-04 00:00:00",
    "calendarYear": "2001",
    "period": "FY",
    "revenue": 8110000000,
    "costOfRevenue": 4164000000,
    "grossProfit": 3946000000,
    "grossProfitRatio": 0.4865598027,
    "researchAndDevelopmentExpenses": 0,
    "generalAndAdministrativeExpenses": 3568000000,
    "sellingAndMarketingExpenses": 0,
    "sellingGeneralAndAdministrativeExpenses": 3568000000,
    "otherExpenses": -729000000,
    "operatingExpenses": 2839000000,
    "costAndExpenses": 11883000000,
    "interestIncome": 0,
    "interestExpense": 0,
    "depreciationAndAmortization": 622000000,
    "ebitda": -3100000000,
    "ebitdaratio": -0.382244143,
    "operatingIncome": 957000000,
    "operatingIncomeRatio": 0.1180024661,
    "totalOtherIncomeExpensesNet": -452000000,
    "incomeBeforeTax": 448000000,
    "incomeBeforeTaxRatio": 0.0552404439,
    "incomeTaxExpense": 155000000,
    "netIncome": 293000000,
    "netIncomeRatio": 0.0361282367,
    "eps": 0.0639,
    "epsdiluted": 0.0628,
    "weightedAverageShsOut": 4586086957,
    "weightedAverageShsOutDil": 4667256637,
    "link": "https://www.sec.gov/Archives/edgar/data/277948/000091664102000350/0000916641-02-000350-index.htm",
    "finalLink": "https://www.sec.gov/Archives/edgar/data/277948/000091664102000350/d10k.txt"
  },
  {
    "date": "2000-12-29",
    "symbol": "CSX",
    "reportedCurrency": "USD",
    "cik": "0000277948",
    "fillingDate": "2001-03-01",
    "acceptedDate": "2001-03-01 00:00:00",
    "calendarYear": "2000",
    "period": "FY",
    "revenue": 8191000000,
    "costOfRevenue": 4681000000,
    "grossProfit": 3510000000,
    "grossProfitRatio": 0.4285191063,
    "researchAndDevelopmentExpenses": 0,
    "generalAndAdministrativeExpenses": 3563000000,
    "sellingAndMarketingExpenses": 0,
    "sellingGeneralAndAdministrativeExpenses": 3563000000,
    "otherExpenses": -3754000000,
    "operatingExpenses": -191000000,
    "costAndExpenses": 12772000000,
    "interestIncome": 0,
    "interestExpense": 0,
    "depreciationAndAmortization": 600000000,
    "ebitda": -3996000000,
    "ebitdaratio": -0.4878525211,
    "operatingIncome": 805000000,
    "operatingIncomeRatio": 0.0982785985,
    "totalOtherIncomeExpensesNet": -472000000,
    "incomeBeforeTax": 277000000,
    "incomeBeforeTaxRatio": 0.0338176047,
    "incomeTaxExpense": 91000000,
    "netIncome": 565000000,
    "netIncomeRatio": 0.0689781467,
    "eps": 0.0339,
    "epsdiluted": 0.0339,
    "weightedAverageShsOut": 3798846000,
    "weightedAverageShsOutDil": 3806568000,
    "link": "https://www.sec.gov/Archives/edgar/data/277948/000102140801001422/0001021408-01-001422-index.htm",
    "finalLink": "https://www.sec.gov/Archives/edgar/data/277948/000102140801001422/0001021408-01-001422-0001.txt"
  },
  {
    "date": "1999-12-31",
    "symbol": "CSX",
    "reportedCurrency": "USD",
    "cik": "0000277948",
    "fillingDate": "2000-03-07",
    "acceptedDate": "2000-03-07 00:00:00",
    "calendarYear": "1999",
    "period": "FY",
    "revenue": 10811000000,
    "costOfRevenue": 4164000000,
    "grossProfit": 6647000000,
    "grossProfitRatio": 0.6148367404,
    "researchAndDevelopmentExpenses": 0,
    "generalAndAdministrativeExpenses": 1491000000,
    "sellingAndMarketingExpenses": 0,
    "sellingGeneralAndAdministrativeExpenses": 1491000000,
    "otherExpenses": 8256000000,
    "operatingExpenses": 9747000000,
    "costAndExpenses": 13911000000,
    "interestIncome": 0,
    "interestExpense": 0,
    "depreciationAndAmortization": 621000000,
    "ebitda": -2075000000,
    "ebitdaratio": -0.1919341412,
    "operatingIncome": 608000000,
    "operatingIncomeRatio": 0.0562390158,
    "totalOtherIncomeExpensesNet": -434000000,
    "incomeBeforeTax": 139000000,
    "incomeBeforeTaxRatio": 0.012857275,
    "incomeTaxExpense": 88000000,
    "netIncome": 2000000,
    "netIncomeRatio": 0.0001849968,
    "eps": 0.0005,
    "epsdiluted": 0.0005,
    "weightedAverageShsOut": 3788586000,
    "weightedAverageShsOutDil": 3830544000,
    "link": "https://www.sec.gov/Archives/edgar/data/277948/000027794800000001/0000277948-00-000001-index.html",
    "finalLink": "https://www.sec.gov/Archives/edgar/data/277948/000027794800000001/"
  },
  {
    "date": "1998-12-25",
    "symbol": "CSX",
    "reportedCurrency": "USD",
    "cik": "0000277948",
    "fillingDate": "1999-03-03",
    "acceptedDate": "1999-03-03 00:00:00",
    "calendarYear": "1998",
    "period": "FY",
    "revenue": 9898000000,
    "costOfRevenue": 6121000000,
    "grossProfit": 3777000000,
    "grossProfitRatio": 0.3815922409,
    "researchAndDevelopmentExpenses": 0,
    "generalAndAdministrativeExpenses": 4242000000,
    "sellingAndMarketingExpenses": 0,
    "sellingGeneralAndAdministrativeExpenses": 4242000000,
    "otherExpenses": 5782000000,
    "operatingExpenses": 10024000000,
    "costAndExpenses": 16145000000,
    "interestIncome": 0,
    "interestExpense": 0,
    "depreciationAndAmortization": 630000000,
    "ebitda": -5920000000,
    "ebitdaratio": -0.5981006264,
    "operatingIncome": 1160000000,
    "operatingIncomeRatio": 0.117195393,
    "totalOtherIncomeExpensesNet": -387000000,
    "incomeBeforeTax": 773000000,
    "incomeBeforeTaxRatio": 0.0780965852,
    "incomeTaxExpense": 236000000,
    "netIncome": 537000000,
    "netIncomeRatio": 0.0542533845,
    "eps": 0.14,
    "epsdiluted": 0.14,
    "weightedAverageShsOut": 3799458000,
    "weightedAverageShsOutDil": 3864528000,
    "link": "https://www.sec.gov/Archives/edgar/data/277948/000027794899000002/0000277948-99-000002-index.html",
    "finalLink": "https://www.sec.gov/Archives/edgar/data/277948/"
  },
  {
    "date": "1997-12-26",
    "symbol": "CSX",
    "reportedCurrency": "USD",
    "cik": "0000277948",
    "fillingDate": "1998-02-18",
    "acceptedDate": "1998-02-18 00:00:00",
    "calendarYear": "1997",
    "period": "FY",
    "revenue": 10621000000,
    "costOfRevenue": 6303000000,
    "grossProfit": 4318000000,
    "grossProfitRatio": 0.4065530553,
    "researchAndDevelopmentExpenses": 0,
    "generalAndAdministrativeExpenses": 4337000000,
    "sellingAndMarketingExpenses": 0,
    "sellingGeneralAndAdministrativeExpenses": 4337000000,
    "otherExpenses": 5812000000,
    "operatingExpenses": 10149000000,
    "costAndExpenses": 16452000000,
    "interestIncome": 0,
    "interestExpense": 0,
    "depreciationAndAmortization": 688000000,
    "ebitda": -5194000000,
    "ebitdaratio": -0.4890311647,
    "operatingIncome": 1583000000,
    "operatingIncomeRatio": 0.1490443461,
    "totalOtherIncomeExpensesNet": -400000000,
    "incomeBeforeTax": 1183000000,
    "incomeBeforeTaxRatio": 0.1113831089,
    "incomeTaxExpense": 384000000,
    "netIncome": 799000000,
    "netIncomeRatio": 0.0752283213,
    "eps": 0.21,
    "epsdiluted": 0.21,
    "weightedAverageShsOut": 3784736842,
    "weightedAverageShsOutDil": 3866129032,
    "link": "https://www.sec.gov/Archives/edgar/data/277948/000027794898000001/0000277948-98-000001-index.html",
    "finalLink": "https://www.sec.gov/Archives/edgar/data/277948/"
  },
  {
    "date": "1996-12-27",
    "symbol": "CSX",
    "reportedCurrency": "USD",
    "cik": "0000277948",
    "fillingDate": "1997-03-14",
    "acceptedDate": "1997-03-14 00:00:00",
    "calendarYear": "1996",
    "period": "FY",
    "revenue": 10536000000,
    "costOfRevenue": 6385000000,
    "grossProfit": 4151000000,
    "grossProfitRatio": 0.3939825361,
    "researchAndDevelopmentExpenses": 0,
    "generalAndAdministrativeExpenses": 4304000000,
    "sellingAndMarketingExpenses": 0,
    "sellingGeneralAndAdministrativeExpenses": 4304000000,
    "otherExpenses": 5853000000,
    "operatingExpenses": 10157000000,
    "costAndExpenses": 16542000000,
    "interestIncome": 0,
    "interestExpense": 0,
    "depreciationAndAmortization": 620000000,
    "ebitda": -6252000000,
    "ebitdaratio": -0.5933940774,
    "operatingIncome": 1522000000,
    "operatingIncomeRatio": 0.1444570995,
    "totalOtherIncomeExpensesNet": -206000000,
    "incomeBeforeTax": 1316000000,
    "incomeBeforeTaxRatio": 0.1249050873,
    "incomeTaxExpense": 461000000,
    "netIncome": 855000000,
    "netIncomeRatio": 0.0811503417,
    "eps": 0.22,
    "epsdiluted": 0.22,
    "weightedAverageShsOut": 3847500000,
    "weightedAverageShsOutDil": 3886363636,
    "link": "https://www.sec.gov/Archives/edgar/data/277948/000027794897000004/0000277948-97-000004-index.html",
    "finalLink": "https://www.sec.gov/Archives/edgar/data/277948/"
  },
  {
    "date": "1995-12-29",
    "symbol": "CSX",
    "reportedCurrency": "USD",
    "cik": "0000277948",
    "fillingDate": "1996-03-01",
    "acceptedDate": "1996-03-01 00:00:00",
    "calendarYear": "1995",
    "period": "FY",
    "revenue": 10504000000,
    "costOfRevenue": 6379000000,
    "grossProfit": 4125000000,
    "grossProfitRatio": 0.39270754,
    "researchAndDevelopmentExpenses": 0,
    "generalAndAdministrativeExpenses": 4432000000,
    "sellingAndMarketingExpenses": 0,
    "sellingGeneralAndAdministrativeExpenses": 4432000000,
    "otherExpenses": -3621000000,
    "operatingExpenses": 811000000,
    "costAndExpenses": 16622000000,
    "interestIncome": 0,
    "interestExpense": 0,
    "depreciationAndAmortization": 600000000,
    "ebitda": -6338000000,
    "ebitdaratio": -0.6033891851,
    "operatingIncome": 1172000000,
    "operatingIncomeRatio": 0.1115765423,
    "totalOtherIncomeExpensesNet": -198000000,
    "incomeBeforeTax": 974000000,
    "incomeBeforeTaxRatio": 0.0927265804,
    "incomeTaxExpense": 356000000,
    "netIncome": 618000000,
    "netIncomeRatio": 0.0588347296,
    "eps": 0.16,
    "epsdiluted": 0.16,
    "weightedAverageShsOut": 3783673469,
    "weightedAverageShsOutDil": 3822680412,
    "link": "https://www.sec.gov/Archives/edgar/data/277948/000027794896000003/0000277948-96-000003-index.html",
    "finalLink": "https://www.sec.gov/Archives/edgar/data/277948/"
  },
  {
    "date": "1994-12-30",
    "symbol": "CSX",
    "reportedCurrency": "USD",
    "cik": "0000277948",
    "fillingDate": "1995-03-03",
    "acceptedDate": "1995-03-03 00:00:00",
    "calendarYear": "1994",
    "period": "FY",
    "revenue": 9608000000,
    "costOfRevenue": 5669000000,
    "grossProfit": 3939000000,
    "grossProfitRatio": 0.4099708576,
    "researchAndDevelopmentExpenses": 0,
    "generalAndAdministrativeExpenses": 4290000000,
    "sellingAndMarketingExpenses": 0,
    "sellingGeneralAndAdministrativeExpenses": 4290000000,
    "otherExpenses": -3763000000,
    "operatingExpenses": 527000000,
    "costAndExpenses": 15168000000,
    "interestIncome": 0,
    "interestExpense": 0,
    "depreciationAndAmortization": 577000000,
    "ebitda": -5891000000,
    "ebitdaratio": -0.6131348876,
    "operatingIncome": 1232000000,
    "operatingIncomeRatio": 0.1282264779,
    "totalOtherIncomeExpensesNet": -226000000,
    "incomeBeforeTax": 1006000000,
    "incomeBeforeTaxRatio": 0.104704413,
    "incomeTaxExpense": 354000000,
    "netIncome": 652000000,
    "netIncomeRatio": 0.0678601166,
    "eps": 0.17,
    "epsdiluted": 0.17,
    "weightedAverageShsOut": 3767454000,
    "weightedAverageShsOutDil": 3767454000,
    "link": "https://www.sec.gov/Archives/edgar/data/277948/000027794895000003/0000277948-95-000003-index.html",
    "finalLink": "https://www.sec.gov/Archives/edgar/data/277948/"
  },
  {
    "date": "1993-12-31",
    "symbol": "CSX",
    "reportedCurrency": "USD",
    "cik": "0000277948",
    "fillingDate": "1994-03-04",
    "acceptedDate": "1994-03-04 00:00:00",
    "calendarYear": "1993",
    "period": "FY",
    "revenue": 8940000000,
    "costOfRevenue": 7455000000,
    "grossProfit": 1485000000,
    "grossProfitRatio": 0.1661073826,
    "researchAndDevelopmentExpenses": 0,
    "generalAndAdministrativeExpenses": 0,
    "sellingAndMarketingExpenses": 0,
    "sellingGeneralAndAdministrativeExpenses": 0,
    "otherExpenses": 572000000,
    "operatingExpenses": 572000000,
    "costAndExpenses": 8027000000,
    "interestIncome": 0,
    "interestExpense": 0,
    "depreciationAndAmortization": -572000000,
    "ebitda": 1467000000,
    "ebitdaratio": 0.1640939597,
    "operatingIncome": 913000000,
    "operatingIncomeRatio": 0.1021252796,
    "totalOtherIncomeExpensesNet": -280000000,
    "incomeBeforeTax": 633000000,
    "incomeBeforeTaxRatio": 0.0708053691,
    "incomeTaxExpense": 274000000,
    "netIncome": 359000000,
    "netIncomeRatio": 0.0401565996,
    "eps": 0.0961,
    "epsdiluted": 0.095,
    "weightedAverageShsOut": 3735260116,
    "weightedAverageShsOutDil": 3778947368,
    "link": "https://www.sec.gov/Archives/edgar/data/277948/000027794894000002/0000277948-94-000002-index.html",
    "finalLink": "https://www.sec.gov/Archives/edgar/data/277948/"
  },
  {
    "date": "1992-12-31",
    "symbol": "CSX",
    "reportedCurrency": "USD",
    "cik": "0000277948",
    "fillingDate": "1992-12-31",
    "acceptedDate": "1992-12-30 19:00:00",
    "calendarYear": "1992",
    "period": "FY",
    "revenue": 8734000000,
    "costOfRevenue": 7941000000,
    "grossProfit": 793000000,
    "grossProfitRatio": 0.0907945958,
    "researchAndDevelopmentExpenses": 0,
    "generalAndAdministrativeExpenses": 0,
    "sellingAndMarketingExpenses": 0,
    "sellingGeneralAndAdministrativeExpenses": 0,
    "otherExpenses": 527000000,
    "operatingExpenses": 527000000,
    "costAndExpenses": 8468000000,
    "interestIncome": 0,
    "interestExpense": 0,
    "depreciationAndAmortization": -527000000,
    "ebitda": 790000000,
    "ebitdaratio": 0.0904511106,
    "operatingIncome": 266000000,
    "operatingIncomeRatio": 0.0304556904,
    "totalOtherIncomeExpensesNet": -273000000,
    "incomeBeforeTax": -7000000,
    "incomeBeforeTaxRatio": -0.0008014655,
    "incomeTaxExpense": -27000000,
    "netIncome": 20000000,
    "netIncomeRatio": 0.0022899015,
    "eps": 0.0056,
    "epsdiluted": 0.0056,
    "weightedAverageShsOut": 3600000000,
    "weightedAverageShsOutDil": 3600000000,
    "link": "",
    "finalLink": ""
  },
  {
    "date": "1991-12-31",
    "symbol": "CSX",
    "reportedCurrency": "USD",
    "cik": "0000277948",
    "fillingDate": "1991-12-31",
    "acceptedDate": "1991-12-30 19:00:00",
    "calendarYear": "1991",
    "period": "FY",
    "revenue": 8636000000,
    "costOfRevenue": 8036000000,
    "grossProfit": 600000000,
    "grossProfitRatio": 0.0694766095,
    "researchAndDevelopmentExpenses": 0,
    "generalAndAdministrativeExpenses": 0,
    "sellingAndMarketingExpenses": 0,
    "sellingGeneralAndAdministrativeExpenses": 0,
    "otherExpenses": 501000000,
    "operatingExpenses": 501000000,
    "costAndExpenses": 8537000000,
    "interestIncome": 0,
    "interestExpense": 0,
    "depreciationAndAmortization": -501000000,
    "ebitda": 506000000,
    "ebitdaratio": 0.0585919407,
    "operatingIncome": 99000000,
    "operatingIncomeRatio": 0.0114636406,
    "totalOtherIncomeExpensesNet": -212000000,
    "incomeBeforeTax": -113000000,
    "incomeBeforeTaxRatio": -0.0130847615,
    "incomeTaxExpense": -37000000,
    "netIncome": -76000000,
    "netIncomeRatio": -0.0088003705,
    "eps": -0.0211,
    "epsdiluted": -0.0211,
    "weightedAverageShsOut": 3600000000,
    "weightedAverageShsOutDil": 3600000000,
    "link": "",
    "finalLink": ""
  },
  {
    "date": "1990-12-31",
    "symbol": "CSX",
    "reportedCurrency": "USD",
    "cik": "0000277948",
    "fillingDate": "1990-12-31",
    "acceptedDate": "1990-12-30 19:00:00",
    "calendarYear": "1990",
    "period": "FY",
    "revenue": 8205000000,
    "costOfRevenue": 6917000000,
    "grossProfit": 1288000000,
    "grossProfitRatio": 0.1569774528,
    "researchAndDevelopmentExpenses": 0,
    "generalAndAdministrativeExpenses": 0,
    "sellingAndMarketingExpenses": 0,
    "sellingGeneralAndAdministrativeExpenses": 0,
    "otherExpenses": 473000000,
    "operatingExpenses": 473000000,
    "costAndExpenses": 7390000000,
    "interestIncome": 0,
    "interestExpense": 0,
    "depreciationAndAmortization": -473000000,
    "ebitda": 1247000000,
    "ebitdaratio": 0.1519804997,
    "operatingIncome": 815000000,
    "operatingIncomeRatio": 0.099329677,
    "totalOtherIncomeExpensesNet": -278000000,
    "incomeBeforeTax": 537000000,
    "incomeBeforeTaxRatio": 0.0654478976,
    "incomeTaxExpense": 172000000,
    "netIncome": 364000000,
    "netIncomeRatio": 0.0443631932,
    "eps": 0.1,
    "epsdiluted": 0.1,
    "weightedAverageShsOut": 3530386740,
    "weightedAverageShsOutDil": 3530386740,
    "link": "",
    "finalLink": ""
  },
  {
    "date": "1989-12-31",
    "symbol": "CSX",
    "reportedCurrency": "USD",
    "cik": "0000277948",
    "fillingDate": "1989-12-31",
    "acceptedDate": "1989-12-30 19:00:00",
    "calendarYear": "1989",
    "period": "FY",
    "revenue": 7745000000,
    "costOfRevenue": 6429000000,
    "grossProfit": 1316000000,
    "grossProfitRatio": 0.1699160749,
    "researchAndDevelopmentExpenses": 0,
    "generalAndAdministrativeExpenses": 0,
    "sellingAndMarketingExpenses": 0,
    "sellingGeneralAndAdministrativeExpenses": 0,
    "otherExpenses": 447000000,
    "operatingExpenses": 447000000,
    "costAndExpenses": 6876000000,
    "interestIncome": 0,
    "interestExpense": 0,
    "depreciationAndAmortization": -447000000,
    "ebitda": 1150000000,
    "ebitdaratio": 0.1484828922,
    "operatingIncome": 869000000,
    "operatingIncomeRatio": 0.1122014203,
    "totalOtherIncomeExpensesNet": -177000000,
    "incomeBeforeTax": 692000000,
    "incomeBeforeTaxRatio": 0.0893479664,
    "incomeTaxExpense": 265000000,
    "netIncome": 429000000,
    "netIncomeRatio": 0.0553905746,
    "eps": 0.11,
    "epsdiluted": 0.11,
    "weightedAverageShsOut": 3634951456,
    "weightedAverageShsOutDil": 3634951456,
    "link": "",
    "finalLink": ""
  },
  {
    "date": "1988-12-31",
    "symbol": "CSX",
    "reportedCurrency": "USD",
    "cik": "0000277948",
    "fillingDate": "1988-12-31",
    "acceptedDate": "1988-12-30 19:00:00",
    "calendarYear": "1988",
    "period": "FY",
    "revenue": 7592000000,
    "costOfRevenue": 6216000000,
    "grossProfit": 1376000000,
    "grossProfitRatio": 0.1812434141,
    "researchAndDevelopmentExpenses": 0,
    "generalAndAdministrativeExpenses": 0,
    "sellingAndMarketingExpenses": 0,
    "sellingGeneralAndAdministrativeExpenses": 0,
    "otherExpenses": 467000000,
    "operatingExpenses": 467000000,
    "costAndExpenses": 6683000000,
    "interestIncome": 0,
    "interestExpense": 0,
    "depreciationAndAmortization": 467000000,
    "ebitda": 1376000000,
    "ebitdaratio": 0.1812434141,
    "operatingIncome": 909000000,
    "operatingIncomeRatio": 0.1197312961,
    "totalOtherIncomeExpensesNet": -969000000,
    "incomeBeforeTax": -60000000,
    "incomeBeforeTaxRatio": -0.0079030558,
    "incomeTaxExpense": -22000000,
    "netIncome": -33000000,
    "netIncomeRatio": -0.0043466807,
    "eps": -0.0062,
    "epsdiluted": -0.0062,
    "weightedAverageShsOut": 5365384615,
    "weightedAverageShsOutDil": 5365384615,
    "link": "",
    "finalLink": ""
  },
  {
    "date": "1987-12-31",
    "symbol": "CSX",
    "reportedCurrency": "USD",
    "cik": "0000277948",
    "fillingDate": "1987-12-31",
    "acceptedDate": "1987-12-30 19:00:00",
    "calendarYear": "1987",
    "period": "FY",
    "revenue": 8043000000,
    "costOfRevenue": 6604000000,
    "grossProfit": 1439000000,
    "grossProfitRatio": 0.1789133408,
    "researchAndDevelopmentExpenses": 0,
    "generalAndAdministrativeExpenses": 0,
    "sellingAndMarketingExpenses": 0,
    "sellingGeneralAndAdministrativeExpenses": 0,
    "otherExpenses": 544000000,
    "operatingExpenses": 544000000,
    "costAndExpenses": 7148000000,
    "interestIncome": 0,
    "interestExpense": 0,
    "depreciationAndAmortization": 544000000,
    "ebitda": 1439000000,
    "ebitdaratio": 0.1789133408,
    "operatingIncome": 895000000,
    "operatingIncomeRatio": 0.1112768867,
    "totalOtherIncomeExpensesNet": -213000000,
    "incomeBeforeTax": 682000000,
    "incomeBeforeTaxRatio": 0.084794231,
    "incomeTaxExpense": 250000000,
    "netIncome": 432000000,
    "netIncomeRatio": 0.0537113018,
    "eps": 0.0772,
    "epsdiluted": 0.0772,
    "weightedAverageShsOut": 5568345324,
    "weightedAverageShsOutDil": 5568345324,
    "link": "",
    "finalLink": ""
  },
  {
    "date": "1986-12-31",
    "symbol": "CSX",
    "reportedCurrency": "USD",
    "cik": "0000277948",
    "fillingDate": "1986-12-31",
    "acceptedDate": "1986-12-30 19:00:00",
    "calendarYear": "1986",
    "period": "FY",
    "revenue": 6345000000,
    "costOfRevenue": 4964000000,
    "grossProfit": 1381000000,
    "grossProfitRatio": 0.2176516942,
    "researchAndDevelopmentExpenses": 0,
    "generalAndAdministrativeExpenses": 0,
    "sellingAndMarketingExpenses": 0,
    "sellingGeneralAndAdministrativeExpenses": 0,
    "otherExpenses": 344000000,
    "operatingExpenses": 344000000,
    "costAndExpenses": 5308000000,
    "interestIncome": 0,
    "interestExpense": 0,
    "depreciationAndAmortization": 427000000,
    "ebitda": 1464000000,
    "ebitdaratio": 0.2307328605,
    "operatingIncome": 1037000000,
    "operatingIncomeRatio": 0.1634357762,
    "totalOtherIncomeExpensesNet": -308000000,
    "incomeBeforeTax": 729000000,
    "incomeBeforeTaxRatio": 0.114893617,
    "incomeTaxExpense": 311000000,
    "netIncome": 418000000,
    "netIncomeRatio": 0.0658786446,
    "eps": 0.0761,
    "epsdiluted": 0.0761,
    "weightedAverageShsOut": 5491970803,
    "weightedAverageShsOutDil": 5491970803,
    "link": "",
    "finalLink": ""
  },
  {
    "date": "1985-12-31",
    "symbol": "CSX",
    "reportedCurrency": "USD",
    "cik": "0000277948",
    "fillingDate": "1985-12-31",
    "acceptedDate": "1985-12-30 19:00:00",
    "calendarYear": "1985",
    "period": "FY",
    "revenue": 7320000000,
    "costOfRevenue": 6030000000,
    "grossProfit": 1290000000,
    "grossProfitRatio": 0.1762295082,
    "researchAndDevelopmentExpenses": 0,
    "generalAndAdministrativeExpenses": 0,
    "sellingAndMarketingExpenses": 0,
    "sellingGeneralAndAdministrativeExpenses": 0,
    "otherExpenses": 409000000,
    "operatingExpenses": 409000000,
    "costAndExpenses": 6439000000,
    "interestIncome": 0,
    "interestExpense": 0,
    "depreciationAndAmortization": 409000000,
    "ebitda": 1290000000,
    "ebitdaratio": 0.1762295082,
    "operatingIncome": 881000000,
    "operatingIncomeRatio": 0.1203551913,
    "totalOtherIncomeExpensesNet": -1144000000,
    "incomeBeforeTax": -263000000,
    "incomeBeforeTaxRatio": -0.0359289617,
    "incomeTaxExpense": -145000000,
    "netIncome": -118000000,
    "netIncomeRatio": -0.0161202186,
    "eps": -0.0217,
    "epsdiluted": -0.0217,
    "weightedAverageShsOut": 5446153846,
    "weightedAverageShsOutDil": 5446153846,
    "link": "",
    "finalLink": ""
  }
]