[
  {
    "date": "2025-06-30",
    "symbol": "CTRA",
    "reportedCurrency": "USD",
    "cik": "0000858470",
    "fillingDate": "2025-08-05",
    "acceptedDate": "2025-08-05 16:36:47",
    "calendarYear": "2025",
    "period": "Q2",
    "revenue": 1733000000,
    "costOfRevenue": 1177000000,
    "grossProfit": 556000000,
    "grossProfitRatio": 0.320830929,
    "researchAndDevelopmentExpenses": 0,
    "generalAndAdministrativeExpenses": 84000000,
    "sellingAndMarketingExpenses": 0,
    "sellingGeneralAndAdministrativeExpenses": 84000000,
    "otherExpenses": 0,
    "operatingExpenses": 84000000,
    "costAndExpenses": 1261000000,
    "interestIncome": 2000000,
    "interestExpense": 53000000,
    "depreciationAndAmortization": 579000000,
    "ebitda": 1290000000,
    "ebitdaratio": 0.7443739181,
    "operatingIncome": 472000000,
    "operatingIncomeRatio": 0.2723600692,
    "totalOtherIncomeExpensesNet": 186000000,
    "incomeBeforeTax": 658000000,
    "incomeBeforeTaxRatio": 0.3796884016,
    "incomeTaxExpense": 147000000,
    "netIncome": 511000000,
    "netIncomeRatio": 0.294864397,
    "eps": 0.67,
    "epsdiluted": 0.67,
    "weightedAverageShsOut": 759000000,
    "weightedAverageShsOutDil": 759000000,
    "link": "https://www.sec.gov/Archives/edgar/data/858470/000085847025000165/0000858470-25-000165-index.htm",
    "finalLink": "https://www.sec.gov/Archives/edgar/data/858470/000085847025000165/ctra-20250630.htm"
  },
  {
    "date": "2025-03-31",
    "symbol": "CTRA",
    "reportedCurrency": "USD",
    "cik": "0000858470",
    "fillingDate": "2025-05-06",
    "acceptedDate": "2025-05-06 17:24:06",
    "calendarYear": "2025",
    "period": "Q1",
    "revenue": 2016000000,
    "costOfRevenue": 1110000000,
    "grossProfit": 906000000,
    "grossProfitRatio": 0.4494047619,
    "researchAndDevelopmentExpenses": 0,
    "generalAndAdministrativeExpenses": 0,
    "sellingAndMarketingExpenses": 0,
    "sellingGeneralAndAdministrativeExpenses": 92000000,
    "otherExpenses": 0,
    "operatingExpenses": 92000000,
    "costAndExpenses": 1202000000,
    "interestIncome": 8000000,
    "interestExpense": 53000000,
    "depreciationAndAmortization": 506000000,
    "ebitda": 1216000000,
    "ebitdaratio": 0.6031746032,
    "operatingIncome": 814000000,
    "operatingIncomeRatio": 0.4037698413,
    "totalOtherIncomeExpensesNet": -157000000,
    "incomeBeforeTax": 657000000,
    "incomeBeforeTaxRatio": 0.3258928571,
    "incomeTaxExpense": 141000000,
    "netIncome": 516000000,
    "netIncomeRatio": 0.255952381,
    "eps": 0.68,
    "epsdiluted": 0.68,
    "weightedAverageShsOut": 756000000,
    "weightedAverageShsOutDil": 761000000,
    "link": "https://www.sec.gov/Archives/edgar/data/858470/000085847025000111/0000858470-25-000111-index.htm",
    "finalLink": "https://www.sec.gov/Archives/edgar/data/858470/000085847025000111/ctra-20250331.htm"
  },
  {
    "date": "2024-12-31",
    "symbol": "CTRA",
    "reportedCurrency": "USD",
    "cik": "0000858470",
    "fillingDate": "2025-02-25",
    "acceptedDate": "2025-02-25 17:29:26",
    "calendarYear": "2024",
    "period": "Q4",
    "revenue": 1446000000,
    "costOfRevenue": 985000000,
    "grossProfit": 461000000,
    "grossProfitRatio": 0.3188105118,
    "researchAndDevelopmentExpenses": 0,
    "generalAndAdministrativeExpenses": 0,
    "sellingAndMarketingExpenses": 0,
    "sellingGeneralAndAdministrativeExpenses": 84000000,
    "otherExpenses": 0,
    "operatingExpenses": 84000000,
    "costAndExpenses": 1069000000,
    "interestIncome": 11000000,
    "interestExpense": 29000000,
    "depreciationAndAmortization": 486000000,
    "ebitda": 823000000,
    "ebitdaratio": 0.5691562932,
    "operatingIncome": 377000000,
    "operatingIncomeRatio": 0.2607192254,
    "totalOtherIncomeExpensesNet": -69000000,
    "incomeBeforeTax": 308000000,
    "incomeBeforeTaxRatio": 0.2130013831,
    "incomeTaxExpense": 11000000,
    "netIncome": 297000000,
    "netIncomeRatio": 0.2053941909,
    "eps": 0.4,
    "epsdiluted": 0.4,
    "weightedAverageShsOut": 736000000,
    "weightedAverageShsOutDil": 736000000,
    "link": "https://www.sec.gov/Archives/edgar/data/858470/000085847025000075/0000858470-25-000075-index.htm",
    "finalLink": "https://www.sec.gov/Archives/edgar/data/858470/000085847025000075/cog-20241231.htm"
  },
  {
    "date": "2024-09-30",
    "symbol": "CTRA",
    "reportedCurrency": "USD",
    "cik": "0000858470",
    "fillingDate": "2024-11-01",
    "acceptedDate": "2024-11-01 16:06:19",
    "calendarYear": "2024",
    "period": "Q3",
    "revenue": 1295000000,
    "costOfRevenue": 960000000,
    "grossProfit": 335000000,
    "grossProfitRatio": 0.2586872587,
    "researchAndDevelopmentExpenses": 0,
    "generalAndAdministrativeExpenses": 0,
    "sellingAndMarketingExpenses": 0,
    "sellingGeneralAndAdministrativeExpenses": 75000000,
    "otherExpenses": 0,
    "operatingExpenses": 75000000,
    "costAndExpenses": 1035000000,
    "interestIncome": 16000000,
    "interestExpense": 24000000,
    "depreciationAndAmortization": 480000000,
    "ebitda": 823000000,
    "ebitdaratio": 0.6355212355,
    "operatingIncome": 260000000,
    "operatingIncomeRatio": 0.2007722008,
    "totalOtherIncomeExpensesNet": 59000000,
    "incomeBeforeTax": 319000000,
    "incomeBeforeTaxRatio": 0.2463320463,
    "incomeTaxExpense": 67000000,
    "netIncome": 252000000,
    "netIncomeRatio": 0.1945945946,
    "eps": 0.34,
    "epsdiluted": 0.34,
    "weightedAverageShsOut": 738000000,
    "weightedAverageShsOutDil": 744000000,
    "link": "https://www.sec.gov/Archives/edgar/data/858470/000085847024000121/0000858470-24-000121-index.htm",
    "finalLink": "https://www.sec.gov/Archives/edgar/data/858470/000085847024000121/ctra-20240930.htm"
  },
  {
    "date": "2024-06-30",
    "symbol": "CTRA",
    "reportedCurrency": "USD",
    "cik": "0000858470",
    "fillingDate": "2024-08-02",
    "acceptedDate": "2024-08-02 16:30:11",
    "calendarYear": "2024",
    "period": "Q2",
    "revenue": 1287000000,
    "costOfRevenue": 908000000,
    "grossProfit": 379000000,
    "grossProfitRatio": 0.2944832945,
    "researchAndDevelopmentExpenses": 0,
    "generalAndAdministrativeExpenses": 0,
    "sellingAndMarketingExpenses": 0,
    "sellingGeneralAndAdministrativeExpenses": 68000000,
    "otherExpenses": 0,
    "operatingExpenses": 68000000,
    "costAndExpenses": 976000000,
    "interestIncome": 19000000,
    "interestExpense": 34000000,
    "depreciationAndAmortization": 447000000,
    "ebitda": 762000000,
    "ebitdaratio": 0.5920745921,
    "operatingIncome": 311000000,
    "operatingIncomeRatio": 0.2416472416,
    "totalOtherIncomeExpensesNet": -30000000,
    "incomeBeforeTax": 281000000,
    "incomeBeforeTaxRatio": 0.2183372183,
    "incomeTaxExpense": 61000000,
    "netIncome": 220000000,
    "netIncomeRatio": 0.1709401709,
    "eps": 0.3,
    "epsdiluted": 0.29,
    "weightedAverageShsOut": 742000000,
    "weightedAverageShsOutDil": 748000000,
    "link": "https://www.sec.gov/Archives/edgar/data/858470/000085847024000106/0000858470-24-000106-index.htm",
    "finalLink": "https://www.sec.gov/Archives/edgar/data/858470/000085847024000106/ctra-20240630.htm"
  },
  {
    "date": "2024-03-31",
    "symbol": "CTRA",
    "reportedCurrency": "USD",
    "cik": "0000858470",
    "fillingDate": "2024-05-03",
    "acceptedDate": "2024-05-03 14:26:07",
    "calendarYear": "2024",
    "period": "Q1",
    "revenue": 1433000000,
    "costOfRevenue": 917000000,
    "grossProfit": 516000000,
    "grossProfitRatio": 0.3600837404,
    "researchAndDevelopmentExpenses": 0,
    "generalAndAdministrativeExpenses": 0,
    "sellingAndMarketingExpenses": 0,
    "sellingGeneralAndAdministrativeExpenses": 75000000,
    "otherExpenses": 0,
    "operatingExpenses": 75000000,
    "costAndExpenses": 992000000,
    "interestIncome": 16000000,
    "interestExpense": 19000000,
    "depreciationAndAmortization": 432000000,
    "ebitda": 888000000,
    "ebitdaratio": 0.6196789951,
    "operatingIncome": 441000000,
    "operatingIncomeRatio": 0.3077459874,
    "totalOtherIncomeExpensesNet": -4000000,
    "incomeBeforeTax": 437000000,
    "incomeBeforeTaxRatio": 0.3049546406,
    "incomeTaxExpense": 85000000,
    "netIncome": 352000000,
    "netIncomeRatio": 0.2456385206,
    "eps": 0.47,
    "epsdiluted": 0.47,
    "weightedAverageShsOut": 750000000,
    "weightedAverageShsOutDil": 755000000,
    "link": "https://www.sec.gov/Archives/edgar/data/858470/000085847024000069/0000858470-24-000069-index.htm",
    "finalLink": "https://www.sec.gov/Archives/edgar/data/858470/000085847024000069/ctra-20240331.htm"
  },
  {
    "date": "2023-12-31",
    "symbol": "CTRA",
    "reportedCurrency": "USD",
    "cik": "0000858470",
    "fillingDate": "2024-02-23",
    "acceptedDate": "2024-02-23 13:38:25",
    "calendarYear": "2023",
    "period": "Q4",
    "revenue": 1495000000,
    "costOfRevenue": 941000000,
    "grossProfit": 554000000,
    "grossProfitRatio": 0.3705685619,
    "researchAndDevelopmentExpenses": 0,
    "generalAndAdministrativeExpenses": 0,
    "sellingAndMarketingExpenses": 0,
    "sellingGeneralAndAdministrativeExpenses": 76000000,
    "otherExpenses": 0,
    "operatingExpenses": 76000000,
    "costAndExpenses": 1017000000,
    "interestIncome": 15000000,
    "interestExpense": 23000000,
    "depreciationAndAmortization": 456000000,
    "ebitda": 1048000000,
    "ebitdaratio": 0.7010033445,
    "operatingIncome": 478000000,
    "operatingIncomeRatio": 0.3197324415,
    "totalOtherIncomeExpensesNet": 91000000,
    "incomeBeforeTax": 569000000,
    "incomeBeforeTaxRatio": 0.3806020067,
    "incomeTaxExpense": 153000000,
    "netIncome": 416000000,
    "netIncomeRatio": 0.2782608696,
    "eps": 0.55,
    "epsdiluted": 0.55,
    "weightedAverageShsOut": 751000000,
    "weightedAverageShsOutDil": 754251820,
    "link": "https://www.sec.gov/Archives/edgar/data/858470/000085847024000019/0000858470-24-000019-index.htm",
    "finalLink": "https://www.sec.gov/Archives/edgar/data/858470/000085847024000019/cog-20231231.htm"
  },
  {
    "date": "2023-09-30",
    "symbol": "CTRA",
    "reportedCurrency": "USD",
    "cik": "0000858470",
    "fillingDate": "2023-11-07",
    "acceptedDate": "2023-11-07 16:45:23",
    "calendarYear": "2023",
    "period": "Q3",
    "revenue": 1353000000,
    "costOfRevenue": 860000000,
    "grossProfit": 493000000,
    "grossProfitRatio": 0.3643754619,
    "researchAndDevelopmentExpenses": 0,
    "generalAndAdministrativeExpenses": 0,
    "sellingAndMarketingExpenses": 0,
    "sellingGeneralAndAdministrativeExpenses": 80000000,
    "otherExpenses": 0,
    "operatingExpenses": 80000000,
    "costAndExpenses": 940000000,
    "interestIncome": 10000000,
    "interestExpense": 17000000,
    "depreciationAndAmortization": 421000000,
    "ebitda": 855000000,
    "ebitdaratio": 0.6319290466,
    "operatingIncome": 413000000,
    "operatingIncomeRatio": 0.3052475979,
    "totalOtherIncomeExpensesNet": 4000000,
    "incomeBeforeTax": 417000000,
    "incomeBeforeTaxRatio": 0.3082039911,
    "incomeTaxExpense": 94000000,
    "netIncome": 323000000,
    "netIncomeRatio": 0.2387287509,
    "eps": 0.43,
    "epsdiluted": 0.42,
    "weightedAverageShsOut": 753000000,
    "weightedAverageShsOutDil": 758000000,
    "link": "https://www.sec.gov/Archives/edgar/data/858470/000085847023000056/0000858470-23-000056-index.htm",
    "finalLink": "https://www.sec.gov/Archives/edgar/data/858470/000085847023000056/ctra-20230930.htm"
  },
  {
    "date": "2023-06-30",
    "symbol": "CTRA",
    "reportedCurrency": "USD",
    "cik": "0000858470",
    "fillingDate": "2023-08-08",
    "acceptedDate": "2023-08-08 16:54:39",
    "calendarYear": "2023",
    "period": "Q2",
    "revenue": 1197000000,
    "costOfRevenue": 851000000,
    "grossProfit": 346000000,
    "grossProfitRatio": 0.2890559733,
    "researchAndDevelopmentExpenses": 0,
    "generalAndAdministrativeExpenses": 0,
    "sellingAndMarketingExpenses": 0,
    "sellingGeneralAndAdministrativeExpenses": 55000000,
    "otherExpenses": 0,
    "operatingExpenses": 55000000,
    "costAndExpenses": 906000000,
    "interestIncome": 10000000,
    "interestExpense": 16000000,
    "depreciationAndAmortization": 395000000,
    "ebitda": 681000000,
    "ebitdaratio": 0.5689223058,
    "operatingIncome": 291000000,
    "operatingIncomeRatio": 0.2431077694,
    "totalOtherIncomeExpensesNet": -21000000,
    "incomeBeforeTax": 270000000,
    "incomeBeforeTaxRatio": 0.2255639098,
    "incomeTaxExpense": 61000000,
    "netIncome": 209000000,
    "netIncomeRatio": 0.1746031746,
    "eps": 0.28,
    "epsdiluted": 0.27,
    "weightedAverageShsOut": 755000000,
    "weightedAverageShsOutDil": 760000000,
    "link": "https://www.sec.gov/Archives/edgar/data/858470/000085847023000037/0000858470-23-000037-index.htm",
    "finalLink": "https://www.sec.gov/Archives/edgar/data/858470/000085847023000037/cog-20230630.htm"
  },
  {
    "date": "2023-03-31",
    "symbol": "CTRA",
    "reportedCurrency": "USD",
    "cik": "0000858470",
    "fillingDate": "2023-05-05",
    "acceptedDate": "2023-05-05 11:23:27",
    "calendarYear": "2023",
    "period": "Q1",
    "revenue": 1639000000,
    "costOfRevenue": 829000000,
    "grossProfit": 810000000,
    "grossProfitRatio": 0.4942037828,
    "researchAndDevelopmentExpenses": 0,
    "generalAndAdministrativeExpenses": 0,
    "sellingAndMarketingExpenses": 0,
    "sellingGeneralAndAdministrativeExpenses": 69000000,
    "otherExpenses": 0,
    "operatingExpenses": 69000000,
    "costAndExpenses": 898000000,
    "interestIncome": 12000000,
    "interestExpense": 17000000,
    "depreciationAndAmortization": 369000000,
    "ebitda": 1258000000,
    "ebitdaratio": 0.7675411836,
    "operatingIncome": 741000000,
    "operatingIncomeRatio": 0.452104942,
    "totalOtherIncomeExpensesNet": 131000000,
    "incomeBeforeTax": 872000000,
    "incomeBeforeTaxRatio": 0.5320317267,
    "incomeTaxExpense": 195000000,
    "netIncome": 677000000,
    "netIncomeRatio": 0.4130567419,
    "eps": 0.88,
    "epsdiluted": 0.88,
    "weightedAverageShsOut": 768000000,
    "weightedAverageShsOutDil": 768000000,
    "link": "https://www.sec.gov/Archives/edgar/data/858470/000085847023000028/0000858470-23-000028-index.htm",
    "finalLink": "https://www.sec.gov/Archives/edgar/data/858470/000085847023000028/cog-20230331.htm"
  },
  {
    "date": "2022-12-31",
    "symbol": "CTRA",
    "reportedCurrency": "USD",
    "cik": "0000858470",
    "fillingDate": "2023-02-27",
    "acceptedDate": "2023-02-27 16:31:43",
    "calendarYear": "2022",
    "period": "Q4",
    "revenue": 2130000000,
    "costOfRevenue": 890000000,
    "grossProfit": 1240000000,
    "grossProfitRatio": 0.5821596244,
    "researchAndDevelopmentExpenses": 0,
    "generalAndAdministrativeExpenses": 0,
    "sellingAndMarketingExpenses": 0,
    "sellingGeneralAndAdministrativeExpenses": 84000000,
    "otherExpenses": 0,
    "operatingExpenses": 84000000,
    "costAndExpenses": 974000000,
    "interestIncome": 0,
    "interestExpense": 11000000,
    "depreciationAndAmortization": 439000000,
    "ebitda": 1738000000,
    "ebitdaratio": 0.8159624413,
    "operatingIncome": 1156000000,
    "operatingIncomeRatio": 0.5427230047,
    "totalOtherIncomeExpensesNet": 132000000,
    "incomeBeforeTax": 1288000000,
    "incomeBeforeTaxRatio": 0.6046948357,
    "incomeTaxExpense": 256000000,
    "netIncome": 1032000000,
    "netIncomeRatio": 0.4845070423,
    "eps": 1.32,
    "epsdiluted": 1.32,
    "weightedAverageShsOut": 781000000,
    "weightedAverageShsOutDil": 781873560,
    "link": "https://www.sec.gov/Archives/edgar/data/858470/000085847023000011/0000858470-23-000011-index.htm",
    "finalLink": "https://www.sec.gov/Archives/edgar/data/858470/000085847023000011/cog-20221231.htm"
  },
  {
    "date": "2022-09-30",
    "symbol": "CTRA",
    "reportedCurrency": "USD",
    "cik": "0000858470",
    "fillingDate": "2022-11-04",
    "acceptedDate": "2022-11-04 12:58:20",
    "calendarYear": "2022",
    "period": "Q3",
    "revenue": 2676000000,
    "costOfRevenue": 907000000,
    "grossProfit": 1769000000,
    "grossProfitRatio": 0.6610612855,
    "researchAndDevelopmentExpenses": 0,
    "generalAndAdministrativeExpenses": 0,
    "sellingAndMarketingExpenses": 0,
    "sellingGeneralAndAdministrativeExpenses": 94000000,
    "otherExpenses": 0,
    "operatingExpenses": 94000000,
    "costAndExpenses": 1001000000,
    "interestIncome": 0,
    "interestExpense": 17000000,
    "depreciationAndAmortization": 422000000,
    "ebitda": 1954000000,
    "ebitdaratio": 0.7301943199,
    "operatingIncome": 1675000000,
    "operatingIncomeRatio": 0.6259342302,
    "totalOtherIncomeExpensesNet": -160000000,
    "incomeBeforeTax": 1515000000,
    "incomeBeforeTaxRatio": 0.5661434978,
    "incomeTaxExpense": 319000000,
    "netIncome": 1196000000,
    "netIncomeRatio": 0.446935725,
    "eps": 1.51,
    "epsdiluted": 1.5,
    "weightedAverageShsOut": 792000000,
    "weightedAverageShsOutDil": 797000000,
    "link": "https://www.sec.gov/Archives/edgar/data/858470/000085847022000042/0000858470-22-000042-index.htm",
    "finalLink": "https://www.sec.gov/Archives/edgar/data/858470/000085847022000042/cog-20220930.htm"
  },
  {
    "date": "2022-06-30",
    "symbol": "CTRA",
    "reportedCurrency": "USD",
    "cik": "0000858470",
    "fillingDate": "2022-08-03",
    "acceptedDate": "2022-08-03 16:06:16",
    "calendarYear": "2022",
    "period": "Q2",
    "revenue": 2638000000,
    "costOfRevenue": 873000000,
    "grossProfit": 1765000000,
    "grossProfitRatio": 0.6690674754,
    "researchAndDevelopmentExpenses": 0,
    "generalAndAdministrativeExpenses": 0,
    "sellingAndMarketingExpenses": 0,
    "sellingGeneralAndAdministrativeExpenses": 73000000,
    "otherExpenses": 0,
    "operatingExpenses": 73000000,
    "costAndExpenses": 946000000,
    "interestIncome": 0,
    "interestExpense": 21000000,
    "depreciationAndAmortization": 414000000,
    "ebitda": 2023000000,
    "ebitdaratio": 0.76686884,
    "operatingIncome": 1692000000,
    "operatingIncomeRatio": 0.6413949962,
    "totalOtherIncomeExpensesNet": -104000000,
    "incomeBeforeTax": 1588000000,
    "incomeBeforeTaxRatio": 0.6019711903,
    "incomeTaxExpense": 359000000,
    "netIncome": 1229000000,
    "netIncomeRatio": 0.4658832449,
    "eps": 1.53,
    "epsdiluted": 1.53,
    "weightedAverageShsOut": 803000000,
    "weightedAverageShsOutDil": 803000000,
    "link": "https://www.sec.gov/Archives/edgar/data/858470/000085847022000032/0000858470-22-000032-index.htm",
    "finalLink": "https://www.sec.gov/Archives/edgar/data/858470/000085847022000032/cog-20220630.htm"
  },
  {
    "date": "2022-03-31",
    "symbol": "CTRA",
    "reportedCurrency": "USD",
    "cik": "0000858470",
    "fillingDate": "2022-05-03",
    "acceptedDate": "2022-05-03 16:31:12",
    "calendarYear": "2022",
    "period": "Q1",
    "revenue": 2070000000,
    "costOfRevenue": 775000000,
    "grossProfit": 1295000000,
    "grossProfitRatio": 0.6256038647,
    "researchAndDevelopmentExpenses": 0,
    "generalAndAdministrativeExpenses": 0,
    "sellingAndMarketingExpenses": 0,
    "sellingGeneralAndAdministrativeExpenses": 76000000,
    "otherExpenses": 0,
    "operatingExpenses": 76000000,
    "costAndExpenses": 851000000,
    "interestIncome": 0,
    "interestExpense": 21000000,
    "depreciationAndAmortization": 360000000,
    "ebitda": 1159000000,
    "ebitdaratio": 0.5599033816,
    "operatingIncome": 1219000000,
    "operatingIncomeRatio": 0.5888888889,
    "totalOtherIncomeExpensesNet": -441000000,
    "incomeBeforeTax": 778000000,
    "incomeBeforeTaxRatio": 0.3758454106,
    "incomeTaxExpense": 170000000,
    "netIncome": 608000000,
    "netIncomeRatio": 0.2937198068,
    "eps": 0.75,
    "epsdiluted": 0.75,
    "weightedAverageShsOut": 810000000,
    "weightedAverageShsOutDil": 814000000,
    "link": "https://www.sec.gov/Archives/edgar/data/858470/000085847022000018/0000858470-22-000018-index.htm",
    "finalLink": "https://www.sec.gov/Archives/edgar/data/858470/000085847022000018/cog-20220331.htm"
  },
  {
    "date": "2021-12-31",
    "symbol": "CTRA",
    "reportedCurrency": "USD",
    "cik": "0000858470",
    "fillingDate": "2022-03-01",
    "acceptedDate": "2022-03-01 16:45:05",
    "calendarYear": "2021",
    "period": "Q4",
    "revenue": 2144359000,
    "costOfRevenue": 831000000,
    "grossProfit": 1313359000,
    "grossProfitRatio": 0.6124716057,
    "researchAndDevelopmentExpenses": 0,
    "generalAndAdministrativeExpenses": 0,
    "sellingAndMarketingExpenses": 0,
    "sellingGeneralAndAdministrativeExpenses": 127000000,
    "otherExpenses": 0,
    "operatingExpenses": 127000000,
    "costAndExpenses": 958000000,
    "interestIncome": 0,
    "interestExpense": 24000000,
    "depreciationAndAmortization": 410000000,
    "ebitda": 1649000000,
    "ebitdaratio": 0.7689943708,
    "operatingIncome": 1186359000,
    "operatingIncomeRatio": 0.553246448,
    "totalOtherIncomeExpensesNet": 28641000,
    "incomeBeforeTax": 1215000000,
    "incomeBeforeTaxRatio": 0.5666028869,
    "incomeTaxExpense": 276000000,
    "netIncome": 939000000,
    "netIncomeRatio": 0.4378930953,
    "eps": 1.16,
    "epsdiluted": 1.16,
    "weightedAverageShsOut": 810000000,
    "weightedAverageShsOutDil": 810000000,
    "link": "https://www.sec.gov/Archives/edgar/data/858470/000085847022000009/0000858470-22-000009-index.htm",
    "finalLink": "https://www.sec.gov/Archives/edgar/data/858470/000085847022000009/cog-20211231.htm"
  },
  {
    "date": "2021-09-30",
    "symbol": "CTRA",
    "reportedCurrency": "USD",
    "cik": "0000858470",
    "fillingDate": "2021-11-03",
    "acceptedDate": "2021-11-03 15:04:27",
    "calendarYear": "2021",
    "period": "Q3",
    "revenue": 641678000,
    "costOfRevenue": 279642000,
    "grossProfit": 362036000,
    "grossProfitRatio": 0.5642019829,
    "researchAndDevelopmentExpenses": 0,
    "generalAndAdministrativeExpenses": 0,
    "sellingAndMarketingExpenses": 0,
    "sellingGeneralAndAdministrativeExpenses": 65098000,
    "otherExpenses": 0,
    "operatingExpenses": 65098000,
    "costAndExpenses": 344740000,
    "interestIncome": 0,
    "interestExpense": 12577000,
    "depreciationAndAmortization": 97289000,
    "ebitda": 193082000,
    "ebitdaratio": 0.3009016984,
    "operatingIncome": 296938000,
    "operatingIncomeRatio": 0.4627523462,
    "totalOtherIncomeExpensesNet": -213722000,
    "incomeBeforeTax": 83216000,
    "incomeBeforeTaxRatio": 0.1296849822,
    "incomeTaxExpense": 20502000,
    "netIncome": 62714000,
    "netIncomeRatio": 0.0977343777,
    "eps": 0.16,
    "epsdiluted": 0.16,
    "weightedAverageShsOut": 400000000,
    "weightedAverageShsOutDil": 403000000,
    "link": "https://www.sec.gov/Archives/edgar/data/858470/000085847021000060/0000858470-21-000060-index.htm",
    "finalLink": "https://www.sec.gov/Archives/edgar/data/858470/000085847021000060/cog-20210930.htm"
  },
  {
    "date": "2021-06-30",
    "symbol": "CTRA",
    "reportedCurrency": "USD",
    "cik": "0000858470",
    "fillingDate": "2021-07-30",
    "acceptedDate": "2021-07-30 12:53:50",
    "calendarYear": "2021",
    "period": "Q2",
    "revenue": 411788000,
    "costOfRevenue": 247742000,
    "grossProfit": 164046000,
    "grossProfitRatio": 0.3983748919,
    "researchAndDevelopmentExpenses": 0,
    "generalAndAdministrativeExpenses": 0,
    "sellingAndMarketingExpenses": 0,
    "sellingGeneralAndAdministrativeExpenses": 23037000,
    "otherExpenses": 0,
    "operatingExpenses": 23037000,
    "costAndExpenses": 270779000,
    "interestIncome": 0,
    "interestExpense": 12558000,
    "depreciationAndAmortization": 91549000,
    "ebitda": 145411000,
    "ebitdaratio": 0.3531210234,
    "operatingIncome": 141009000,
    "operatingIncomeRatio": 0.3424310568,
    "totalOtherIncomeExpensesNet": -99705000,
    "incomeBeforeTax": 41304000,
    "incomeBeforeTaxRatio": 0.1003040399,
    "incomeTaxExpense": 10840000,
    "netIncome": 30464000,
    "netIncomeRatio": 0.0739798149,
    "eps": 0.08,
    "epsdiluted": 0.08,
    "weightedAverageShsOut": 400000000,
    "weightedAverageShsOutDil": 403000000,
    "link": "https://www.sec.gov/Archives/edgar/data/858470/000085847021000049/0000858470-21-000049-index.htm",
    "finalLink": "https://www.sec.gov/Archives/edgar/data/858470/000085847021000049/cog-20210630.htm"
  },
  {
    "date": "2021-03-31",
    "symbol": "CTRA",
    "reportedCurrency": "USD",
    "cik": "0000858470",
    "fillingDate": "2021-04-30",
    "acceptedDate": "2021-04-30 14:58:48",
    "calendarYear": "2021",
    "period": "Q1",
    "revenue": 472918000,
    "costOfRevenue": 255158000,
    "grossProfit": 217760000,
    "grossProfitRatio": 0.4604603758,
    "researchAndDevelopmentExpenses": 0,
    "generalAndAdministrativeExpenses": 0,
    "sellingAndMarketingExpenses": 0,
    "sellingGeneralAndAdministrativeExpenses": 29155000,
    "otherExpenses": 0,
    "operatingExpenses": 29155000,
    "costAndExpenses": 284313000,
    "interestIncome": 0,
    "interestExpense": 12377000,
    "depreciationAndAmortization": 94148000,
    "ebitda": 269540000,
    "ebitdaratio": 0.569950816,
    "operatingIncome": 188605000,
    "operatingIncomeRatio": 0.3988112104,
    "totalOtherIncomeExpensesNet": -25590000,
    "incomeBeforeTax": 163015000,
    "incomeBeforeTaxRatio": 0.3447003497,
    "incomeTaxExpense": 36661000,
    "netIncome": 126354000,
    "netIncomeRatio": 0.267179511,
    "eps": 0.32,
    "epsdiluted": 0.31,
    "weightedAverageShsOut": 399000000,
    "weightedAverageShsOutDil": 402000000,
    "link": "https://www.sec.gov/Archives/edgar/data/858470/000085847021000022/0000858470-21-000022-index.htm",
    "finalLink": "https://www.sec.gov/Archives/edgar/data/858470/000085847021000022/cog-20210331.htm"
  },
  {
    "date": "2020-12-31",
    "symbol": "CTRA",
    "reportedCurrency": "USD",
    "cik": "0000858470",
    "fillingDate": "2021-02-26",
    "acceptedDate": "2021-02-26 13:33:39",
    "calendarYear": "2020",
    "period": "Q4",
    "revenue": 413157000,
    "costOfRevenue": 269000000,
    "grossProfit": 144157000,
    "grossProfitRatio": 0.3489157875,
    "researchAndDevelopmentExpenses": 0,
    "generalAndAdministrativeExpenses": 0,
    "sellingAndMarketingExpenses": 0,
    "sellingGeneralAndAdministrativeExpenses": 24534000,
    "otherExpenses": 0,
    "operatingExpenses": 24534000,
    "costAndExpenses": 293534000,
    "interestIncome": 0,
    "interestExpense": 10981000,
    "depreciationAndAmortization": 98118000,
    "ebitda": 260952000,
    "ebitdaratio": 0.6316049347,
    "operatingIncome": 119623000,
    "operatingIncomeRatio": 0.2895340028,
    "totalOtherIncomeExpensesNet": 32230000,
    "incomeBeforeTax": 151853000,
    "incomeBeforeTaxRatio": 0.3675430889,
    "incomeTaxExpense": 20647000,
    "netIncome": 131205999,
    "netIncomeRatio": 0.3175693477,
    "eps": 0.33,
    "epsdiluted": 0.33,
    "weightedAverageShsOut": 398583000,
    "weightedAverageShsOutDil": 398583000,
    "link": "https://www.sec.gov/Archives/edgar/data/858470/000085847021000013/0000858470-21-000013-index.htm",
    "finalLink": "https://www.sec.gov/Archives/edgar/data/858470/000085847021000013/cog-20201231.htm"
  },
  {
    "date": "2020-09-30",
    "symbol": "CTRA",
    "reportedCurrency": "USD",
    "cik": "0000858470",
    "fillingDate": "2020-10-30",
    "acceptedDate": "2020-10-30 12:24:44",
    "calendarYear": "2020",
    "period": "Q3",
    "revenue": 333294000,
    "costOfRevenue": 274343000,
    "grossProfit": 58951000,
    "grossProfitRatio": 0.1768738711,
    "researchAndDevelopmentExpenses": 0,
    "generalAndAdministrativeExpenses": 0,
    "sellingAndMarketingExpenses": 0,
    "sellingGeneralAndAdministrativeExpenses": 24262000,
    "otherExpenses": 0,
    "operatingExpenses": 24262000,
    "costAndExpenses": 298605000,
    "interestIncome": 0,
    "interestExpense": 14389000,
    "depreciationAndAmortization": 99649000,
    "ebitda": 92059000,
    "ebitdaratio": 0.2762095927,
    "operatingIncome": 34689000,
    "operatingIncomeRatio": 0.1040792814,
    "totalOtherIncomeExpensesNet": -56668000,
    "incomeBeforeTax": -21979000,
    "incomeBeforeTaxRatio": -0.0659447815,
    "incomeTaxExpense": -7018000,
    "netIncome": -14961000,
    "netIncomeRatio": -0.0448882968,
    "eps": -0.0375,
    "epsdiluted": -0.0375,
    "weightedAverageShsOut": 398580000,
    "weightedAverageShsOutDil": 398580000,
    "link": "https://www.sec.gov/Archives/edgar/data/858470/000085847020000049/0000858470-20-000049-index.htm",
    "finalLink": "https://www.sec.gov/Archives/edgar/data/858470/000085847020000049/cog-20200930.htm"
  },
  {
    "date": "2020-06-30",
    "symbol": "CTRA",
    "reportedCurrency": "USD",
    "cik": "0000858470",
    "fillingDate": "2020-07-31",
    "acceptedDate": "2020-07-31 11:10:49",
    "calendarYear": "2020",
    "period": "Q2",
    "revenue": 288374000,
    "costOfRevenue": 255225000,
    "grossProfit": 33149000,
    "grossProfitRatio": 0.1149514173,
    "researchAndDevelopmentExpenses": 0,
    "generalAndAdministrativeExpenses": 0,
    "sellingAndMarketingExpenses": 0,
    "sellingGeneralAndAdministrativeExpenses": 23166000,
    "otherExpenses": 0,
    "operatingExpenses": 23166000,
    "costAndExpenses": 278391000,
    "interestIncome": 0,
    "interestExpense": 14543000,
    "depreciationAndAmortization": 96633000,
    "ebitda": 150301000,
    "ebitdaratio": 0.521201634,
    "operatingIncome": 9983000,
    "operatingIncomeRatio": 0.0346182388,
    "totalOtherIncomeExpensesNet": 29142000,
    "incomeBeforeTax": 39125000,
    "incomeBeforeTaxRatio": 0.135674506,
    "incomeTaxExpense": 8751000,
    "netIncome": 30374000,
    "netIncomeRatio": 0.105328497,
    "eps": 0.08,
    "epsdiluted": 0.08,
    "weightedAverageShsOut": 398576000,
    "weightedAverageShsOutDil": 401279000,
    "link": "https://www.sec.gov/Archives/edgar/data/858470/000085847020000032/0000858470-20-000032-index.htm",
    "finalLink": "https://www.sec.gov/Archives/edgar/data/858470/000085847020000032/cog-06302020x10q.htm"
  },
  {
    "date": "2020-03-31",
    "symbol": "CTRA",
    "reportedCurrency": "USD",
    "cik": "0000858470",
    "fillingDate": "2020-05-01",
    "acceptedDate": "2020-05-01 12:45:45",
    "calendarYear": "2020",
    "period": "Q1",
    "revenue": 370395000,
    "costOfRevenue": 266639000,
    "grossProfit": 103756000,
    "grossProfitRatio": 0.2801225718,
    "researchAndDevelopmentExpenses": 0,
    "generalAndAdministrativeExpenses": 0,
    "sellingAndMarketingExpenses": 0,
    "sellingGeneralAndAdministrativeExpenses": 33429000,
    "otherExpenses": 0,
    "operatingExpenses": 33429000,
    "costAndExpenses": 300068000,
    "interestIncome": 0,
    "interestExpense": 14211000,
    "depreciationAndAmortization": 100135000,
    "ebitda": 186470000,
    "ebitdaratio": 0.5034355215,
    "operatingIncome": 70327000,
    "operatingIncomeRatio": 0.1898702736,
    "totalOtherIncomeExpensesNet": 1797000,
    "incomeBeforeTax": 72124000,
    "incomeBeforeTaxRatio": 0.194721851,
    "incomeTaxExpense": 18214000,
    "netIncome": 53910000,
    "netIncomeRatio": 0.1455473211,
    "eps": 0.14,
    "epsdiluted": 0.13,
    "weightedAverageShsOut": 398343000,
    "weightedAverageShsOutDil": 399897000,
    "link": "https://www.sec.gov/Archives/edgar/data/858470/000085847020000019/0000858470-20-000019-index.htm",
    "finalLink": "https://www.sec.gov/Archives/edgar/data/858470/000085847020000019/cog-03312020x10q.htm"
  },
  {
    "date": "2019-12-31",
    "symbol": "CTRA",
    "reportedCurrency": "USD",
    "cik": "0000858470",
    "fillingDate": "2020-02-25",
    "acceptedDate": "2020-02-25 15:44:15",
    "calendarYear": "2019",
    "period": "Q4",
    "revenue": 463526000,
    "costOfRevenue": 285963000,
    "grossProfit": 177563000,
    "grossProfitRatio": 0.3830702053,
    "researchAndDevelopmentExpenses": 0,
    "generalAndAdministrativeExpenses": 0,
    "sellingAndMarketingExpenses": 0,
    "sellingGeneralAndAdministrativeExpenses": 22500000,
    "otherExpenses": 0,
    "operatingExpenses": 22500000,
    "costAndExpenses": 308463000,
    "interestIncome": 0,
    "interestExpense": 14650000,
    "depreciationAndAmortization": 108659000,
    "ebitda": 330724000,
    "ebitdaratio": 0.7134961146,
    "operatingIncome": 155063000,
    "operatingIncomeRatio": 0.3345292389,
    "totalOtherIncomeExpensesNet": 52352000,
    "incomeBeforeTax": 207415000,
    "incomeBeforeTaxRatio": 0.4474722022,
    "incomeTaxExpense": 60475000,
    "netIncome": 146940000,
    "netIncomeRatio": 0.3170048714,
    "eps": 0.36,
    "epsdiluted": 0.36,
    "weightedAverageShsOut": 404581000,
    "weightedAverageShsOutDil": 404581000,
    "link": "https://www.sec.gov/Archives/edgar/data/858470/000085847020000012/0000858470-20-000012-index.htm",
    "finalLink": "https://www.sec.gov/Archives/edgar/data/858470/000085847020000012/cog-12312019x10k.htm"
  },
  {
    "date": "2019-09-30",
    "symbol": "CTRA",
    "reportedCurrency": "USD",
    "cik": "0000858470",
    "fillingDate": "2019-10-25",
    "acceptedDate": "2019-10-25 11:32:21",
    "calendarYear": "2019",
    "period": "Q3",
    "revenue": 418051000,
    "costOfRevenue": 284839000,
    "grossProfit": 133211999,
    "grossProfitRatio": 0.3186501145,
    "researchAndDevelopmentExpenses": 0,
    "generalAndAdministrativeExpenses": 0,
    "sellingAndMarketingExpenses": 0,
    "sellingGeneralAndAdministrativeExpenses": 18391000,
    "otherExpenses": 0,
    "operatingExpenses": 18391000,
    "costAndExpenses": 303230000,
    "interestIncome": 0,
    "interestExpense": 13554000,
    "depreciationAndAmortization": 110889000,
    "ebitda": 240523000,
    "ebitdaratio": 0.5753436782,
    "operatingIncome": 114821000,
    "operatingIncomeRatio": 0.2746578767,
    "totalOtherIncomeExpensesNet": 1259000,
    "incomeBeforeTax": 116080000,
    "incomeBeforeTaxRatio": 0.2776694709,
    "incomeTaxExpense": 25722000,
    "netIncome": 90358000,
    "netIncomeRatio": 0.2161410928,
    "eps": 0.22,
    "epsdiluted": 0.22,
    "weightedAverageShsOut": 412456000,
    "weightedAverageShsOutDil": 414462000,
    "link": "https://www.sec.gov/Archives/edgar/data/858470/000085847019000038/0000858470-19-000038-index.htm",
    "finalLink": "https://www.sec.gov/Archives/edgar/data/858470/000085847019000038/cog-09302019x10q.htm"
  },
  {
    "date": "2019-06-30",
    "symbol": "CTRA",
    "reportedCurrency": "USD",
    "cik": "0000858470",
    "fillingDate": "2019-07-26",
    "acceptedDate": "2019-07-26 11:42:07",
    "calendarYear": "2019",
    "period": "Q2",
    "revenue": 470468000,
    "costOfRevenue": 264072999,
    "grossProfit": 206395000,
    "grossProfitRatio": 0.4387014632,
    "researchAndDevelopmentExpenses": 0,
    "generalAndAdministrativeExpenses": 0,
    "sellingAndMarketingExpenses": 0,
    "sellingGeneralAndAdministrativeExpenses": 22889000,
    "otherExpenses": 0,
    "operatingExpenses": 22889000,
    "costAndExpenses": 286962000,
    "interestIncome": 0,
    "interestExpense": 14567000,
    "depreciationAndAmortization": 96150000,
    "ebitda": 346812000,
    "ebitdaratio": 0.7371638454,
    "operatingIncome": 183506000,
    "operatingIncomeRatio": 0.3900499078,
    "totalOtherIncomeExpensesNet": 52589000,
    "incomeBeforeTax": 236095000,
    "incomeBeforeTaxRatio": 0.5018300926,
    "incomeTaxExpense": 55086000,
    "netIncome": 181009000,
    "netIncomeRatio": 0.3847424267,
    "eps": 0.43,
    "epsdiluted": 0.43,
    "weightedAverageShsOut": 422141000,
    "weightedAverageShsOutDil": 424349000,
    "link": "https://www.sec.gov/Archives/edgar/data/858470/000085847019000032/0000858470-19-000032-index.htm",
    "finalLink": "https://www.sec.gov/Archives/edgar/data/858470/000085847019000032/cog-06302019x10q.htm"
  },
  {
    "date": "2019-03-31",
    "symbol": "CTRA",
    "reportedCurrency": "USD",
    "cik": "0000858470",
    "fillingDate": "2019-04-26",
    "acceptedDate": "2019-04-26 15:54:07",
    "calendarYear": "2019",
    "period": "Q1",
    "revenue": 633424000,
    "costOfRevenue": 259815999,
    "grossProfit": 373608000,
    "grossProfitRatio": 0.5898229306,
    "researchAndDevelopmentExpenses": 0,
    "generalAndAdministrativeExpenses": 0,
    "sellingAndMarketingExpenses": 0,
    "sellingGeneralAndAdministrativeExpenses": 31090000,
    "otherExpenses": 0,
    "operatingExpenses": 31090000,
    "costAndExpenses": 290906000,
    "interestIncome": 0,
    "interestExpense": 12181000,
    "depreciationAndAmortization": 92271000,
    "ebitda": 445086000,
    "ebitdaratio": 0.7026667761,
    "operatingIncome": 342518000,
    "operatingIncomeRatio": 0.5407404835,
    "totalOtherIncomeExpensesNet": -1884000,
    "incomeBeforeTax": 340634000,
    "incomeBeforeTaxRatio": 0.5377661724,
    "incomeTaxExpense": 77871000,
    "netIncome": 262762999,
    "netIncomeRatio": 0.4148295597,
    "eps": 0.62,
    "epsdiluted": 0.62,
    "weightedAverageShsOut": 423116000,
    "weightedAverageShsOutDil": 425189000,
    "link": "https://www.sec.gov/Archives/edgar/data/858470/000085847019000016/0000858470-19-000016-index.htm",
    "finalLink": "https://www.sec.gov/Archives/edgar/data/858470/000085847019000016/cog-03312019x10q.htm"
  },
  {
    "date": "2018-12-31",
    "symbol": "CTRA",
    "reportedCurrency": "USD",
    "cik": "0000858470",
    "fillingDate": "2019-02-26",
    "acceptedDate": "2019-02-26 14:57:51",
    "calendarYear": "2018",
    "period": "Q4",
    "revenue": 670241000,
    "costOfRevenue": 345664000,
    "grossProfit": 324577000,
    "grossProfitRatio": 0.4842690913,
    "researchAndDevelopmentExpenses": 0,
    "generalAndAdministrativeExpenses": 0,
    "sellingAndMarketingExpenses": 0,
    "sellingGeneralAndAdministrativeExpenses": 30629000,
    "otherExpenses": 0,
    "operatingExpenses": 30629000,
    "costAndExpenses": 376293000,
    "interestIncome": 0,
    "interestExpense": 15624000,
    "depreciationAndAmortization": 170585000,
    "ebitda": 511146000,
    "ebitdaratio": 0.7626301584,
    "operatingIncome": 293948000,
    "operatingIncomeRatio": 0.4385706037,
    "totalOtherIncomeExpensesNet": 30989000,
    "incomeBeforeTax": 324937000,
    "incomeBeforeTaxRatio": 0.4848062115,
    "incomeTaxExpense": 49893000,
    "netIncome": 275044000,
    "netIncomeRatio": 0.4103658236,
    "eps": 0.64,
    "epsdiluted": 0.64,
    "weightedAverageShsOut": 430978000,
    "weightedAverageShsOutDil": 430978000,
    "link": "https://www.sec.gov/Archives/edgar/data/858470/000085847019000008/0000858470-19-000008-index.htm",
    "finalLink": "https://www.sec.gov/Archives/edgar/data/858470/000085847019000008/cog-12312018x10k.htm"
  },
  {
    "date": "2018-09-30",
    "symbol": "CTRA",
    "reportedCurrency": "USD",
    "cik": "0000858470",
    "fillingDate": "2018-10-26",
    "acceptedDate": "2018-10-26 11:43:52",
    "calendarYear": "2018",
    "period": "Q3",
    "revenue": 548710000,
    "costOfRevenue": 374042000,
    "grossProfit": 174668000,
    "grossProfitRatio": 0.3183247982,
    "researchAndDevelopmentExpenses": 0,
    "generalAndAdministrativeExpenses": 0,
    "sellingAndMarketingExpenses": 0,
    "sellingGeneralAndAdministrativeExpenses": 20724000,
    "otherExpenses": 0,
    "operatingExpenses": 20724000,
    "costAndExpenses": 394766000,
    "interestIncome": 0,
    "interestExpense": 14191000,
    "depreciationAndAmortization": 126512000,
    "ebitda": 302448000,
    "ebitdaratio": 0.551198265,
    "operatingIncome": 153944000,
    "operatingIncomeRatio": 0.2805562137,
    "totalOtherIncomeExpensesNet": 7801000,
    "incomeBeforeTax": 161745000,
    "incomeBeforeTaxRatio": 0.2947731953,
    "incomeTaxExpense": 39408000,
    "netIncome": 122337000,
    "netIncomeRatio": 0.2229538372,
    "eps": 0.28,
    "epsdiluted": 0.28,
    "weightedAverageShsOut": 440772000,
    "weightedAverageShsOutDil": 443110000,
    "link": "https://www.sec.gov/Archives/edgar/data/858470/000085847018000056/0000858470-18-000056-index.htm",
    "finalLink": "https://www.sec.gov/Archives/edgar/data/858470/000085847018000056/cog-09302018x10q.htm"
  },
  {
    "date": "2018-06-30",
    "symbol": "CTRA",
    "reportedCurrency": "USD",
    "cik": "0000858470",
    "fillingDate": "2018-07-27",
    "acceptedDate": "2018-07-27 11:18:54",
    "calendarYear": "2018",
    "period": "Q2",
    "revenue": 457115000,
    "costOfRevenue": 354730000,
    "grossProfit": 102385000,
    "grossProfitRatio": 0.2239808363,
    "researchAndDevelopmentExpenses": 0,
    "generalAndAdministrativeExpenses": 0,
    "sellingAndMarketingExpenses": 0,
    "sellingGeneralAndAdministrativeExpenses": 21228000,
    "otherExpenses": 0,
    "operatingExpenses": 21228000,
    "costAndExpenses": 375958000,
    "interestIncome": 0,
    "interestExpense": 23328000,
    "depreciationAndAmortization": 136055000,
    "ebitda": 213966000,
    "ebitdaratio": 0.4680791486,
    "operatingIncome": 81157000,
    "operatingIncomeRatio": 0.1775417565,
    "totalOtherIncomeExpensesNet": -26574000,
    "incomeBeforeTax": 54583000,
    "incomeBeforeTaxRatio": 0.1194075889,
    "incomeTaxExpense": 12152000,
    "netIncome": 42431000,
    "netIncomeRatio": 0.0928234689,
    "eps": 0.09,
    "epsdiluted": 0.09,
    "weightedAverageShsOut": 451055000,
    "weightedAverageShsOutDil": 453114000,
    "link": "https://www.sec.gov/Archives/edgar/data/858470/000085847018000043/0000858470-18-000043-index.htm",
    "finalLink": "https://www.sec.gov/Archives/edgar/data/858470/000085847018000043/cog-06302018x10q.htm"
  },
  {
    "date": "2018-03-31",
    "symbol": "CTRA",
    "reportedCurrency": "USD",
    "cik": "0000858470",
    "fillingDate": "2018-04-27",
    "acceptedDate": "2018-04-27 12:50:05",
    "calendarYear": "2018",
    "period": "Q1",
    "revenue": 467650000,
    "costOfRevenue": 230080000,
    "grossProfit": 237570000,
    "grossProfitRatio": 0.5080081257,
    "researchAndDevelopmentExpenses": 0,
    "generalAndAdministrativeExpenses": 0,
    "sellingAndMarketingExpenses": 0,
    "sellingGeneralAndAdministrativeExpenses": 24060000,
    "otherExpenses": 0,
    "operatingExpenses": 24060000,
    "costAndExpenses": 254140000,
    "interestIncome": 0,
    "interestExpense": 20058000,
    "depreciationAndAmortization": 82068000,
    "ebitda": 258998000,
    "ebitdaratio": 0.5538287181,
    "operatingIncome": 213510000,
    "operatingIncomeRatio": 0.4565593927,
    "totalOtherIncomeExpensesNet": -56638000,
    "incomeBeforeTax": 156872000,
    "incomeBeforeTaxRatio": 0.33544745,
    "incomeTaxExpense": 39641000,
    "netIncome": 117231000,
    "netIncomeRatio": 0.2506810649,
    "eps": 0.26,
    "epsdiluted": 0.26,
    "weightedAverageShsOut": 459715000,
    "weightedAverageShsOutDil": 459715000,
    "link": "https://www.sec.gov/Archives/edgar/data/858470/000085847018000022/0000858470-18-000022-index.htm",
    "finalLink": "https://www.sec.gov/Archives/edgar/data/858470/000085847018000022/cog-03312018x10q.htm"
  },
  {
    "date": "2017-12-31",
    "symbol": "CTRA",
    "reportedCurrency": "USD",
    "cik": "0000858470",
    "fillingDate": "2018-03-01",
    "acceptedDate": "2018-02-28 17:49:51",
    "calendarYear": "2017",
    "period": "Q4",
    "revenue": 429930000,
    "costOfRevenue": 303601000,
    "grossProfit": 126329000,
    "grossProfitRatio": 0.2938362059,
    "researchAndDevelopmentExpenses": 0,
    "generalAndAdministrativeExpenses": 0,
    "sellingAndMarketingExpenses": 0,
    "sellingGeneralAndAdministrativeExpenses": 26885000,
    "otherExpenses": 0,
    "operatingExpenses": 26885000,
    "costAndExpenses": 330486000,
    "interestIncome": 0,
    "interestExpense": 20410000,
    "depreciationAndAmortization": 144106000,
    "ebitda": -294718000,
    "ebitdaratio": -0.6855022911,
    "operatingIncome": 99444000,
    "operatingIncomeRatio": 0.2313027702,
    "totalOtherIncomeExpensesNet": -558678000,
    "incomeBeforeTax": -459234000,
    "incomeBeforeTaxRatio": -1.068159933,
    "incomeTaxExpense": -414793000,
    "netIncome": -44441000,
    "netIncomeRatio": -0.1033679901,
    "eps": -0.0961,
    "epsdiluted": -0.0961,
    "weightedAverageShsOut": 462371000,
    "weightedAverageShsOutDil": 462371000,
    "link": "https://www.sec.gov/Archives/edgar/data/858470/000085847018000006/0000858470-18-000006-index.htm",
    "finalLink": "https://www.sec.gov/Archives/edgar/data/858470/000085847018000006/cog-12312017x10k.htm"
  },
  {
    "date": "2017-09-30",
    "symbol": "CTRA",
    "reportedCurrency": "USD",
    "cik": "0000858470",
    "fillingDate": "2017-10-30",
    "acceptedDate": "2017-10-30 16:15:52",
    "calendarYear": "2017",
    "period": "Q3",
    "revenue": 386252000,
    "costOfRevenue": 308897000,
    "grossProfit": 77355000,
    "grossProfitRatio": 0.2002708077,
    "researchAndDevelopmentExpenses": 0,
    "generalAndAdministrativeExpenses": 0,
    "sellingAndMarketingExpenses": 0,
    "sellingGeneralAndAdministrativeExpenses": 23244000,
    "otherExpenses": 0,
    "operatingExpenses": 23244000,
    "costAndExpenses": 332141000,
    "interestIncome": 0,
    "interestExpense": 20331000,
    "depreciationAndAmortization": 146267000,
    "ebitda": 191336000,
    "ebitdaratio": 0.4953657198,
    "operatingIncome": 54111000,
    "operatingIncomeRatio": 0.1400924785,
    "totalOtherIncomeExpensesNet": -29373000,
    "incomeBeforeTax": 24738000,
    "incomeBeforeTaxRatio": 0.0640462703,
    "incomeTaxExpense": 7151000,
    "netIncome": 17587000,
    "netIncomeRatio": 0.0455324503,
    "eps": 0.04,
    "epsdiluted": 0.04,
    "weightedAverageShsOut": 462498000,
    "weightedAverageShsOutDil": 462498000,
    "link": "https://www.sec.gov/Archives/edgar/data/858470/000085847017000024/0000858470-17-000024-index.htm",
    "finalLink": "https://www.sec.gov/Archives/edgar/data/858470/000085847017000024/cog-09302017x10q.htm"
  },
  {
    "date": "2017-06-30",
    "symbol": "CTRA",
    "reportedCurrency": "USD",
    "cik": "0000858470",
    "fillingDate": "2017-07-28",
    "acceptedDate": "2017-07-28 11:25:05",
    "calendarYear": "2017",
    "period": "Q2",
    "revenue": 446652000,
    "costOfRevenue": 307816000,
    "grossProfit": 138836000,
    "grossProfitRatio": 0.3108370723,
    "researchAndDevelopmentExpenses": 0,
    "generalAndAdministrativeExpenses": 0,
    "sellingAndMarketingExpenses": 0,
    "sellingGeneralAndAdministrativeExpenses": 23957000,
    "otherExpenses": 0,
    "operatingExpenses": 23957000,
    "costAndExpenses": 331773000,
    "interestIncome": 0,
    "interestExpense": 20619000,
    "depreciationAndAmortization": 144322000,
    "ebitda": 202077000,
    "ebitdaratio": 0.4524260498,
    "operatingIncome": 114879000,
    "operatingIncomeRatio": 0.2572002364,
    "totalOtherIncomeExpensesNet": -77743000,
    "incomeBeforeTax": 37136000,
    "incomeBeforeTaxRatio": 0.0831430286,
    "incomeTaxExpense": 15609000,
    "netIncome": 21527000,
    "netIncomeRatio": 0.0481963587,
    "eps": 0.05,
    "epsdiluted": 0.05,
    "weightedAverageShsOut": 464768000,
    "weightedAverageShsOutDil": 466745000,
    "link": "https://www.sec.gov/Archives/edgar/data/858470/000085847017000023/0000858470-17-000023-index.htm",
    "finalLink": "https://www.sec.gov/Archives/edgar/data/858470/000085847017000023/cog-06302017x10q.htm"
  },
  {
    "date": "2017-03-31",
    "symbol": "CTRA",
    "reportedCurrency": "USD",
    "cik": "0000858470",
    "fillingDate": "2017-04-28",
    "acceptedDate": "2017-04-28 10:39:47",
    "calendarYear": "2017",
    "period": "Q1",
    "revenue": 484459000,
    "costOfRevenue": 302517000,
    "grossProfit": 181942000,
    "grossProfitRatio": 0.3755570647,
    "researchAndDevelopmentExpenses": 0,
    "generalAndAdministrativeExpenses": 0,
    "sellingAndMarketingExpenses": 0,
    "sellingGeneralAndAdministrativeExpenses": 23700000,
    "otherExpenses": 0,
    "operatingExpenses": 23700000,
    "costAndExpenses": 326217000,
    "interestIncome": 0,
    "interestExpense": 20771000,
    "depreciationAndAmortization": 137942000,
    "ebitda": 327638000,
    "ebitdaratio": 0.6762966526,
    "operatingIncome": 158242000,
    "operatingIncomeRatio": 0.3266365162,
    "totalOtherIncomeExpensesNet": 10683000,
    "incomeBeforeTax": 168925000,
    "incomeBeforeTaxRatio": 0.3486879179,
    "incomeTaxExpense": 63205000,
    "netIncome": 105720000,
    "netIncomeRatio": 0.2182228011,
    "eps": 0.23,
    "epsdiluted": 0.23,
    "weightedAverageShsOut": 465348000,
    "weightedAverageShsOutDil": 466888000,
    "link": "https://www.sec.gov/Archives/edgar/data/858470/000085847017000013/0000858470-17-000013-index.htm",
    "finalLink": "https://www.sec.gov/Archives/edgar/data/858470/000085847017000013/cog-03312017x10q.htm"
  },
  {
    "date": "2016-12-31",
    "symbol": "CTRA",
    "reportedCurrency": "USD",
    "cik": "0000858470",
    "fillingDate": "2017-02-27",
    "acceptedDate": "2017-02-27 11:04:42",
    "calendarYear": "2016",
    "period": "Q4",
    "revenue": 354155000,
    "costOfRevenue": 301732000,
    "grossProfit": 52423000,
    "grossProfitRatio": 0.1480227584,
    "researchAndDevelopmentExpenses": 0,
    "generalAndAdministrativeExpenses": 0,
    "sellingAndMarketingExpenses": 0,
    "sellingGeneralAndAdministrativeExpenses": 18843000,
    "otherExpenses": 0,
    "operatingExpenses": 18843000,
    "costAndExpenses": 320575000,
    "interestIncome": 0,
    "interestExpense": 20515000,
    "depreciationAndAmortization": 151320000,
    "ebitda": -292157000,
    "ebitdaratio": -0.8249410569,
    "operatingIncome": 33580000,
    "operatingIncomeRatio": 0.094817241,
    "totalOtherIncomeExpensesNet": -497572000,
    "incomeBeforeTax": -463992000,
    "incomeBeforeTaxRatio": -1.3101382163,
    "incomeTaxExpense": -171232000,
    "netIncome": -292760000,
    "netIncomeRatio": -0.8266437012,
    "eps": -0.63,
    "epsdiluted": -0.63,
    "weightedAverageShsOut": 464556096,
    "weightedAverageShsOutDil": 465150000,
    "link": "https://www.sec.gov/Archives/edgar/data/858470/000085847017000007/0000858470-17-000007-index.htm",
    "finalLink": "https://www.sec.gov/Archives/edgar/data/858470/000085847017000007/cog-12312016x10k.htm"
  },
  {
    "date": "2016-09-30",
    "symbol": "CTRA",
    "reportedCurrency": "USD",
    "cik": "0000858470",
    "fillingDate": "2016-10-28",
    "acceptedDate": "2016-10-28 11:52:35",
    "calendarYear": "2016",
    "period": "Q3",
    "revenue": 303525000,
    "costOfRevenue": 284485000,
    "grossProfit": 19040000,
    "grossProfitRatio": 0.0627295939,
    "researchAndDevelopmentExpenses": 0,
    "generalAndAdministrativeExpenses": 0,
    "sellingAndMarketingExpenses": 0,
    "sellingGeneralAndAdministrativeExpenses": 19776000,
    "otherExpenses": 0,
    "operatingExpenses": 19776000,
    "costAndExpenses": 304261000,
    "interestIncome": 0,
    "interestExpense": 21483000,
    "depreciationAndAmortization": 139490000,
    "ebitda": 142686000,
    "ebitdaratio": 0.4700963677,
    "operatingIncome": -736000,
    "operatingIncomeRatio": -0.0024248414,
    "totalOtherIncomeExpensesNet": -17551000,
    "incomeBeforeTax": -18287000,
    "incomeBeforeTaxRatio": -0.0602487439,
    "incomeTaxExpense": -8026999,
    "netIncome": -10260000,
    "netIncomeRatio": -0.0338028169,
    "eps": -0.0221,
    "epsdiluted": -0.0221,
    "weightedAverageShsOut": 465149000,
    "weightedAverageShsOutDil": 465149000,
    "link": "https://www.sec.gov/Archives/edgar/data/858470/000085847016000066/0000858470-16-000066-index.htm",
    "finalLink": "https://www.sec.gov/Archives/edgar/data/858470/000085847016000066/cog-09302016x10q.htm"
  },
  {
    "date": "2016-06-30",
    "symbol": "CTRA",
    "reportedCurrency": "USD",
    "cik": "0000858470",
    "fillingDate": "2016-07-29",
    "acceptedDate": "2016-07-29 10:56:39",
    "calendarYear": "2016",
    "period": "Q2",
    "revenue": 246816000,
    "costOfRevenue": 283591000,
    "grossProfit": -36775000,
    "grossProfitRatio": -0.1489976339,
    "researchAndDevelopmentExpenses": 0,
    "generalAndAdministrativeExpenses": 19945000,
    "sellingAndMarketingExpenses": 0,
    "sellingGeneralAndAdministrativeExpenses": 19945000,
    "otherExpenses": 12711000,
    "operatingExpenses": 32656000,
    "costAndExpenses": 316247000,
    "interestIncome": 0,
    "interestExpense": 21963000,
    "depreciationAndAmortization": 147533000,
    "ebitda": 72140000,
    "ebitdaratio": 0.29228251,
    "operatingIncome": -70382000,
    "operatingIncomeRatio": -0.2851597952,
    "totalOtherIncomeExpensesNet": -26974000,
    "incomeBeforeTax": -97356000,
    "incomeBeforeTaxRatio": -0.3944476857,
    "incomeTaxExpense": -34446000,
    "netIncome": -62910000,
    "netIncomeRatio": -0.254886231,
    "eps": -0.14,
    "epsdiluted": -0.14,
    "weightedAverageShsOut": 449357142,
    "weightedAverageShsOutDil": 465068000,
    "link": "https://www.sec.gov/Archives/edgar/data/858470/000085847016000061/0000858470-16-000061-index.htm",
    "finalLink": "https://www.sec.gov/Archives/edgar/data/858470/000085847016000061/cog-06302016x10q.htm"
  },
  {
    "date": "2016-03-31",
    "symbol": "CTRA",
    "reportedCurrency": "USD",
    "cik": "0000858470",
    "fillingDate": "2016-05-03",
    "acceptedDate": "2016-05-03 10:00:06",
    "calendarYear": "2016",
    "period": "Q1",
    "revenue": 281941000,
    "costOfRevenue": 300140000,
    "grossProfit": -18199000,
    "grossProfitRatio": -0.0645489659,
    "researchAndDevelopmentExpenses": 0,
    "generalAndAdministrativeExpenses": 27873000,
    "sellingAndMarketingExpenses": 0,
    "sellingGeneralAndAdministrativeExpenses": 27873000,
    "otherExpenses": 12377000,
    "operatingExpenses": 40250000,
    "costAndExpenses": 340390000,
    "interestIncome": 0,
    "interestExpense": 24375000,
    "depreciationAndAmortization": 161887000,
    "ebitda": 106298000,
    "ebitdaratio": 0.3770221429,
    "operatingIncome": -55086000,
    "operatingIncomeRatio": -0.1953813032,
    "totalOtherIncomeExpensesNet": -24878000,
    "incomeBeforeTax": -79964000,
    "incomeBeforeTaxRatio": -0.2836196225,
    "incomeTaxExpense": -28770000,
    "netIncome": -51194000,
    "netIncomeRatio": -0.1815769966,
    "eps": -0.12,
    "epsdiluted": -0.12,
    "weightedAverageShsOut": 426616666,
    "weightedAverageShsOutDil": 431841000,
    "link": "https://www.sec.gov/Archives/edgar/data/858470/000085847016000049/0000858470-16-000049-index.htm",
    "finalLink": "https://www.sec.gov/Archives/edgar/data/858470/000085847016000049/cog-03312016x10q.htm"
  },
  {
    "date": "2015-12-31",
    "symbol": "CTRA",
    "reportedCurrency": "USD",
    "cik": "0000858470",
    "fillingDate": "2016-02-22",
    "acceptedDate": "2016-02-22 15:27:31",
    "calendarYear": "2015",
    "period": "Q4",
    "revenue": 280791000,
    "costOfRevenue": 292628000,
    "grossProfit": -11837000,
    "grossProfitRatio": -0.0421559096,
    "researchAndDevelopmentExpenses": 0,
    "generalAndAdministrativeExpenses": 15833000,
    "sellingAndMarketingExpenses": 0,
    "sellingGeneralAndAdministrativeExpenses": 15833000,
    "otherExpenses": 17011000,
    "operatingExpenses": 32844000,
    "costAndExpenses": 325472000,
    "interestIncome": 0,
    "interestExpense": 24666000,
    "depreciationAndAmortization": 149876000,
    "ebitda": -7794000,
    "ebitdaratio": -0.0277572999,
    "operatingIncome": -157670000,
    "operatingIncomeRatio": -0.5615208465,
    "totalOtherIncomeExpensesNet": -24667000,
    "incomeBeforeTax": -182337000,
    "incomeBeforeTaxRatio": -0.6493691037,
    "incomeTaxExpense": -71213000,
    "netIncome": -111124000,
    "netIncomeRatio": -0.3957534251,
    "eps": -0.27,
    "epsdiluted": -0.27,
    "weightedAverageShsOut": 411747269,
    "weightedAverageShsOutDil": 413875000,
    "link": "https://www.sec.gov/Archives/edgar/data/858470/000085847016000036/0000858470-16-000036-index.htm",
    "finalLink": "https://www.sec.gov/Archives/edgar/data/858470/000085847016000036/cog-12312015x10k.htm"
  },
  {
    "date": "2015-09-30",
    "symbol": "CTRA",
    "reportedCurrency": "USD",
    "cik": "0000858470",
    "fillingDate": "2015-10-23",
    "acceptedDate": "2015-10-23 10:28:55",
    "calendarYear": "2015",
    "period": "Q3",
    "revenue": 305296000,
    "costOfRevenue": 284285000,
    "grossProfit": 21011000,
    "grossProfitRatio": 0.0688217337,
    "researchAndDevelopmentExpenses": 0,
    "generalAndAdministrativeExpenses": 11102000,
    "sellingAndMarketingExpenses": 0,
    "sellingGeneralAndAdministrativeExpenses": 11102000,
    "otherExpenses": 16337000,
    "operatingExpenses": 27439000,
    "costAndExpenses": 311724000,
    "interestIncome": 0,
    "interestExpense": 24510000,
    "depreciationAndAmortization": 144326000,
    "ebitda": 143302000,
    "ebitdaratio": 0.4693870866,
    "operatingIncome": -1024000,
    "operatingIncomeRatio": -0.0033541219,
    "totalOtherIncomeExpensesNet": -24510000,
    "incomeBeforeTax": -25534000,
    "incomeBeforeTaxRatio": -0.0836368639,
    "incomeTaxExpense": -10020000,
    "netIncome": -15514000,
    "netIncomeRatio": -0.050816257,
    "eps": -0.0375,
    "epsdiluted": -0.0375,
    "weightedAverageShsOut": 413846000,
    "weightedAverageShsOutDil": 413846000,
    "link": "https://www.sec.gov/Archives/edgar/data/858470/000085847015000027/0000858470-15-000027-index.htm",
    "finalLink": "https://www.sec.gov/Archives/edgar/data/858470/000085847015000027/cog-09302015x10q.htm"
  },
  {
    "date": "2015-06-30",
    "symbol": "CTRA",
    "reportedCurrency": "USD",
    "cik": "0000858470",
    "fillingDate": "2015-07-24",
    "acceptedDate": "2015-07-24 10:34:01",
    "calendarYear": "2015",
    "period": "Q2",
    "revenue": 306297000,
    "costOfRevenue": 289805000,
    "grossProfit": 16492000,
    "grossProfitRatio": 0.0538431653,
    "researchAndDevelopmentExpenses": 0,
    "generalAndAdministrativeExpenses": 19978000,
    "sellingAndMarketingExpenses": 0,
    "sellingGeneralAndAdministrativeExpenses": 19978000,
    "otherExpenses": 16909000,
    "operatingExpenses": 36887000,
    "costAndExpenses": 326692000,
    "interestIncome": 0,
    "interestExpense": 24168000,
    "depreciationAndAmortization": 152512000,
    "ebitda": 133550000,
    "ebitdaratio": 0.4360147177,
    "operatingIncome": -18962000,
    "operatingIncomeRatio": -0.0619072338,
    "totalOtherIncomeExpensesNet": -24168000,
    "incomeBeforeTax": -43130000,
    "incomeBeforeTaxRatio": -0.1408110429,
    "incomeTaxExpense": -15622000,
    "netIncome": -27508000,
    "netIncomeRatio": -0.089808258,
    "eps": -0.0665,
    "epsdiluted": -0.0665,
    "weightedAverageShsOut": 413713000,
    "weightedAverageShsOutDil": 413713000,
    "link": "https://www.sec.gov/Archives/edgar/data/858470/000085847015000015/0000858470-15-000015-index.htm",
    "finalLink": "https://www.sec.gov/Archives/edgar/data/858470/000085847015000015/cog-06302015x10q.htm"
  },
  {
    "date": "2015-03-31",
    "symbol": "CTRA",
    "reportedCurrency": "USD",
    "cik": "0000858470",
    "fillingDate": "2015-04-24",
    "acceptedDate": "2015-04-24 11:24:59",
    "calendarYear": "2015",
    "period": "Q1",
    "revenue": 464765000,
    "costOfRevenue": 336488000,
    "grossProfit": 128277000,
    "grossProfitRatio": 0.276004002,
    "researchAndDevelopmentExpenses": 0,
    "generalAndAdministrativeExpenses": 22529000,
    "sellingAndMarketingExpenses": 0,
    "sellingGeneralAndAdministrativeExpenses": 22529000,
    "otherExpenses": 20012000,
    "operatingExpenses": 42541000,
    "costAndExpenses": 379029000,
    "interestIncome": 0,
    "interestExpense": 23566000,
    "depreciationAndAmortization": 175497000,
    "ebitda": 262792000,
    "ebitdaratio": 0.5654298409,
    "operatingIncome": 87295000,
    "operatingIncomeRatio": 0.1878261057,
    "totalOtherIncomeExpensesNet": -23566000,
    "incomeBeforeTax": 63729000,
    "incomeBeforeTaxRatio": 0.1371209106,
    "incomeTaxExpense": 23474000,
    "netIncome": 40255000,
    "netIncomeRatio": 0.086613665,
    "eps": 0.1,
    "epsdiluted": 0.1,
    "weightedAverageShsOut": 413344000,
    "weightedAverageShsOutDil": 414771000,
    "link": "https://www.sec.gov/Archives/edgar/data/858470/000085847015000006/0000858470-15-000006-index.htm",
    "finalLink": "https://www.sec.gov/Archives/edgar/data/858470/000085847015000006/cog-03312015x10q.htm"
  },
  {
    "date": "2014-12-31",
    "symbol": "CTRA",
    "reportedCurrency": "USD",
    "cik": "0000858470",
    "fillingDate": "2015-02-27",
    "acceptedDate": "2015-02-27 11:15:10",
    "calendarYear": "2014",
    "period": "Q4",
    "revenue": 618004000,
    "costOfRevenue": 317127000,
    "grossProfit": 300877000,
    "grossProfitRatio": 0.4868528359,
    "researchAndDevelopmentExpenses": 0,
    "generalAndAdministrativeExpenses": 21248000,
    "sellingAndMarketingExpenses": 0,
    "sellingGeneralAndAdministrativeExpenses": 21248000,
    "otherExpenses": 19001000,
    "operatingExpenses": 40249000,
    "costAndExpenses": 357376000,
    "interestIncome": 0,
    "interestExpense": 23471000,
    "depreciationAndAmortization": 173765000,
    "ebitda": -315528000,
    "ebitdaratio": -0.5105598022,
    "operatingIncome": -489293000,
    "operatingIncomeRatio": -0.7917311215,
    "totalOtherIncomeExpensesNet": -23473000,
    "incomeBeforeTax": -512766000,
    "incomeBeforeTaxRatio": -0.8297130763,
    "incomeTaxExpense": -290995000,
    "netIncome": -221771000,
    "netIncomeRatio": -0.3588504282,
    "eps": -0.54,
    "epsdiluted": -0.54,
    "weightedAverageShsOut": 412600279,
    "weightedAverageShsOutDil": 413035000,
    "link": "https://www.sec.gov/Archives/edgar/data/858470/000162828015001120/0001628280-15-001120-index.htm",
    "finalLink": "https://www.sec.gov/Archives/edgar/data/858470/000162828015001120/cog-12312014x10k.htm"
  },
  {
    "date": "2014-09-30",
    "symbol": "CTRA",
    "reportedCurrency": "USD",
    "cik": "0000858470",
    "fillingDate": "2014-10-24",
    "acceptedDate": "2014-10-24 10:55:37",
    "calendarYear": "2014",
    "period": "Q3",
    "revenue": 512017000,
    "costOfRevenue": 283461000,
    "grossProfit": 228556000,
    "grossProfitRatio": 0.4463836162,
    "researchAndDevelopmentExpenses": 0,
    "generalAndAdministrativeExpenses": 19579000,
    "sellingAndMarketingExpenses": 0,
    "sellingGeneralAndAdministrativeExpenses": 19579000,
    "otherExpenses": 19745000,
    "operatingExpenses": 39324000,
    "costAndExpenses": 322785000,
    "interestIncome": 0,
    "interestExpense": 17422000,
    "depreciationAndAmortization": 154014000,
    "ebitda": 344355000,
    "ebitdaratio": 0.6725460287,
    "operatingIncome": 190341000,
    "operatingIncomeRatio": 0.3717474224,
    "totalOtherIncomeExpensesNet": -17422000,
    "incomeBeforeTax": 172919000,
    "incomeBeforeTaxRatio": 0.3377212085,
    "incomeTaxExpense": 72131000,
    "netIncome": 100788000,
    "netIncomeRatio": 0.1968450266,
    "eps": 0.24,
    "epsdiluted": 0.24,
    "weightedAverageShsOut": 416173000,
    "weightedAverageShsOutDil": 418093000,
    "link": "https://www.sec.gov/Archives/edgar/data/858470/000144530514004439/0001445305-14-004439-index.htm",
    "finalLink": "https://www.sec.gov/Archives/edgar/data/858470/000144530514004439/cog-09302014x10q.htm"
  },
  {
    "date": "2014-06-30",
    "symbol": "CTRA",
    "reportedCurrency": "USD",
    "cik": "0000858470",
    "fillingDate": "2014-07-25",
    "acceptedDate": "2014-07-25 11:40:07",
    "calendarYear": "2014",
    "period": "Q2",
    "revenue": 533187000,
    "costOfRevenue": 284175000,
    "grossProfit": 249012000,
    "grossProfitRatio": 0.4670256402,
    "researchAndDevelopmentExpenses": 0,
    "generalAndAdministrativeExpenses": 20127000,
    "sellingAndMarketingExpenses": 0,
    "sellingGeneralAndAdministrativeExpenses": 20127000,
    "otherExpenses": 17492000,
    "operatingExpenses": 37619000,
    "costAndExpenses": 321794000,
    "interestIncome": 0,
    "interestExpense": 16334000,
    "depreciationAndAmortization": 157563000,
    "ebitda": 368216000,
    "ebitdaratio": 0.6905944819,
    "operatingIncome": 210653000,
    "operatingIncomeRatio": 0.3950827758,
    "totalOtherIncomeExpensesNet": -16334000,
    "incomeBeforeTax": 194319000,
    "incomeBeforeTaxRatio": 0.3644481205,
    "incomeTaxExpense": 75899000,
    "netIncome": 118420000,
    "netIncomeRatio": 0.2220984383,
    "eps": 0.28,
    "epsdiluted": 0.28,
    "weightedAverageShsOut": 417291000,
    "weightedAverageShsOutDil": 417291000,
    "link": "https://www.sec.gov/Archives/edgar/data/858470/000110465914053505/0001104659-14-053505-index.htm",
    "finalLink": "https://www.sec.gov/Archives/edgar/data/858470/000110465914053505/a14-13645_110q.htm"
  },
  {
    "date": "2014-03-31",
    "symbol": "CTRA",
    "reportedCurrency": "USD",
    "cik": "0000858470",
    "fillingDate": "2014-04-25",
    "acceptedDate": "2014-04-25 09:43:35",
    "calendarYear": "2014",
    "period": "Q1",
    "revenue": 509803000,
    "costOfRevenue": 272877000,
    "grossProfit": 236926000,
    "grossProfitRatio": 0.4647403016,
    "researchAndDevelopmentExpenses": 0,
    "generalAndAdministrativeExpenses": 21636000,
    "sellingAndMarketingExpenses": 0,
    "sellingGeneralAndAdministrativeExpenses": 21636000,
    "otherExpenses": 19518000,
    "operatingExpenses": 41154000,
    "costAndExpenses": 314031000,
    "interestIncome": 0,
    "interestExpense": 16557000,
    "depreciationAndAmortization": 147418000,
    "ebitda": 341905000,
    "ebitdaratio": 0.67066102,
    "operatingIncome": 194487000,
    "operatingIncomeRatio": 0.3814944204,
    "totalOtherIncomeExpensesNet": -16557000,
    "incomeBeforeTax": 177930000,
    "incomeBeforeTaxRatio": 0.3490171694,
    "incomeTaxExpense": 70899000,
    "netIncome": 107031000,
    "netIncomeRatio": 0.2099458026,
    "eps": 0.26,
    "epsdiluted": 0.26,
    "weightedAverageShsOut": 416900000,
    "weightedAverageShsOutDil": 416900000,
    "link": "https://www.sec.gov/Archives/edgar/data/858470/000110465914030311/0001104659-14-030311-index.htm",
    "finalLink": "https://www.sec.gov/Archives/edgar/data/858470/000110465914030311/a14-9350_110q.htm"
  },
  {
    "date": "2013-12-31",
    "symbol": "CTRA",
    "reportedCurrency": "USD",
    "cik": "0000858470",
    "fillingDate": "2014-02-28",
    "acceptedDate": "2014-02-28 09:05:12",
    "calendarYear": "2013",
    "period": "Q4",
    "revenue": 487463000,
    "costOfRevenue": 300235000,
    "grossProfit": 187228000,
    "grossProfitRatio": 0.3840865871,
    "researchAndDevelopmentExpenses": 0,
    "generalAndAdministrativeExpenses": 22597000,
    "sellingAndMarketingExpenses": 0,
    "sellingGeneralAndAdministrativeExpenses": 22597000,
    "otherExpenses": 14183000,
    "operatingExpenses": 36780000,
    "costAndExpenses": 337015000,
    "interestIncome": 0,
    "interestExpense": 16190000,
    "depreciationAndAmortization": 182030000,
    "ebitda": 349228000,
    "ebitdaratio": 0.7164195026,
    "operatingIncome": 167198000,
    "operatingIncomeRatio": 0.3429962889,
    "totalOtherIncomeExpensesNet": -16190000,
    "incomeBeforeTax": 151008000,
    "incomeBeforeTaxRatio": 0.3097835118,
    "incomeTaxExpense": 73062000,
    "netIncome": 77946000,
    "netIncomeRatio": 0.1599013669,
    "eps": 0.19,
    "epsdiluted": 0.19,
    "weightedAverageShsOut": 418774000,
    "weightedAverageShsOutDil": 418774000,
    "link": "https://www.sec.gov/Archives/edgar/data/858470/000104746914001538/0001047469-14-001538-index.htm",
    "finalLink": "https://www.sec.gov/Archives/edgar/data/858470/000104746914001538/a2218428z10-k.htm"
  },
  {
    "date": "2013-09-30",
    "symbol": "CTRA",
    "reportedCurrency": "USD",
    "cik": "0000858470",
    "fillingDate": "2013-10-25",
    "acceptedDate": "2013-10-25 12:35:06",
    "calendarYear": "2013",
    "period": "Q3",
    "revenue": 435850000,
    "costOfRevenue": 268619000,
    "grossProfit": 167231000,
    "grossProfitRatio": 0.3836893427,
    "researchAndDevelopmentExpenses": 0,
    "generalAndAdministrativeExpenses": 24697000,
    "sellingAndMarketingExpenses": 0,
    "sellingGeneralAndAdministrativeExpenses": 24697000,
    "otherExpenses": 15423000,
    "operatingExpenses": 40120000,
    "costAndExpenses": 308739000,
    "interestIncome": 0,
    "interestExpense": 15796000,
    "depreciationAndAmortization": 168980000,
    "ebitda": 300790000,
    "ebitdaratio": 0.6901227487,
    "operatingIncome": 131810000,
    "operatingIncomeRatio": 0.3024205575,
    "totalOtherIncomeExpensesNet": -16074000,
    "incomeBeforeTax": 115736000,
    "incomeBeforeTaxRatio": 0.2655408971,
    "incomeTaxExpense": 45847000,
    "netIncome": 69889000,
    "netIncomeRatio": 0.1603510382,
    "eps": 0.17,
    "epsdiluted": 0.17,
    "weightedAverageShsOut": 420986000,
    "weightedAverageShsOutDil": 423453000,
    "link": "https://www.sec.gov/Archives/edgar/data/858470/000110465913077893/0001104659-13-077893-index.htm",
    "finalLink": "https://www.sec.gov/Archives/edgar/data/858470/000110465913077893/a13-19491_110q.htm"
  },
  {
    "date": "2013-06-30",
    "symbol": "CTRA",
    "reportedCurrency": "USD",
    "cik": "0000858470",
    "fillingDate": "2013-07-26",
    "acceptedDate": "2013-07-26 09:09:04",
    "calendarYear": "2013",
    "period": "Q2",
    "revenue": 449680000,
    "costOfRevenue": 247719000,
    "grossProfit": 201961000,
    "grossProfitRatio": 0.4491215976,
    "researchAndDevelopmentExpenses": 0,
    "generalAndAdministrativeExpenses": 21608000,
    "sellingAndMarketingExpenses": 0,
    "sellingGeneralAndAdministrativeExpenses": 21608000,
    "otherExpenses": 15893000,
    "operatingExpenses": 37501000,
    "costAndExpenses": 285220000,
    "interestIncome": 0,
    "interestExpense": 16701000,
    "depreciationAndAmortization": 151389000,
    "ebitda": 316415000,
    "ebitdaratio": 0.7036448141,
    "operatingIncome": 165026000,
    "operatingIncomeRatio": 0.3669854118,
    "totalOtherIncomeExpensesNet": -16991000,
    "incomeBeforeTax": 148035000,
    "incomeBeforeTaxRatio": 0.329200765,
    "incomeTaxExpense": 58921000,
    "netIncome": 89114000,
    "netIncomeRatio": 0.1981720334,
    "eps": 0.21,
    "epsdiluted": 0.21,
    "weightedAverageShsOut": 420698000,
    "weightedAverageShsOutDil": 420698000,
    "link": "https://www.sec.gov/Archives/edgar/data/858470/000110465913056880/0001104659-13-056880-index.htm",
    "finalLink": "https://www.sec.gov/Archives/edgar/data/858470/000110465913056880/a13-13232_110q.htm"
  },
  {
    "date": "2013-03-31",
    "symbol": "CTRA",
    "reportedCurrency": "USD",
    "cik": "0000858470",
    "fillingDate": "2013-04-26",
    "acceptedDate": "2013-04-26 11:48:56",
    "calendarYear": "2013",
    "period": "Q1",
    "revenue": 373285000,
    "costOfRevenue": 234760000,
    "grossProfit": 138525000,
    "grossProfitRatio": 0.371097151,
    "researchAndDevelopmentExpenses": 0,
    "generalAndAdministrativeExpenses": 35704000,
    "sellingAndMarketingExpenses": 0,
    "sellingGeneralAndAdministrativeExpenses": 35704000,
    "otherExpenses": 15711000,
    "operatingExpenses": 51415000,
    "costAndExpenses": 286175000,
    "interestIncome": 0,
    "interestExpense": 16255000,
    "depreciationAndAmortization": 148653000,
    "ebitda": 235667000,
    "ebitdaratio": 0.6313326279,
    "operatingIncome": 87014000,
    "operatingIncomeRatio": 0.2331033928,
    "totalOtherIncomeExpensesNet": -16255000,
    "incomeBeforeTax": 70759000,
    "incomeBeforeTaxRatio": 0.1895575767,
    "incomeTaxExpense": 27935000,
    "netIncome": 42824000,
    "netIncomeRatio": 0.1147219953,
    "eps": 0.1,
    "epsdiluted": 0.1,
    "weightedAverageShsOut": 420300000,
    "weightedAverageShsOutDil": 420300000,
    "link": "https://www.sec.gov/Archives/edgar/data/858470/000110465913033398/0001104659-13-033398-index.htm",
    "finalLink": "https://www.sec.gov/Archives/edgar/data/858470/000110465913033398/a13-8283_110q.htm"
  },
  {
    "date": "2012-12-31",
    "symbol": "CTRA",
    "reportedCurrency": "USD",
    "cik": "0000858470",
    "fillingDate": "2013-02-28",
    "acceptedDate": "2013-02-28 16:22:23",
    "calendarYear": "2012",
    "period": "Q4",
    "revenue": 369879000,
    "costOfRevenue": 538357000,
    "grossProfit": -168478000,
    "grossProfitRatio": -0.4554949051,
    "researchAndDevelopmentExpenses": 0,
    "generalAndAdministrativeExpenses": 0,
    "sellingAndMarketingExpenses": 0,
    "sellingGeneralAndAdministrativeExpenses": 27990000,
    "otherExpenses": -318492000,
    "operatingExpenses": -290502000,
    "costAndExpenses": 247855000,
    "interestIncome": 0,
    "interestExpense": 16662000,
    "depreciationAndAmortization": 115984000,
    "ebitda": 221601000,
    "ebitdaratio": 0.5991175493,
    "operatingIncome": 105617000,
    "operatingIncomeRatio": 0.2855447322,
    "totalOtherIncomeExpensesNet": -16662000,
    "incomeBeforeTax": 88955000,
    "incomeBeforeTaxRatio": 0.2404975681,
    "incomeTaxExpense": 48089000,
    "netIncome": 40866000,
    "netIncomeRatio": 0.1104847802,
    "eps": 0.095,
    "epsdiluted": 0.095,
    "weightedAverageShsOut": 419700000,
    "weightedAverageShsOutDil": 419700000,
    "link": "https://www.sec.gov/Archives/edgar/data/858470/000104746913001948/0001047469-13-001948-index.htm",
    "finalLink": "https://www.sec.gov/Archives/edgar/data/858470/000104746913001948/a2212957z10-k.htm"
  },
  {
    "date": "2012-09-30",
    "symbol": "CTRA",
    "reportedCurrency": "USD",
    "cik": "0000858470",
    "fillingDate": "2012-10-26",
    "acceptedDate": "2012-10-26 14:56:33",
    "calendarYear": "2012",
    "period": "Q3",
    "revenue": 296874000,
    "costOfRevenue": 177405000,
    "grossProfit": 119469000,
    "grossProfitRatio": 0.4024232503,
    "researchAndDevelopmentExpenses": 0,
    "generalAndAdministrativeExpenses": 23829000,
    "sellingAndMarketingExpenses": 0,
    "sellingGeneralAndAdministrativeExpenses": 23829000,
    "otherExpenses": 19739000,
    "operatingExpenses": 43568000,
    "costAndExpenses": 220973000,
    "interestIncome": 0,
    "interestExpense": 16219000,
    "depreciationAndAmortization": 110448000,
    "ebitda": 186223000,
    "ebitdaratio": 0.6272795866,
    "operatingIncome": 75775000,
    "operatingIncomeRatio": 0.255242965,
    "totalOtherIncomeExpensesNet": -16219000,
    "incomeBeforeTax": 59556000,
    "incomeBeforeTaxRatio": 0.20061036,
    "incomeTaxExpense": 22948000,
    "netIncome": 36608000,
    "netIncomeRatio": 0.1233115733,
    "eps": 0.09,
    "epsdiluted": 0.09,
    "weightedAverageShsOut": 419312000,
    "weightedAverageShsOutDil": 422452000,
    "link": "https://www.sec.gov/Archives/edgar/data/858470/000110465912071549/0001104659-12-071549-index.htm",
    "finalLink": "https://www.sec.gov/Archives/edgar/data/858470/000110465912071549/a12-18967_110q.htm"
  },
  {
    "date": "2012-06-30",
    "symbol": "CTRA",
    "reportedCurrency": "USD",
    "cik": "0000858470",
    "fillingDate": "2012-07-27",
    "acceptedDate": "2012-07-27 08:54:50",
    "calendarYear": "2012",
    "period": "Q2",
    "revenue": 265657000,
    "costOfRevenue": 181311000,
    "grossProfit": 84346000,
    "grossProfitRatio": 0.317499633,
    "researchAndDevelopmentExpenses": 0,
    "generalAndAdministrativeExpenses": 46872000,
    "sellingAndMarketingExpenses": 0,
    "sellingGeneralAndAdministrativeExpenses": 46872000,
    "otherExpenses": 27098000,
    "operatingExpenses": 73970000,
    "costAndExpenses": 255281000,
    "interestIncome": 0,
    "interestExpense": 18495000,
    "depreciationAndAmortization": 114616000,
    "ebitda": 192695000,
    "ebitdaratio": 0.7253526163,
    "operatingIncome": 78079000,
    "operatingIncomeRatio": 0.2939090632,
    "totalOtherIncomeExpensesNet": -18495000,
    "incomeBeforeTax": 59584000,
    "incomeBeforeTaxRatio": 0.224289215,
    "incomeTaxExpense": 23647000,
    "netIncome": 35937000,
    "netIncomeRatio": 0.1352759385,
    "eps": 0.085,
    "epsdiluted": 0.085,
    "weightedAverageShsOut": 419024000,
    "weightedAverageShsOutDil": 419024000,
    "link": "https://www.sec.gov/Archives/edgar/data/858470/000110465912051649/0001104659-12-051649-index.htm",
    "finalLink": "https://www.sec.gov/Archives/edgar/data/858470/000110465912051649/a12-12340_110q.htm"
  },
  {
    "date": "2012-03-31",
    "symbol": "CTRA",
    "reportedCurrency": "USD",
    "cik": "0000858470",
    "fillingDate": "2012-04-27",
    "acceptedDate": "2012-04-27 16:03:38",
    "calendarYear": "2012",
    "period": "Q1",
    "revenue": 272136000,
    "costOfRevenue": 179807000,
    "grossProfit": 92329000,
    "grossProfitRatio": 0.3392752153,
    "researchAndDevelopmentExpenses": 0,
    "generalAndAdministrativeExpenses": 22549000,
    "sellingAndMarketingExpenses": 0,
    "sellingGeneralAndAdministrativeExpenses": 22549000,
    "otherExpenses": 22584000,
    "operatingExpenses": 45133000,
    "costAndExpenses": 224940000,
    "interestIncome": 0,
    "interestExpense": 16917000,
    "depreciationAndAmortization": 110357000,
    "ebitda": 157018000,
    "ebitdaratio": 0.576983567,
    "operatingIncome": 46661000,
    "operatingIncomeRatio": 0.1714620631,
    "totalOtherIncomeExpensesNet": -16917000,
    "incomeBeforeTax": 29744000,
    "incomeBeforeTaxRatio": 0.109298292,
    "incomeTaxExpense": 11426000,
    "netIncome": 18318000,
    "netIncomeRatio": 0.0673119323,
    "eps": 0.045,
    "epsdiluted": 0.045,
    "weightedAverageShsOut": 418256000,
    "weightedAverageShsOutDil": 418256000,
    "link": "https://www.sec.gov/Archives/edgar/data/858470/000110465912029890/0001104659-12-029890-index.htm",
    "finalLink": "https://www.sec.gov/Archives/edgar/data/858470/000110465912029890/a12-6720_110q.htm"
  },
  {
    "date": "2011-12-31",
    "symbol": "CTRA",
    "reportedCurrency": "USD",
    "cik": "0000858470",
    "fillingDate": "2012-02-28",
    "acceptedDate": "2012-02-28 15:23:32",
    "calendarYear": "2011",
    "period": "Q4",
    "revenue": 268025000,
    "costOfRevenue": 65615000,
    "grossProfit": 202410000,
    "grossProfitRatio": 0.7551907471,
    "researchAndDevelopmentExpenses": 0,
    "generalAndAdministrativeExpenses": 0,
    "sellingAndMarketingExpenses": 0,
    "sellingGeneralAndAdministrativeExpenses": 26413000,
    "otherExpenses": 104362000,
    "operatingExpenses": 130775000,
    "costAndExpenses": 196390000,
    "interestIncome": 0,
    "interestExpense": 17735000,
    "depreciationAndAmortization": 92499000,
    "ebitda": 191108000,
    "ebitdaratio": 0.7130230389,
    "operatingIncome": 98609000,
    "operatingIncomeRatio": 0.3679097099,
    "totalOtherIncomeExpensesNet": -17735000,
    "incomeBeforeTax": 80874000,
    "incomeBeforeTaxRatio": 0.3017405093,
    "incomeTaxExpense": 54511000,
    "netIncome": 26363000,
    "netIncomeRatio": 0.0983602276,
    "eps": 0.065,
    "epsdiluted": 0.065,
    "weightedAverageShsOut": 417202000,
    "weightedAverageShsOutDil": 417202000,
    "link": "https://www.sec.gov/Archives/edgar/data/858470/000104746912001751/0001047469-12-001751-index.htm",
    "finalLink": "https://www.sec.gov/Archives/edgar/data/858470/000104746912001751/a2207418z10-k.htm"
  },
  {
    "date": "2011-09-30",
    "symbol": "CTRA",
    "reportedCurrency": "USD",
    "cik": "0000858470",
    "fillingDate": "2011-10-28",
    "acceptedDate": "2011-10-28 15:42:13",
    "calendarYear": "2011",
    "period": "Q3",
    "revenue": 262117000,
    "costOfRevenue": 55264000,
    "grossProfit": 206853000,
    "grossProfitRatio": 0.7891628548,
    "researchAndDevelopmentExpenses": 0,
    "generalAndAdministrativeExpenses": 0,
    "sellingAndMarketingExpenses": 0,
    "sellingGeneralAndAdministrativeExpenses": 27949000,
    "otherExpenses": 117525000,
    "operatingExpenses": 145474000,
    "costAndExpenses": 200738000,
    "interestIncome": 0,
    "interestExpense": 18517000,
    "depreciationAndAmortization": 90293000,
    "ebitda": 155526000,
    "ebitdaratio": 0.5933457197,
    "operatingIncome": 65233000,
    "operatingIncomeRatio": 0.2488697795,
    "totalOtherIncomeExpensesNet": -18517000,
    "incomeBeforeTax": 46716000,
    "incomeBeforeTaxRatio": 0.1782257541,
    "incomeTaxExpense": 18234000,
    "netIncome": 28482000,
    "netIncomeRatio": 0.1086613993,
    "eps": 0.0675,
    "epsdiluted": 0.0675,
    "weightedAverageShsOut": 417140000,
    "weightedAverageShsOutDil": 417140000,
    "link": "https://www.sec.gov/Archives/edgar/data/858470/000110465911058807/0001104659-11-058807-index.htm",
    "finalLink": "https://www.sec.gov/Archives/edgar/data/858470/000110465911058807/a11-25540_110q.htm"
  },
  {
    "date": "2011-06-30",
    "symbol": "CTRA",
    "reportedCurrency": "USD",
    "cik": "0000858470",
    "fillingDate": "2011-07-29",
    "acceptedDate": "2011-07-29 12:15:21",
    "calendarYear": "2011",
    "period": "Q2",
    "revenue": 240696000,
    "costOfRevenue": 48449000,
    "grossProfit": 192247000,
    "grossProfitRatio": 0.7987128993,
    "researchAndDevelopmentExpenses": 0,
    "generalAndAdministrativeExpenses": 0,
    "sellingAndMarketingExpenses": 0,
    "sellingGeneralAndAdministrativeExpenses": 26006000,
    "otherExpenses": 93694000,
    "operatingExpenses": 119700000,
    "costAndExpenses": 168149000,
    "interestIncome": 0,
    "interestExpense": 18044000,
    "depreciationAndAmortization": 83225000,
    "ebitda": 189843000,
    "ebitdaratio": 0.7887251969,
    "operatingIncome": 106618000,
    "operatingIncomeRatio": 0.4429570911,
    "totalOtherIncomeExpensesNet": -18044000,
    "incomeBeforeTax": 88574000,
    "incomeBeforeTaxRatio": 0.367991159,
    "incomeTaxExpense": 33897000,
    "netIncome": 54677000,
    "netIncomeRatio": 0.2271620633,
    "eps": 0.13,
    "epsdiluted": 0.13,
    "weightedAverageShsOut": 417056000,
    "weightedAverageShsOutDil": 417056000,
    "link": "https://www.sec.gov/Archives/edgar/data/858470/000119312511202290/0001193125-11-202290-index.htm",
    "finalLink": "https://www.sec.gov/Archives/edgar/data/858470/000119312511202290/d10q.htm"
  },
  {
    "date": "2011-03-31",
    "symbol": "CTRA",
    "reportedCurrency": "USD",
    "cik": "0000858470",
    "fillingDate": "2011-04-29",
    "acceptedDate": "2011-04-29 11:44:03",
    "calendarYear": "2011",
    "period": "Q1",
    "revenue": 209026000,
    "costOfRevenue": 61545000,
    "grossProfit": 147481000,
    "grossProfitRatio": 0.7055629443,
    "researchAndDevelopmentExpenses": 0,
    "generalAndAdministrativeExpenses": 0,
    "sellingAndMarketingExpenses": 0,
    "sellingGeneralAndAdministrativeExpenses": 24299000,
    "otherExpenses": 85275000,
    "operatingExpenses": 109574000,
    "costAndExpenses": 171119000,
    "interestIncome": 0,
    "interestExpense": 17367000,
    "depreciationAndAmortization": 77124000,
    "ebitda": 113514000,
    "ebitdaratio": 0.5430616287,
    "operatingIncome": 36390000,
    "operatingIncomeRatio": 0.174093175,
    "totalOtherIncomeExpensesNet": -17367000,
    "incomeBeforeTax": 19023000,
    "incomeBeforeTaxRatio": 0.0910078172,
    "incomeTaxExpense": 6137000,
    "netIncome": 12886000,
    "netIncomeRatio": 0.0616478333,
    "eps": 0.03,
    "epsdiluted": 0.03,
    "weightedAverageShsOut": 416576000,
    "weightedAverageShsOutDil": 416576000,
    "link": "https://www.sec.gov/Archives/edgar/data/858470/000119312511117544/0001193125-11-117544-index.htm",
    "finalLink": "https://www.sec.gov/Archives/edgar/data/858470/000119312511117544/d10q.htm"
  },
  {
    "date": "2010-12-31",
    "symbol": "CTRA",
    "reportedCurrency": "USD",
    "cik": "0000858470",
    "fillingDate": "2011-02-28",
    "acceptedDate": "2011-02-28 15:21:48",
    "calendarYear": "2010",
    "period": "Q4",
    "revenue": 216875000,
    "costOfRevenue": 10646000,
    "grossProfit": 206229000,
    "grossProfitRatio": 0.9509118156,
    "researchAndDevelopmentExpenses": 0,
    "generalAndAdministrativeExpenses": 0,
    "sellingAndMarketingExpenses": 0,
    "sellingGeneralAndAdministrativeExpenses": 29502000,
    "otherExpenses": 140988000,
    "operatingExpenses": 170490000,
    "costAndExpenses": 181136000,
    "interestIncome": 0,
    "interestExpense": 20502000,
    "depreciationAndAmortization": 91504000,
    "ebitda": 223012000,
    "ebitdaratio": 1.0282974063,
    "operatingIncome": 25214000,
    "operatingIncomeRatio": 0.1162605187,
    "totalOtherIncomeExpensesNet": 85792000,
    "incomeBeforeTax": 111006000,
    "incomeBeforeTaxRatio": 0.5118432277,
    "incomeTaxExpense": 61897000,
    "netIncome": 49109000,
    "netIncomeRatio": 0.2264391931,
    "eps": 0.12,
    "epsdiluted": 0.12,
    "weightedAverageShsOut": 415820000,
    "weightedAverageShsOutDil": 415820000,
    "link": "https://www.sec.gov/Archives/edgar/data/858470/000119312511049690/0001193125-11-049690-index.htm",
    "finalLink": "https://www.sec.gov/Archives/edgar/data/858470/000119312511049690/d10k.htm"
  },
  {
    "date": "2010-09-30",
    "symbol": "CTRA",
    "reportedCurrency": "USD",
    "cik": "0000858470",
    "fillingDate": "2010-10-29",
    "acceptedDate": "2010-10-29 13:04:42",
    "calendarYear": "2010",
    "period": "Q3",
    "revenue": 224062000,
    "costOfRevenue": 41679000,
    "grossProfit": 182383000,
    "grossProfitRatio": 0.8139845221,
    "researchAndDevelopmentExpenses": 0,
    "generalAndAdministrativeExpenses": 0,
    "sellingAndMarketingExpenses": 0,
    "sellingGeneralAndAdministrativeExpenses": 21077000,
    "otherExpenses": 103509000,
    "operatingExpenses": 124586000,
    "costAndExpenses": 166265000,
    "interestIncome": 0,
    "interestExpense": 16758000,
    "depreciationAndAmortization": 85355000,
    "ebitda": 107628000,
    "ebitdaratio": 0.4803491891,
    "operatingIncome": 22273000,
    "operatingIncomeRatio": 0.0994055217,
    "totalOtherIncomeExpensesNet": -16758000,
    "incomeBeforeTax": 5515000,
    "incomeBeforeTaxRatio": 0.024613723,
    "incomeTaxExpense": 1617000,
    "netIncome": 3898000,
    "netIncomeRatio": 0.0173969705,
    "eps": 0.01,
    "epsdiluted": 0.01,
    "weightedAverageShsOut": 415820000,
    "weightedAverageShsOutDil": 415820000,
    "link": "https://www.sec.gov/Archives/edgar/data/858470/000119312510240960/0001193125-10-240960-index.htm",
    "finalLink": "https://www.sec.gov/Archives/edgar/data/858470/000119312510240960/d10q.htm"
  },
  {
    "date": "2010-06-30",
    "symbol": "CTRA",
    "reportedCurrency": "USD",
    "cik": "0000858470",
    "fillingDate": "2010-07-30",
    "acceptedDate": "2010-07-30 13:38:06",
    "calendarYear": "2010",
    "period": "Q2",
    "revenue": 200241000,
    "costOfRevenue": 40907000,
    "grossProfit": 159334000,
    "grossProfitRatio": 0.795711168,
    "researchAndDevelopmentExpenses": 0,
    "generalAndAdministrativeExpenses": 0,
    "sellingAndMarketingExpenses": 0,
    "sellingGeneralAndAdministrativeExpenses": 12853000,
    "otherExpenses": 98800000,
    "operatingExpenses": 111653000,
    "costAndExpenses": 152560000,
    "interestIncome": 0,
    "interestExpense": 15769000,
    "depreciationAndAmortization": 76726000,
    "ebitda": 124407000,
    "ebitdaratio": 0.6212863499,
    "operatingIncome": 52068000,
    "operatingIncomeRatio": 0.2600266679,
    "totalOtherIncomeExpensesNet": -15769000,
    "incomeBeforeTax": 36299000,
    "incomeBeforeTaxRatio": 0.1812765617,
    "incomeTaxExpense": 14617000,
    "netIncome": 21682000,
    "netIncomeRatio": 0.1082795232,
    "eps": 0.0525,
    "epsdiluted": 0.0525,
    "weightedAverageShsOut": 415660000,
    "weightedAverageShsOutDil": 419912000,
    "link": "https://www.sec.gov/Archives/edgar/data/858470/000119312510171983/0001193125-10-171983-index.htm",
    "finalLink": "https://www.sec.gov/Archives/edgar/data/858470/000119312510171983/d10q.htm"
  },
  {
    "date": "2010-03-31",
    "symbol": "CTRA",
    "reportedCurrency": "USD",
    "cik": "0000858470",
    "fillingDate": "2010-04-30",
    "acceptedDate": "2010-04-30 11:03:42",
    "calendarYear": "2010",
    "period": "Q1",
    "revenue": 216345000,
    "costOfRevenue": 56466000,
    "grossProfit": 159879000,
    "grossProfitRatio": 0.739000208,
    "researchAndDevelopmentExpenses": 0,
    "generalAndAdministrativeExpenses": 0,
    "sellingAndMarketingExpenses": 0,
    "sellingGeneralAndAdministrativeExpenses": 15746000,
    "otherExpenses": 84303000,
    "operatingExpenses": 100049000,
    "costAndExpenses": 156515000,
    "interestIncome": 0,
    "interestExpense": 14912000,
    "depreciationAndAmortization": 73498000,
    "ebitda": 134087000,
    "ebitdaratio": 0.6197832166,
    "operatingIncome": 59830000,
    "operatingIncomeRatio": 0.2765490305,
    "totalOtherIncomeExpensesNet": -14153000,
    "incomeBeforeTax": 45677000,
    "incomeBeforeTaxRatio": 0.2111303705,
    "incomeTaxExpense": 16981000,
    "netIncome": 28696000,
    "netIncomeRatio": 0.1326399963,
    "eps": 0.07,
    "epsdiluted": 0.07,
    "weightedAverageShsOut": 415176000,
    "weightedAverageShsOutDil": 415176000,
    "link": "https://www.sec.gov/Archives/edgar/data/858470/000119312510100927/0001193125-10-100927-index.htm",
    "finalLink": "https://www.sec.gov/Archives/edgar/data/858470/000119312510100927/d10q.htm"
  },
  {
    "date": "2009-12-31",
    "symbol": "CTRA",
    "reportedCurrency": "USD",
    "cik": "0000858470",
    "fillingDate": "2010-02-26",
    "acceptedDate": "2010-02-26 12:45:54",
    "calendarYear": "2009",
    "period": "Q4",
    "revenue": 233492000,
    "costOfRevenue": 9974000,
    "grossProfit": 223518000,
    "grossProfitRatio": 0.957283333,
    "researchAndDevelopmentExpenses": 0,
    "generalAndAdministrativeExpenses": 0,
    "sellingAndMarketingExpenses": 0,
    "sellingGeneralAndAdministrativeExpenses": 19271000,
    "otherExpenses": 116393000,
    "operatingExpenses": 135664000,
    "costAndExpenses": 145638000,
    "interestIncome": 0,
    "interestExpense": 14850000,
    "depreciationAndAmortization": 55491000,
    "ebitda": 118901000,
    "ebitdaratio": 0.5092294383,
    "operatingIncome": 66713000,
    "operatingIncomeRatio": 0.2857185685,
    "totalOtherIncomeExpensesNet": -18153000,
    "incomeBeforeTax": 48560000,
    "incomeBeforeTaxRatio": 0.2079728642,
    "incomeTaxExpense": 12196000,
    "netIncome": 36364000,
    "netIncomeRatio": 0.1557398112,
    "eps": 0.0877,
    "epsdiluted": 0.0877,
    "weightedAverageShsOut": 414588000,
    "weightedAverageShsOutDil": 414588000,
    "link": "https://www.sec.gov/Archives/edgar/data/858470/000119312510042257/0001193125-10-042257-index.htm",
    "finalLink": "https://www.sec.gov/Archives/edgar/data/858470/000119312510042257/d10k.htm"
  },
  {
    "date": "2009-09-30",
    "symbol": "CTRA",
    "reportedCurrency": "USD",
    "cik": "0000858470",
    "fillingDate": "2009-10-29",
    "acceptedDate": "2009-10-29 16:15:32",
    "calendarYear": "2009",
    "period": "Q3",
    "revenue": 207021000,
    "costOfRevenue": 45193000,
    "grossProfit": 161828000,
    "grossProfitRatio": 0.781698475,
    "researchAndDevelopmentExpenses": 0,
    "generalAndAdministrativeExpenses": 0,
    "sellingAndMarketingExpenses": 0,
    "sellingGeneralAndAdministrativeExpenses": 14921000,
    "otherExpenses": 72756000,
    "operatingExpenses": 87677000,
    "costAndExpenses": 132870000,
    "interestIncome": 0,
    "interestExpense": 14857000,
    "depreciationAndAmortization": 78074000,
    "ebitda": 152797000,
    "ebitdaratio": 0.7380748813,
    "operatingIncome": 74723000,
    "operatingIncomeRatio": 0.3609440588,
    "totalOtherIncomeExpensesNet": -14857000,
    "incomeBeforeTax": 59866000,
    "incomeBeforeTaxRatio": 0.2891783925,
    "incomeTaxExpense": 20969000,
    "netIncome": 38897000,
    "netIncomeRatio": 0.1878891513,
    "eps": 0.095,
    "epsdiluted": 0.095,
    "weightedAverageShsOut": 414588000,
    "weightedAverageShsOutDil": 417248000,
    "link": "https://www.sec.gov/Archives/edgar/data/858470/000119312509217450/0001193125-09-217450-index.htm",
    "finalLink": "https://www.sec.gov/Archives/edgar/data/858470/000119312509217450/d10q.htm"
  },
  {
    "date": "2009-06-30",
    "symbol": "CTRA",
    "reportedCurrency": "USD",
    "cik": "0000858470",
    "fillingDate": "2009-07-30",
    "acceptedDate": "2009-07-30 15:41:49",
    "calendarYear": "2009",
    "period": "Q2",
    "revenue": 204824000,
    "costOfRevenue": 44154000,
    "grossProfit": 160670000,
    "grossProfitRatio": 0.784429559,
    "researchAndDevelopmentExpenses": 0,
    "generalAndAdministrativeExpenses": 0,
    "sellingAndMarketingExpenses": 0,
    "sellingGeneralAndAdministrativeExpenses": 17117000,
    "otherExpenses": 66022000,
    "operatingExpenses": 83139000,
    "costAndExpenses": 127293000,
    "interestIncome": 0,
    "interestExpense": 15046000,
    "depreciationAndAmortization": 55108000,
    "ebitda": 109347000,
    "ebitdaratio": 0.5338583369,
    "operatingIncome": 54239000,
    "operatingIncomeRatio": 0.264807835,
    "totalOtherIncomeExpensesNet": -15046000,
    "incomeBeforeTax": 39193000,
    "incomeBeforeTaxRatio": 0.1913496465,
    "incomeTaxExpense": 13691000,
    "netIncome": 25502000,
    "netIncomeRatio": 0.1245068937,
    "eps": 0.0625,
    "epsdiluted": 0.0625,
    "weightedAverageShsOut": 414560000,
    "weightedAverageShsOutDil": 416444000,
    "link": "https://www.sec.gov/Archives/edgar/data/858470/000119312509159490/0001193125-09-159490-index.htm",
    "finalLink": "https://www.sec.gov/Archives/edgar/data/858470/000119312509159490/d10q.htm"
  },
  {
    "date": "2009-03-31",
    "symbol": "CTRA",
    "reportedCurrency": "USD",
    "cik": "0000858470",
    "fillingDate": "2009-04-30",
    "acceptedDate": "2009-04-30 13:39:39",
    "calendarYear": "2009",
    "period": "Q1",
    "revenue": 233939000,
    "costOfRevenue": 61694000,
    "grossProfit": 172245000,
    "grossProfitRatio": 0.7362816803,
    "researchAndDevelopmentExpenses": 0,
    "generalAndAdministrativeExpenses": 0,
    "sellingAndMarketingExpenses": 0,
    "sellingGeneralAndAdministrativeExpenses": 17065000,
    "otherExpenses": 68683000,
    "operatingExpenses": 85748000,
    "costAndExpenses": 147442000,
    "interestIncome": 0,
    "interestExpense": 14226000,
    "depreciationAndAmortization": 55785000,
    "ebitda": 145682000,
    "ebitdaratio": 0.6227349865,
    "operatingIncome": 89897000,
    "operatingIncomeRatio": 0.384275388,
    "totalOtherIncomeExpensesNet": -14226000,
    "incomeBeforeTax": 75671000,
    "incomeBeforeTaxRatio": 0.3234646639,
    "incomeTaxExpense": 28091000,
    "netIncome": 47580000,
    "netIncomeRatio": 0.2033863529,
    "eps": 0.12,
    "epsdiluted": 0.12,
    "weightedAverageShsOut": 414084000,
    "weightedAverageShsOutDil": 416444000,
    "link": "https://www.sec.gov/Archives/edgar/data/858470/000119312509093943/0001193125-09-093943-index.htm",
    "finalLink": "https://www.sec.gov/Archives/edgar/data/858470/000119312509093943/d10q.htm"
  },
  {
    "date": "2008-12-31",
    "symbol": "CTRA",
    "reportedCurrency": "USD",
    "cik": "0000858470",
    "fillingDate": "2009-02-27",
    "acceptedDate": "2009-02-27 16:13:45",
    "calendarYear": "2008",
    "period": "Q4",
    "revenue": 232466000,
    "costOfRevenue": 64301000,
    "grossProfit": 168165000,
    "grossProfitRatio": 0.7233961095,
    "researchAndDevelopmentExpenses": 0,
    "generalAndAdministrativeExpenses": 0,
    "sellingAndMarketingExpenses": 0,
    "sellingGeneralAndAdministrativeExpenses": 13344000,
    "otherExpenses": 9654000,
    "operatingExpenses": 22998000,
    "costAndExpenses": 87299000,
    "interestIncome": 0,
    "interestExpense": 135147000,
    "depreciationAndAmortization": 52510000,
    "ebitda": 197677000,
    "ebitdaratio": 0.8503480079,
    "operatingIncome": 87137000,
    "operatingIncomeRatio": 0.3748376107,
    "totalOtherIncomeExpensesNet": -13705000,
    "incomeBeforeTax": 73432000,
    "incomeBeforeTaxRatio": 0.3158827527,
    "incomeTaxExpense": 29732000,
    "netIncome": 43700000,
    "netIncomeRatio": 0.1879844795,
    "eps": 0.11,
    "epsdiluted": 0.11,
    "weightedAverageShsOut": 413404000,
    "weightedAverageShsOutDil": 413404000,
    "link": "https://www.sec.gov/Archives/edgar/data/858470/000119312509040956/0001193125-09-040956-index.htm",
    "finalLink": "https://www.sec.gov/Archives/edgar/data/858470/000119312509040956/d10k.htm"
  },
  {
    "date": "2008-09-30",
    "symbol": "CTRA",
    "reportedCurrency": "USD",
    "cik": "0000858470",
    "fillingDate": "2008-11-03",
    "acceptedDate": "2008-10-31 18:47:17",
    "calendarYear": "2008",
    "period": "Q3",
    "revenue": 244820000,
    "costOfRevenue": 52278000,
    "grossProfit": 192542000,
    "grossProfitRatio": 0.7864635242,
    "researchAndDevelopmentExpenses": 0,
    "generalAndAdministrativeExpenses": 0,
    "sellingAndMarketingExpenses": 0,
    "sellingGeneralAndAdministrativeExpenses": 0,
    "otherExpenses": 69313000,
    "operatingExpenses": 69313000,
    "costAndExpenses": 121591000,
    "interestIncome": 0,
    "interestExpense": 35813000,
    "depreciationAndAmortization": 48895000,
    "ebitda": 172124000,
    "ebitdaratio": 0.7030634752,
    "operatingIncome": 114717000,
    "operatingIncomeRatio": 0.4685769137,
    "totalOtherIncomeExpensesNet": -10486000,
    "incomeBeforeTax": 104231000,
    "incomeBeforeTaxRatio": 0.4257454456,
    "incomeTaxExpense": 37241000,
    "netIncome": 66990000,
    "netIncomeRatio": 0.2736296054,
    "eps": 0.16,
    "epsdiluted": 0.16,
    "weightedAverageShsOut": 413404000,
    "weightedAverageShsOutDil": 417980000,
    "link": "https://www.sec.gov/Archives/edgar/data/858470/000119312508221884/0001193125-08-221884-index.htm",
    "finalLink": "https://www.sec.gov/Archives/edgar/data/858470/000119312508221884/d10q.htm"
  },
  {
    "date": "2008-06-30",
    "symbol": "CTRA",
    "reportedCurrency": "USD",
    "cik": "0000858470",
    "fillingDate": "2008-07-30",
    "acceptedDate": "2008-07-30 15:49:53",
    "calendarYear": "2008",
    "period": "Q2",
    "revenue": 248854000,
    "costOfRevenue": 54066000,
    "grossProfit": 194788000,
    "grossProfitRatio": 0.7827400805,
    "researchAndDevelopmentExpenses": 0,
    "generalAndAdministrativeExpenses": 0,
    "sellingAndMarketingExpenses": 0,
    "sellingGeneralAndAdministrativeExpenses": 33477000,
    "otherExpenses": 61707000,
    "operatingExpenses": 95184000,
    "costAndExpenses": 149250000,
    "interestIncome": 0,
    "interestExpense": 23563000,
    "depreciationAndAmortization": 42482000,
    "ebitda": 136568000,
    "ebitdaratio": 0.5487876426,
    "operatingIncome": 94086000,
    "operatingIncomeRatio": 0.3780771055,
    "totalOtherIncomeExpensesNet": -6207000,
    "incomeBeforeTax": 87879000,
    "incomeBeforeTaxRatio": 0.3531347698,
    "incomeTaxExpense": 33254000,
    "netIncome": 54625000,
    "netIncomeRatio": 0.2195062165,
    "eps": 0.14,
    "epsdiluted": 0.14,
    "weightedAverageShsOut": 393868000,
    "weightedAverageShsOutDil": 397924000,
    "link": "https://www.sec.gov/Archives/edgar/data/858470/000119312508161322/0001193125-08-161322-index.htm",
    "finalLink": "https://www.sec.gov/Archives/edgar/data/858470/000119312508161322/d10q.htm"
  },
  {
    "date": "2008-03-31",
    "symbol": "CTRA",
    "reportedCurrency": "USD",
    "cik": "0000858470",
    "fillingDate": "2008-05-05",
    "acceptedDate": "2008-05-05 15:50:44",
    "calendarYear": "2008",
    "period": "Q1",
    "revenue": 219651000,
    "costOfRevenue": 52842000,
    "grossProfit": 166809000,
    "grossProfitRatio": 0.7594274554,
    "researchAndDevelopmentExpenses": 0,
    "generalAndAdministrativeExpenses": 0,
    "sellingAndMarketingExpenses": 0,
    "sellingGeneralAndAdministrativeExpenses": 27573000,
    "otherExpenses": 58413000,
    "operatingExpenses": 85986000,
    "costAndExpenses": 138828000,
    "interestIncome": 0,
    "interestExpense": 20244000,
    "depreciationAndAmortization": 41516000,
    "ebitda": 122339000,
    "ebitdaratio": 0.5569699205,
    "operatingIncome": 76072000,
    "operatingIncomeRatio": 0.3463312254,
    "totalOtherIncomeExpensesNet": -5991000,
    "incomeBeforeTax": 70081000,
    "incomeBeforeTaxRatio": 0.3190561391,
    "incomeTaxExpense": 24106000,
    "netIncome": 45975000,
    "netIncomeRatio": 0.2093093134,
    "eps": 0.12,
    "epsdiluted": 0.12,
    "weightedAverageShsOut": 390864000,
    "weightedAverageShsOutDil": 395700000,
    "link": "https://www.sec.gov/Archives/edgar/data/858470/000119312508102247/0001193125-08-102247-index.htm",
    "finalLink": "https://www.sec.gov/Archives/edgar/data/858470/000119312508102247/d10q.htm"
  },
  {
    "date": "2007-12-31",
    "symbol": "CTRA",
    "reportedCurrency": "USD",
    "cik": "0000858470",
    "fillingDate": "2008-02-27",
    "acceptedDate": "2008-02-27 14:24:42",
    "calendarYear": "2007",
    "period": "Q4",
    "revenue": 193917000,
    "costOfRevenue": 62414000,
    "grossProfit": 131503000,
    "grossProfitRatio": 0.6781406478,
    "researchAndDevelopmentExpenses": 0,
    "generalAndAdministrativeExpenses": 0,
    "sellingAndMarketingExpenses": 0,
    "sellingGeneralAndAdministrativeExpenses": 9815000,
    "otherExpenses": 49054000,
    "operatingExpenses": 58869000,
    "costAndExpenses": 121283000,
    "interestIncome": 0,
    "interestExpense": 13218000,
    "depreciationAndAmortization": 38550000,
    "ebitda": 111184000,
    "ebitdaratio": 0.573358705,
    "operatingIncome": 69742000,
    "operatingIncomeRatio": 0.3596487157,
    "totalOtherIncomeExpensesNet": -5697000,
    "incomeBeforeTax": 64045000,
    "incomeBeforeTaxRatio": 0.3302701671,
    "incomeTaxExpense": 21998000,
    "netIncome": 42047000,
    "netIncomeRatio": 0.2168298808,
    "eps": 0.11,
    "epsdiluted": 0.11,
    "weightedAverageShsOut": 388272000,
    "weightedAverageShsOutDil": 388272000,
    "link": "https://www.sec.gov/Archives/edgar/data/858470/000119312508039904/0001193125-08-039904-index.htm",
    "finalLink": "https://www.sec.gov/Archives/edgar/data/858470/000119312508039904/d10k.htm"
  },
  {
    "date": "2007-09-30",
    "symbol": "CTRA",
    "reportedCurrency": "USD",
    "cik": "0000858470",
    "fillingDate": "2007-10-29",
    "acceptedDate": "2007-10-29 16:06:32",
    "calendarYear": "2007",
    "period": "Q3",
    "revenue": 170848000,
    "costOfRevenue": 42985000,
    "grossProfit": 127863000,
    "grossProfitRatio": 0.7484020884,
    "researchAndDevelopmentExpenses": 0,
    "generalAndAdministrativeExpenses": 0,
    "sellingAndMarketingExpenses": 0,
    "sellingGeneralAndAdministrativeExpenses": 9715000,
    "otherExpenses": 52172000,
    "operatingExpenses": 61887000,
    "costAndExpenses": 104872000,
    "interestIncome": 0,
    "interestExpense": 35335000,
    "depreciationAndAmortization": 37744000,
    "ebitda": 103720000,
    "ebitdaratio": 0.6070893426,
    "operatingIncome": 55521000,
    "operatingIncomeRatio": 0.3249730755,
    "totalOtherIncomeExpensesNet": -3921000,
    "incomeBeforeTax": 51600000,
    "incomeBeforeTaxRatio": 0.3020228507,
    "incomeTaxExpense": 16147000,
    "netIncome": 35453000,
    "netIncomeRatio": 0.2075119404,
    "eps": 0.0925,
    "epsdiluted": 0.09,
    "weightedAverageShsOut": 388272000,
    "weightedAverageShsOutDil": 393756000,
    "link": "https://www.sec.gov/Archives/edgar/data/858470/000119312507228218/0001193125-07-228218-index.htm",
    "finalLink": "https://www.sec.gov/Archives/edgar/data/858470/000119312507228218/d10q.htm"
  },
  {
    "date": "2007-06-30",
    "symbol": "CTRA",
    "reportedCurrency": "USD",
    "cik": "0000858470",
    "fillingDate": "2007-07-30",
    "acceptedDate": "2007-07-30 16:33:05",
    "calendarYear": "2007",
    "period": "Q2",
    "revenue": 175832000,
    "costOfRevenue": 41880000,
    "grossProfit": 133952000,
    "grossProfitRatio": 0.7618180991,
    "researchAndDevelopmentExpenses": 0,
    "generalAndAdministrativeExpenses": 0,
    "sellingAndMarketingExpenses": 0,
    "sellingGeneralAndAdministrativeExpenses": 12965000,
    "otherExpenses": 44419000,
    "operatingExpenses": 57384000,
    "costAndExpenses": 99264000,
    "interestIncome": 0,
    "interestExpense": 18166000,
    "depreciationAndAmortization": 34262000,
    "ebitda": 110830000,
    "ebitdaratio": 0.6303175759,
    "operatingIncome": 70245000,
    "operatingIncomeRatio": 0.3995006597,
    "totalOtherIncomeExpensesNet": -3619000,
    "incomeBeforeTax": 66626000,
    "incomeBeforeTaxRatio": 0.3789185131,
    "incomeTaxExpense": 25250000,
    "netIncome": 41376000,
    "netIncomeRatio": 0.2353155285,
    "eps": 0.11,
    "epsdiluted": 0.11,
    "weightedAverageShsOut": 387716000,
    "weightedAverageShsOutDil": 393624000,
    "link": "https://www.sec.gov/Archives/edgar/data/858470/000119312507165421/0001193125-07-165421-index.htm",
    "finalLink": "https://www.sec.gov/Archives/edgar/data/858470/000119312507165421/d10q.htm"
  },
  {
    "date": "2007-03-31",
    "symbol": "CTRA",
    "reportedCurrency": "USD",
    "cik": "0000858470",
    "fillingDate": "2007-05-02",
    "acceptedDate": "2007-05-02 15:55:12",
    "calendarYear": "2007",
    "period": "Q1",
    "revenue": 191573000,
    "costOfRevenue": 51482000,
    "grossProfit": 140091000,
    "grossProfitRatio": 0.7312669322,
    "researchAndDevelopmentExpenses": 0,
    "generalAndAdministrativeExpenses": 0,
    "sellingAndMarketingExpenses": 0,
    "sellingGeneralAndAdministrativeExpenses": 18280000,
    "otherExpenses": 38640000,
    "operatingExpenses": 56920000,
    "costAndExpenses": 108402000,
    "interestIncome": 0,
    "interestExpense": 7962000,
    "depreciationAndAmortization": 33395000,
    "ebitda": 116566000,
    "ebitdaratio": 0.6084677903,
    "operatingIncome": 79185000,
    "operatingIncomeRatio": 0.4133411284,
    "totalOtherIncomeExpensesNet": -3924000,
    "incomeBeforeTax": 75261000,
    "incomeBeforeTaxRatio": 0.392858075,
    "incomeTaxExpense": 26714000,
    "netIncome": 48547000,
    "netIncomeRatio": 0.2534125373,
    "eps": 0.13,
    "epsdiluted": 0.12,
    "weightedAverageShsOut": 387466000,
    "weightedAverageShsOutDil": 394012000,
    "link": "https://www.sec.gov/Archives/edgar/data/858470/000119312507099474/0001193125-07-099474-index.htm",
    "finalLink": "https://www.sec.gov/Archives/edgar/data/858470/000119312507099474/d10q.htm"
  },
  {
    "date": "2006-12-31",
    "symbol": "CTRA",
    "reportedCurrency": "USD",
    "cik": "0000858470",
    "fillingDate": "2007-02-28",
    "acceptedDate": "2007-02-28 17:18:17",
    "calendarYear": "2006",
    "period": "Q4",
    "revenue": 171682000,
    "costOfRevenue": 52188000,
    "grossProfit": 119494000,
    "grossProfitRatio": 0.6960193847,
    "researchAndDevelopmentExpenses": 0,
    "generalAndAdministrativeExpenses": 0,
    "sellingAndMarketingExpenses": 0,
    "sellingGeneralAndAdministrativeExpenses": 20089000,
    "otherExpenses": 40999000,
    "operatingExpenses": 61088000,
    "costAndExpenses": 113276000,
    "interestIncome": 0,
    "interestExpense": 13659000,
    "depreciationAndAmortization": 32160000,
    "ebitda": 90566000,
    "ebitdaratio": 0.5275218136,
    "operatingIncome": 54692000,
    "operatingIncomeRatio": 0.3185657203,
    "totalOtherIncomeExpensesNet": 710000,
    "incomeBeforeTax": 55402000,
    "incomeBeforeTaxRatio": 0.3227012733,
    "incomeTaxExpense": 23679000,
    "netIncome": 32126000,
    "netIncomeRatio": 0.1871250335,
    "eps": 0.0833,
    "epsdiluted": 0.0833,
    "weightedAverageShsOut": 384854080,
    "weightedAverageShsOutDil": 385840000,
    "link": "https://www.sec.gov/Archives/edgar/data/858470/000119312507042830/0001193125-07-042830-index.htm",
    "finalLink": "https://www.sec.gov/Archives/edgar/data/858470/000119312507042830/d10k.htm"
  },
  {
    "date": "2006-09-30",
    "symbol": "CTRA",
    "reportedCurrency": "USD",
    "cik": "0000858470",
    "fillingDate": "2006-10-27",
    "acceptedDate": "2006-10-27 16:57:29",
    "calendarYear": "2006",
    "period": "Q3",
    "revenue": 184744000,
    "costOfRevenue": 48736000,
    "grossProfit": 136008000,
    "grossProfitRatio": 0.736197116,
    "researchAndDevelopmentExpenses": 0,
    "generalAndAdministrativeExpenses": 0,
    "sellingAndMarketingExpenses": 0,
    "sellingGeneralAndAdministrativeExpenses": 10715000,
    "otherExpenses": -183279000,
    "operatingExpenses": -172564000,
    "costAndExpenses": -123828000,
    "interestIncome": 0,
    "interestExpense": 0,
    "depreciationAndAmortization": 32088000,
    "ebitda": 340660000,
    "ebitdaratio": 1.8439570433,
    "operatingIncome": 304746000,
    "operatingIncomeRatio": 1.6495583077,
    "totalOtherIncomeExpensesNet": -6978000,
    "incomeBeforeTax": 297768000,
    "incomeBeforeTaxRatio": 1.6117871216,
    "incomeTaxExpense": 108748000,
    "netIncome": 189020000,
    "netIncomeRatio": 1.0231455419,
    "eps": 0.49,
    "epsdiluted": 0.48,
    "weightedAverageShsOut": 387147040,
    "weightedAverageShsOutDil": 390412000,
    "link": "https://www.sec.gov/Archives/edgar/data/858470/000119312506217119/0001193125-06-217119-index.htm",
    "finalLink": "https://www.sec.gov/Archives/edgar/data/858470/000119312506217119/d10q.htm"
  },
  {
    "date": "2006-06-30",
    "symbol": "CTRA",
    "reportedCurrency": "USD",
    "cik": "0000858470",
    "fillingDate": "2006-07-27",
    "acceptedDate": "2006-07-26 18:22:41",
    "calendarYear": "2006",
    "period": "Q2",
    "revenue": 190794000,
    "costOfRevenue": 48149000,
    "grossProfit": 142645000,
    "grossProfitRatio": 0.7476388146,
    "researchAndDevelopmentExpenses": 0,
    "generalAndAdministrativeExpenses": 0,
    "sellingAndMarketingExpenses": 0,
    "sellingGeneralAndAdministrativeExpenses": 13515000,
    "otherExpenses": 47366000,
    "operatingExpenses": 60881000,
    "costAndExpenses": 109030000,
    "interestIncome": 0,
    "interestExpense": 15540000,
    "depreciationAndAmortization": 32792000,
    "ebitda": 114556000,
    "ebitdaratio": 0.6004172039,
    "operatingIncome": 77881000,
    "operatingIncomeRatio": 0.408194178,
    "totalOtherIncomeExpensesNet": -6023000,
    "incomeBeforeTax": 71858000,
    "incomeBeforeTaxRatio": 0.3766260994,
    "incomeTaxExpense": 24994000,
    "netIncome": 46864000,
    "netIncomeRatio": 0.2456261727,
    "eps": 0.12,
    "epsdiluted": 0.12,
    "weightedAverageShsOut": 387147040,
    "weightedAverageShsOutDil": 390412000,
    "link": "https://www.sec.gov/Archives/edgar/data/858470/000119312506153901/0001193125-06-153901-index.htm",
    "finalLink": "https://www.sec.gov/Archives/edgar/data/858470/000119312506153901/d10q.htm"
  },
  {
    "date": "2006-03-31",
    "symbol": "CTRA",
    "reportedCurrency": "USD",
    "cik": "0000858470",
    "fillingDate": "2006-05-08",
    "acceptedDate": "2006-05-08 16:38:48",
    "calendarYear": "2006",
    "period": "Q1",
    "revenue": 214768000,
    "costOfRevenue": 58489000,
    "grossProfit": 156279000,
    "grossProfitRatio": 0.7276642703,
    "researchAndDevelopmentExpenses": 0,
    "generalAndAdministrativeExpenses": 0,
    "sellingAndMarketingExpenses": 0,
    "sellingGeneralAndAdministrativeExpenses": 13849000,
    "otherExpenses": 47223000,
    "operatingExpenses": 61072000,
    "costAndExpenses": 119561000,
    "interestIncome": 0,
    "interestExpense": 17086000,
    "depreciationAndAmortization": 31935000,
    "ebitda": 127142000,
    "ebitdaratio": 0.5919969455,
    "operatingIncome": 91627000,
    "operatingIncomeRatio": 0.4266324592,
    "totalOtherIncomeExpensesNet": -6150000,
    "incomeBeforeTax": 85477000,
    "incomeBeforeTaxRatio": 0.3979969083,
    "incomeTaxExpense": 31909000,
    "netIncome": 53165000,
    "netIncomeRatio": 0.2475461894,
    "eps": 0.14,
    "epsdiluted": 0.14,
    "weightedAverageShsOut": 389440000,
    "weightedAverageShsOutDil": 394984000,
    "link": "https://www.sec.gov/Archives/edgar/data/858470/000119312506103584/0001193125-06-103584-index.htm",
    "finalLink": "https://www.sec.gov/Archives/edgar/data/858470/000119312506103584/d10q.htm"
  },
  {
    "date": "2005-12-31",
    "symbol": "CTRA",
    "reportedCurrency": "USD",
    "cik": "0000858470",
    "fillingDate": "2006-03-06",
    "acceptedDate": "2006-03-06 15:01:12",
    "calendarYear": "2005",
    "period": "Q4",
    "revenue": 225082000,
    "costOfRevenue": 66657000,
    "grossProfit": 158425000,
    "grossProfitRatio": 0.7038545952,
    "researchAndDevelopmentExpenses": 0,
    "generalAndAdministrativeExpenses": 0,
    "sellingAndMarketingExpenses": 0,
    "sellingGeneralAndAdministrativeExpenses": 10311000,
    "otherExpenses": 46352000,
    "operatingExpenses": 56663000,
    "costAndExpenses": 123320000,
    "interestIncome": 0,
    "interestExpense": 12496000,
    "depreciationAndAmortization": 29112000,
    "ebitda": 130874000,
    "ebitdaratio": 0.5814503159,
    "operatingIncome": 99942000,
    "operatingIncomeRatio": 0.4440248443,
    "totalOtherIncomeExpensesNet": -7036000,
    "incomeBeforeTax": 92906000,
    "incomeBeforeTaxRatio": 0.4127651256,
    "incomeTaxExpense": 34401000,
    "netIncome": 58505000,
    "netIncomeRatio": 0.2599274931,
    "eps": 0.15,
    "epsdiluted": 0.15,
    "weightedAverageShsOut": 390632000,
    "weightedAverageShsOutDil": 391608000,
    "link": "https://www.sec.gov/Archives/edgar/data/858470/000119312506046016/0001193125-06-046016-index.htm",
    "finalLink": "https://www.sec.gov/Archives/edgar/data/858470/000119312506046016/d10k.htm"
  },
  {
    "date": "2005-09-30",
    "symbol": "CTRA",
    "reportedCurrency": "USD",
    "cik": "0000858470",
    "fillingDate": "2005-10-28",
    "acceptedDate": "2005-10-28 17:09:50",
    "calendarYear": "2005",
    "period": "Q3",
    "revenue": 161757000,
    "costOfRevenue": 47461000,
    "grossProfit": 114296000,
    "grossProfitRatio": 0.7065907503,
    "researchAndDevelopmentExpenses": 0,
    "generalAndAdministrativeExpenses": 0,
    "sellingAndMarketingExpenses": 0,
    "sellingGeneralAndAdministrativeExpenses": 9679000,
    "otherExpenses": 41502000,
    "operatingExpenses": 51181000,
    "costAndExpenses": 98642000,
    "interestIncome": 0,
    "interestExpense": 17600000,
    "depreciationAndAmortization": 26578000,
    "ebitda": 89693000,
    "ebitdaratio": 0.5544922322,
    "operatingIncome": 59023000,
    "operatingIncomeRatio": 0.3648868364,
    "totalOtherIncomeExpensesNet": -5339000,
    "incomeBeforeTax": 53684000,
    "incomeBeforeTaxRatio": 0.3318805369,
    "incomeTaxExpense": 19928000,
    "netIncome": 33756000,
    "netIncomeRatio": 0.2086833955,
    "eps": 0.0862,
    "epsdiluted": 0.085,
    "weightedAverageShsOut": 391608000,
    "weightedAverageShsOutDil": 397320000,
    "link": "https://www.sec.gov/Archives/edgar/data/858470/000119312505211218/0001193125-05-211218-index.htm",
    "finalLink": "https://www.sec.gov/Archives/edgar/data/858470/000119312505211218/d10q.htm"
  },
  {
    "date": "2005-06-30",
    "symbol": "CTRA",
    "reportedCurrency": "USD",
    "cik": "0000858470",
    "fillingDate": "2005-07-29",
    "acceptedDate": "2005-07-29 12:38:46",
    "calendarYear": "2005",
    "period": "Q2",
    "revenue": 151884000,
    "costOfRevenue": 39370000,
    "grossProfit": 112514000,
    "grossProfitRatio": 0.7407890232,
    "researchAndDevelopmentExpenses": 0,
    "generalAndAdministrativeExpenses": 0,
    "sellingAndMarketingExpenses": 0,
    "sellingGeneralAndAdministrativeExpenses": 12343000,
    "otherExpenses": 38449000,
    "operatingExpenses": 50792000,
    "costAndExpenses": 90162000,
    "interestIncome": 0,
    "interestExpense": 5075000,
    "depreciationAndAmortization": 26112000,
    "ebitda": 87834000,
    "ebitdaratio": 0.5782965948,
    "operatingIncome": 61722000,
    "operatingIncomeRatio": 0.4063759185,
    "totalOtherIncomeExpensesNet": -5134000,
    "incomeBeforeTax": 56588000,
    "incomeBeforeTaxRatio": 0.3725738063,
    "incomeTaxExpense": 21166000,
    "netIncome": 35422000,
    "netIncomeRatio": 0.2332174554,
    "eps": 0.09,
    "epsdiluted": 0.0888,
    "weightedAverageShsOut": 391336000,
    "weightedAverageShsOutDil": 396624000,
    "link": "https://www.sec.gov/Archives/edgar/data/858470/000119312505152431/0001193125-05-152431-index.htm",
    "finalLink": "https://www.sec.gov/Archives/edgar/data/858470/000119312505152431/d10q.htm"
  },
  {
    "date": "2005-03-31",
    "symbol": "CTRA",
    "reportedCurrency": "USD",
    "cik": "0000858470",
    "fillingDate": "2005-04-29",
    "acceptedDate": "2005-04-29 15:57:16",
    "calendarYear": "2005",
    "period": "Q1",
    "revenue": 144074000,
    "costOfRevenue": 57285000,
    "grossProfit": 86789000,
    "grossProfitRatio": 0.6023918264,
    "researchAndDevelopmentExpenses": 0,
    "generalAndAdministrativeExpenses": 0,
    "sellingAndMarketingExpenses": 0,
    "sellingGeneralAndAdministrativeExpenses": 12371000,
    "otherExpenses": 36374000,
    "operatingExpenses": 48745000,
    "costAndExpenses": 106030000,
    "interestIncome": 0,
    "interestExpense": 4988000,
    "depreciationAndAmortization": 26656000,
    "ebitda": 64700000,
    "ebitdaratio": 0.449074781,
    "operatingIncome": 38044000,
    "operatingIncomeRatio": 0.2640587476,
    "totalOtherIncomeExpensesNet": -4988000,
    "incomeBeforeTax": 33056000,
    "incomeBeforeTaxRatio": 0.2294376501,
    "incomeTaxExpense": 12294000,
    "netIncome": 20762000,
    "netIncomeRatio": 0.1441065008,
    "eps": 0.0358,
    "epsdiluted": 0.035,
    "weightedAverageShsOut": 584688000,
    "weightedAverageShsOutDil": 591672000,
    "link": "https://www.sec.gov/Archives/edgar/data/858470/000119312505090413/0001193125-05-090413-index.htm",
    "finalLink": "https://www.sec.gov/Archives/edgar/data/858470/000119312505090413/d10q.htm"
  },
  {
    "date": "2004-12-31",
    "symbol": "CTRA",
    "reportedCurrency": "USD",
    "cik": "0000858470",
    "fillingDate": "2005-03-03",
    "acceptedDate": "2005-03-02 17:47:49",
    "calendarYear": "2004",
    "period": "Q4",
    "revenue": 154639000,
    "costOfRevenue": 51804000,
    "grossProfit": 102835000,
    "grossProfitRatio": 0.6650004203,
    "researchAndDevelopmentExpenses": 0,
    "generalAndAdministrativeExpenses": 0,
    "sellingAndMarketingExpenses": 0,
    "sellingGeneralAndAdministrativeExpenses": -2387000,
    "otherExpenses": 37773000,
    "operatingExpenses": 35386000,
    "costAndExpenses": 87190000,
    "interestIncome": 0,
    "interestExpense": 50577000,
    "depreciationAndAmortization": 26758000,
    "ebitda": 94207000,
    "ebitdaratio": 0.6092059571,
    "operatingIncome": 53846000,
    "operatingIncomeRatio": 0.348204528,
    "totalOtherIncomeExpensesNet": -5630000,
    "incomeBeforeTax": 48216000,
    "incomeBeforeTaxRatio": 0.3117971534,
    "incomeTaxExpense": 15989000,
    "netIncome": 32227000,
    "netIncomeRatio": 0.2084015029,
    "eps": 0.0825,
    "epsdiluted": 0.0825,
    "weightedAverageShsOut": 390576000,
    "weightedAverageShsOutDil": 390576000,
    "link": "https://www.sec.gov/Archives/edgar/data/858470/000119312505040899/0001193125-05-040899-index.htm",
    "finalLink": "https://www.sec.gov/Archives/edgar/data/858470/000119312505040899/d10k.htm"
  },
  {
    "date": "2004-09-30",
    "symbol": "CTRA",
    "reportedCurrency": "USD",
    "cik": "0000858470",
    "fillingDate": "2004-10-29",
    "acceptedDate": "2004-10-28 21:51:29",
    "calendarYear": "2004",
    "period": "Q3",
    "revenue": 119423000,
    "costOfRevenue": 31903000,
    "grossProfit": 87520000,
    "grossProfitRatio": 0.7328571548,
    "researchAndDevelopmentExpenses": 0,
    "generalAndAdministrativeExpenses": 0,
    "sellingAndMarketingExpenses": 0,
    "sellingGeneralAndAdministrativeExpenses": 9001000,
    "otherExpenses": 37729000,
    "operatingExpenses": 46730000,
    "costAndExpenses": 78633000,
    "interestIncome": 0,
    "interestExpense": 3883000,
    "depreciationAndAmortization": 27734000,
    "ebitda": 68524000,
    "ebitdaratio": 0.5737923181,
    "operatingIncome": 34278000,
    "operatingIncomeRatio": 0.2870301366,
    "totalOtherIncomeExpensesNet": -5577000,
    "incomeBeforeTax": 28701000,
    "incomeBeforeTaxRatio": 0.2403305896,
    "incomeTaxExpense": 10879000,
    "netIncome": 17822000,
    "netIncomeRatio": 0.1492342346,
    "eps": 0.0308,
    "epsdiluted": 0.03,
    "weightedAverageShsOut": 585864000,
    "weightedAverageShsOutDil": 593028000,
    "link": "https://www.sec.gov/Archives/edgar/data/858470/000119312504180934/0001193125-04-180934-index.htm",
    "finalLink": "https://www.sec.gov/Archives/edgar/data/858470/000119312504180934/d10q.htm"
  },
  {
    "date": "2004-06-30",
    "symbol": "CTRA",
    "reportedCurrency": "USD",
    "cik": "0000858470",
    "fillingDate": "2004-08-09",
    "acceptedDate": "2004-08-09 16:31:55",
    "calendarYear": "2004",
    "period": "Q2",
    "revenue": 119742000,
    "costOfRevenue": 36278000,
    "grossProfit": 83464000,
    "grossProfitRatio": 0.697031952,
    "researchAndDevelopmentExpenses": 0,
    "generalAndAdministrativeExpenses": 0,
    "sellingAndMarketingExpenses": 0,
    "sellingGeneralAndAdministrativeExpenses": 12310000,
    "otherExpenses": 34715000,
    "operatingExpenses": 47025000,
    "costAndExpenses": 83303000,
    "interestIncome": 0,
    "interestExpense": 5083000,
    "depreciationAndAmortization": 24622000,
    "ebitda": 61061000,
    "ebitdaratio": 0.5099380334,
    "operatingIncome": 36439000,
    "operatingIncomeRatio": 0.3043126054,
    "totalOtherIncomeExpensesNet": -5445000,
    "incomeBeforeTax": 30994000,
    "incomeBeforeTaxRatio": 0.258839839,
    "incomeTaxExpense": 11676000,
    "netIncome": 19318000,
    "netIncomeRatio": 0.1613301932,
    "eps": 0.0333,
    "epsdiluted": 0.0325,
    "weightedAverageShsOut": 585468000,
    "weightedAverageShsOutDil": 592716000,
    "link": "https://www.sec.gov/Archives/edgar/data/858470/000119312504135944/0001193125-04-135944-index.htm",
    "finalLink": "https://www.sec.gov/Archives/edgar/data/858470/000119312504135944/d10q.htm"
  },
  {
    "date": "2004-03-31",
    "symbol": "CTRA",
    "reportedCurrency": "USD",
    "cik": "0000858470",
    "fillingDate": "2004-08-09",
    "acceptedDate": "2004-08-09 16:29:45",
    "calendarYear": "2004",
    "period": "Q1",
    "revenue": 136604000,
    "costOfRevenue": 56943000,
    "grossProfit": 79661000,
    "grossProfitRatio": 0.5831527627,
    "researchAndDevelopmentExpenses": 0,
    "generalAndAdministrativeExpenses": 0,
    "sellingAndMarketingExpenses": 0,
    "sellingGeneralAndAdministrativeExpenses": 9299000,
    "otherExpenses": 34272000,
    "operatingExpenses": 43571000,
    "costAndExpenses": 100514000,
    "interestIncome": 0,
    "interestExpense": 5318000,
    "depreciationAndAmortization": 24229000,
    "ebitda": 60319000,
    "ebitdaratio": 0.4415610085,
    "operatingIncome": 36090000,
    "operatingIncomeRatio": 0.2641943135,
    "totalOtherIncomeExpensesNet": -5377000,
    "incomeBeforeTax": 30713000,
    "incomeBeforeTaxRatio": 0.2248323622,
    "incomeTaxExpense": 11702000,
    "netIncome": 19011000,
    "netIncomeRatio": 0.139168692,
    "eps": 0.0492,
    "epsdiluted": 0.0483,
    "weightedAverageShsOut": 388776000,
    "weightedAverageShsOutDil": 394392000,
    "link": "https://www.sec.gov/Archives/edgar/data/858470/000119312504135938/0001193125-04-135938-index.htm",
    "finalLink": "https://www.sec.gov/Archives/edgar/data/858470/000119312504135938/d10qa.htm"
  },
  {
    "date": "2003-12-31",
    "symbol": "CTRA",
    "reportedCurrency": "USD",
    "cik": "0000858470",
    "fillingDate": "2004-02-18",
    "acceptedDate": "2004-02-18 16:34:31",
    "calendarYear": "2003",
    "period": "Q4",
    "revenue": 121248000,
    "costOfRevenue": 49203000,
    "grossProfit": 72045000,
    "grossProfitRatio": 0.5941953682,
    "researchAndDevelopmentExpenses": 0,
    "generalAndAdministrativeExpenses": 0,
    "sellingAndMarketingExpenses": 0,
    "sellingGeneralAndAdministrativeExpenses": 6543000,
    "otherExpenses": 28367000,
    "operatingExpenses": 34910000,
    "costAndExpenses": 84113000,
    "interestIncome": 0,
    "interestExpense": 7427000,
    "depreciationAndAmortization": 23985000,
    "ebitda": 61120000,
    "ebitdaratio": 0.5040907891,
    "operatingIncome": 34798000,
    "operatingIncomeRatio": 0.2869985484,
    "totalOtherIncomeExpensesNet": -4996000,
    "incomeBeforeTax": 29802000,
    "incomeBeforeTaxRatio": 0.2457937451,
    "incomeTaxExpense": 10019000,
    "netIncome": 19783000,
    "netIncomeRatio": 0.1631614542,
    "eps": 0.0512,
    "epsdiluted": 0.0512,
    "weightedAverageShsOut": 386148000,
    "weightedAverageShsOutDil": 386148000,
    "link": "https://www.sec.gov/Archives/edgar/data/858470/000119312504025904/0001193125-04-025904-index.htm",
    "finalLink": "https://www.sec.gov/Archives/edgar/data/858470/000119312504025904/d10k.htm"
  },
  {
    "date": "2003-09-30",
    "symbol": "CTRA",
    "reportedCurrency": "USD",
    "cik": "0000858470",
    "fillingDate": "2003-10-30",
    "acceptedDate": "2003-10-29 18:27:46",
    "calendarYear": "2003",
    "period": "Q3",
    "revenue": 125471000,
    "costOfRevenue": 41872000,
    "grossProfit": 83599000,
    "grossProfitRatio": 0.6662814515,
    "researchAndDevelopmentExpenses": 0,
    "generalAndAdministrativeExpenses": 0,
    "sellingAndMarketingExpenses": 0,
    "sellingGeneralAndAdministrativeExpenses": 5802000,
    "otherExpenses": 25960000,
    "operatingExpenses": 31762000,
    "costAndExpenses": 73634000,
    "interestIncome": 0,
    "interestExpense": 24605000,
    "depreciationAndAmortization": 23647000,
    "ebitda": 75484000,
    "ebitdaratio": 0.6016051518,
    "operatingIncome": 43630000,
    "operatingIncomeRatio": 0.3477297543,
    "totalOtherIncomeExpensesNet": -6972000,
    "incomeBeforeTax": 36658000,
    "incomeBeforeTaxRatio": 0.2921631293,
    "incomeTaxExpense": 13990000,
    "netIncome": 22668000,
    "netIncomeRatio": 0.1806632608,
    "eps": 0.0583,
    "epsdiluted": 0.0583,
    "weightedAverageShsOut": 386148000,
    "weightedAverageShsOutDil": 389220000,
    "link": "https://www.sec.gov/Archives/edgar/data/858470/000119312503069476/0001193125-03-069476-index.htm",
    "finalLink": "https://www.sec.gov/Archives/edgar/data/858470/000119312503069476/d10q.htm"
  },
  {
    "date": "2003-06-30",
    "symbol": "CTRA",
    "reportedCurrency": "USD",
    "cik": "0000858470",
    "fillingDate": "2003-07-30",
    "acceptedDate": "2003-07-30 15:24:00",
    "calendarYear": "2003",
    "period": "Q2",
    "revenue": 126756000,
    "costOfRevenue": 51027000,
    "grossProfit": 75729000,
    "grossProfitRatio": 0.5974391745,
    "researchAndDevelopmentExpenses": 0,
    "generalAndAdministrativeExpenses": 0,
    "sellingAndMarketingExpenses": 0,
    "sellingGeneralAndAdministrativeExpenses": 6172000,
    "otherExpenses": 34707000,
    "operatingExpenses": 40879000,
    "costAndExpenses": 91906000,
    "interestIncome": 0,
    "interestExpense": 5984000,
    "depreciationAndAmortization": 23764000,
    "ebitda": 58614000,
    "ebitdaratio": 0.4624159803,
    "operatingIncome": 34850000,
    "operatingIncomeRatio": 0.2749376755,
    "totalOtherIncomeExpensesNet": -5952000,
    "incomeBeforeTax": 28898000,
    "incomeBeforeTaxRatio": 0.2279813184,
    "incomeTaxExpense": 10994000,
    "netIncome": 17904000,
    "netIncomeRatio": 0.1412477516,
    "eps": 0.0467,
    "epsdiluted": 0.0458,
    "weightedAverageShsOut": 383760000,
    "weightedAverageShsOutDil": 390632727,
    "link": "https://www.sec.gov/Archives/edgar/data/858470/000119312503026323/0001193125-03-026323-index.htm",
    "finalLink": "https://www.sec.gov/Archives/edgar/data/858470/000119312503026323/d10q.htm"
  },
  {
    "date": "2003-03-31",
    "symbol": "CTRA",
    "reportedCurrency": "USD",
    "cik": "0000858470",
    "fillingDate": "2003-04-30",
    "acceptedDate": "2003-04-30 16:50:08",
    "calendarYear": "2003",
    "period": "Q1",
    "revenue": 135916000,
    "costOfRevenue": 52578000,
    "grossProfit": 83338000,
    "grossProfitRatio": 0.6131581271,
    "researchAndDevelopmentExpenses": 0,
    "generalAndAdministrativeExpenses": 0,
    "sellingAndMarketingExpenses": 0,
    "sellingGeneralAndAdministrativeExpenses": 96858000,
    "otherExpenses": 33171000,
    "operatingExpenses": 130029000,
    "costAndExpenses": 182607000,
    "interestIncome": 0,
    "interestExpense": 11912000,
    "depreciationAndAmortization": 23507000,
    "ebitda": -23184000,
    "ebitdaratio": -0.170575944,
    "operatingIncome": -46691000,
    "operatingIncomeRatio": -0.3435283557,
    "totalOtherIncomeExpensesNet": -5625000,
    "incomeBeforeTax": -52316000,
    "incomeBeforeTaxRatio": -0.3849142117,
    "incomeTaxExpense": -19940000,
    "netIncome": -39223000,
    "netIncomeRatio": -0.288582654,
    "eps": -0.1,
    "epsdiluted": -0.1,
    "weightedAverageShsOut": 382044000,
    "weightedAverageShsOutDil": 382044000,
    "link": "https://www.sec.gov/Archives/edgar/data/858470/000119312503002831/0001193125-03-002831-index.htm",
    "finalLink": "https://www.sec.gov/Archives/edgar/data/858470/000119312503002831/d10q.txt"
  },
  {
    "date": "2002-12-31",
    "symbol": "CTRA",
    "reportedCurrency": "USD",
    "cik": "0000858470",
    "fillingDate": "2003-02-21",
    "acceptedDate": "2003-02-21 13:45:13",
    "calendarYear": "2002",
    "period": "Q4",
    "revenue": 103549000,
    "costOfRevenue": 43111000,
    "grossProfit": 60438000,
    "grossProfitRatio": 0.5836657042,
    "researchAndDevelopmentExpenses": 0,
    "generalAndAdministrativeExpenses": 0,
    "sellingAndMarketingExpenses": 0,
    "sellingGeneralAndAdministrativeExpenses": 7100000,
    "otherExpenses": 30214000,
    "operatingExpenses": 37314000,
    "costAndExpenses": 80425000,
    "interestIncome": 0,
    "interestExpense": 18373000,
    "depreciationAndAmortization": 24429000,
    "ebitda": 47553000,
    "ebitdaratio": 0.4592318612,
    "operatingIncome": 19130000,
    "operatingIncomeRatio": 0.1847434548,
    "totalOtherIncomeExpensesNet": -6440000,
    "incomeBeforeTax": 12690000,
    "incomeBeforeTaxRatio": 0.1225506765,
    "incomeTaxExpense": 4036000,
    "netIncome": 8654000,
    "netIncomeRatio": 0.0835739602,
    "eps": 0.0227,
    "epsdiluted": 0.0227,
    "weightedAverageShsOut": 380544000,
    "weightedAverageShsOutDil": 381516000,
    "link": "https://www.sec.gov/Archives/edgar/data/858470/000089924303000363/0000899243-03-000363-index.htm",
    "finalLink": "https://www.sec.gov/Archives/edgar/data/858470/000089924303000363/d10k.txt"
  },
  {
    "date": "2002-09-30",
    "symbol": "CTRA",
    "reportedCurrency": "USD",
    "cik": "0000858470",
    "fillingDate": "2002-10-29",
    "acceptedDate": "2002-10-29 16:38:45",
    "calendarYear": "2002",
    "period": "Q3",
    "revenue": 85549000,
    "costOfRevenue": 31226000,
    "grossProfit": 54323000,
    "grossProfitRatio": 0.6349928111,
    "researchAndDevelopmentExpenses": 0,
    "generalAndAdministrativeExpenses": 0,
    "sellingAndMarketingExpenses": 0,
    "sellingGeneralAndAdministrativeExpenses": 5966000,
    "otherExpenses": 30909000,
    "operatingExpenses": 36875000,
    "costAndExpenses": 68101000,
    "interestIncome": 0,
    "interestExpense": 13541000,
    "depreciationAndAmortization": 25420000,
    "ebitda": 42868000,
    "ebitdaratio": 0.5010929409,
    "operatingIncome": 15111000,
    "operatingIncomeRatio": 0.1766356123,
    "totalOtherIncomeExpensesNet": -6314000,
    "incomeBeforeTax": 8797000,
    "incomeBeforeTaxRatio": 0.1028299571,
    "incomeTaxExpense": 2672000,
    "netIncome": 6125000,
    "netIncomeRatio": 0.071596395,
    "eps": 0.0158,
    "epsdiluted": 0.0158,
    "weightedAverageShsOut": 381516000,
    "weightedAverageShsOutDil": 381516000,
    "link": "https://www.sec.gov/Archives/edgar/data/858470/000089924302002761/0000899243-02-002761-index.htm",
    "finalLink": "https://www.sec.gov/Archives/edgar/data/858470/000089924302002761/d10q.txt"
  },
  {
    "date": "2002-06-30",
    "symbol": "CTRA",
    "reportedCurrency": "USD",
    "cik": "0000858470",
    "fillingDate": "2002-07-29",
    "acceptedDate": "2002-07-26 19:02:35",
    "calendarYear": "2002",
    "period": "Q2",
    "revenue": 89584000,
    "costOfRevenue": 39663000,
    "grossProfit": 49921000,
    "grossProfitRatio": 0.5572535274,
    "researchAndDevelopmentExpenses": 0,
    "generalAndAdministrativeExpenses": 0,
    "sellingAndMarketingExpenses": 0,
    "sellingGeneralAndAdministrativeExpenses": 9572000,
    "otherExpenses": 30499000,
    "operatingExpenses": 40071000,
    "costAndExpenses": 79734000,
    "interestIncome": 0,
    "interestExpense": 5902000,
    "depreciationAndAmortization": 23453000,
    "ebitda": 33303000,
    "ebitdaratio": 0.3717516521,
    "operatingIncome": 9850000,
    "operatingIncomeRatio": 0.1099526701,
    "totalOtherIncomeExpensesNet": -6331000,
    "incomeBeforeTax": 3519000,
    "incomeBeforeTaxRatio": 0.0392815681,
    "incomeTaxExpense": 1398000,
    "netIncome": 2121000,
    "netIncomeRatio": 0.0236761029,
    "eps": 0.0058,
    "epsdiluted": 0.0058,
    "weightedAverageShsOut": 380844000,
    "weightedAverageShsOutDil": 380844000,
    "link": "https://www.sec.gov/Archives/edgar/data/858470/000089924302002113/0000899243-02-002113-index.htm",
    "finalLink": "https://www.sec.gov/Archives/edgar/data/858470/000089924302002113/d10q.txt"
  },
  {
    "date": "2002-03-31",
    "symbol": "CTRA",
    "reportedCurrency": "USD",
    "cik": "0000858470",
    "fillingDate": "2002-04-30",
    "acceptedDate": "2002-04-30 12:59:43",
    "calendarYear": "2002",
    "period": "Q1",
    "revenue": 75073000,
    "costOfRevenue": 34958000,
    "grossProfit": 40115000,
    "grossProfitRatio": 0.5343465693,
    "researchAndDevelopmentExpenses": 0,
    "generalAndAdministrativeExpenses": 0,
    "sellingAndMarketingExpenses": 0,
    "sellingGeneralAndAdministrativeExpenses": 5739000,
    "otherExpenses": 29380000,
    "operatingExpenses": 35119000,
    "costAndExpenses": 70077000,
    "interestIncome": 0,
    "interestExpense": 6244000,
    "depreciationAndAmortization": 23210000,
    "ebitda": 28206000,
    "ebitdaratio": 0.3757143047,
    "operatingIncome": 4996000,
    "operatingIncomeRatio": 0.0665485594,
    "totalOtherIncomeExpensesNet": -6226000,
    "incomeBeforeTax": -1230000,
    "incomeBeforeTaxRatio": -0.0163840529,
    "incomeTaxExpense": -432000,
    "netIncome": -798000,
    "netIncomeRatio": -0.0106296538,
    "eps": -0.0021,
    "epsdiluted": -0.0021,
    "weightedAverageShsOut": 379248000,
    "weightedAverageShsOutDil": 379248000,
    "link": "https://www.sec.gov/Archives/edgar/data/858470/000089924302001306/0000899243-02-001306-index.htm",
    "finalLink": "https://www.sec.gov/Archives/edgar/data/858470/000089924302001306/d10q.txt"
  },
  {
    "date": "2001-12-31",
    "symbol": "CTRA",
    "reportedCurrency": "USD",
    "cik": "0000858470",
    "fillingDate": "2002-02-22",
    "acceptedDate": "2002-02-22 00:00:00",
    "calendarYear": "2001",
    "period": "Q4",
    "revenue": 80318000,
    "costOfRevenue": 51847000,
    "grossProfit": 28471000,
    "grossProfitRatio": 0.3544784482,
    "researchAndDevelopmentExpenses": 0,
    "generalAndAdministrativeExpenses": 0,
    "sellingAndMarketingExpenses": 0,
    "sellingGeneralAndAdministrativeExpenses": 575000,
    "otherExpenses": 32733000,
    "operatingExpenses": 33308000,
    "costAndExpenses": 85155000,
    "interestIncome": 0,
    "interestExpense": 56733000,
    "depreciationAndAmortization": 25814000,
    "ebitda": 20977000,
    "ebitdaratio": 0.261174332,
    "operatingIncome": -21762000,
    "operatingIncomeRatio": -0.2709479818,
    "totalOtherIncomeExpensesNet": -6242000,
    "incomeBeforeTax": -28004000,
    "incomeBeforeTaxRatio": -0.3486640604,
    "incomeTaxExpense": -12403000,
    "netIncome": -15601000,
    "netIncomeRatio": -0.1942403944,
    "eps": -0.0424,
    "epsdiluted": -0.0424,
    "weightedAverageShsOut": 367728000,
    "weightedAverageShsOutDil": 367728000,
    "link": "https://www.sec.gov/Archives/edgar/data/858470/000089924302000382/0000899243-02-000382-index.htm",
    "finalLink": "https://www.sec.gov/Archives/edgar/data/858470/000089924302000382/d10k.txt"
  },
  {
    "date": "2001-09-30",
    "symbol": "CTRA",
    "reportedCurrency": "USD",
    "cik": "0000858470",
    "fillingDate": "2001-10-31",
    "acceptedDate": "2001-10-31 00:00:00",
    "calendarYear": "2001",
    "period": "Q3",
    "revenue": 104226000,
    "costOfRevenue": 44658000,
    "grossProfit": 59568000,
    "grossProfitRatio": 0.5715272581,
    "researchAndDevelopmentExpenses": 0,
    "generalAndAdministrativeExpenses": 0,
    "sellingAndMarketingExpenses": 0,
    "sellingGeneralAndAdministrativeExpenses": 10473000,
    "otherExpenses": 27494000,
    "operatingExpenses": 37967000,
    "costAndExpenses": 82625000,
    "interestIncome": 0,
    "interestExpense": 5371000,
    "depreciationAndAmortization": 22716000,
    "ebitda": 44317000,
    "ebitdaratio": 0.4252010055,
    "operatingIncome": 21601000,
    "operatingIncomeRatio": 0.2072515495,
    "totalOtherIncomeExpensesNet": -5140000,
    "incomeBeforeTax": 16461000,
    "incomeBeforeTaxRatio": 0.1579356399,
    "incomeTaxExpense": 6430000,
    "netIncome": 10031000,
    "netIncomeRatio": 0.0962427801,
    "eps": 0.0275,
    "epsdiluted": 0.0267,
    "weightedAverageShsOut": 367728000,
    "weightedAverageShsOutDil": 376162500,
    "link": "https://www.sec.gov/Archives/edgar/data/858470/000089924301501611/0000899243-01-501611-index.htm",
    "finalLink": "https://www.sec.gov/Archives/edgar/data/858470/000089924301501611/d10q.txt"
  },
  {
    "date": "2001-06-30",
    "symbol": "CTRA",
    "reportedCurrency": "USD",
    "cik": "0000858470",
    "fillingDate": "2001-07-27",
    "acceptedDate": "2001-07-27 00:00:00",
    "calendarYear": "2001",
    "period": "Q2",
    "revenue": 107606000,
    "costOfRevenue": 51995000,
    "grossProfit": 55611000,
    "grossProfitRatio": 0.5168020371,
    "researchAndDevelopmentExpenses": 0,
    "generalAndAdministrativeExpenses": 0,
    "sellingAndMarketingExpenses": 0,
    "sellingGeneralAndAdministrativeExpenses": 5691000,
    "otherExpenses": 22944000,
    "operatingExpenses": 28635000,
    "costAndExpenses": 80630000,
    "interestIncome": 0,
    "interestExpense": 4735000,
    "depreciationAndAmortization": 16198000,
    "ebitda": 43174000,
    "ebitdaratio": 0.4012229801,
    "operatingIncome": 26976000,
    "operatingIncomeRatio": 0.2506923406,
    "totalOtherIncomeExpensesNet": -4704000,
    "incomeBeforeTax": 22272000,
    "incomeBeforeTaxRatio": 0.2069773061,
    "incomeTaxExpense": 8679000,
    "netIncome": 13593000,
    "netIncomeRatio": 0.1263219523,
    "eps": 0.0383,
    "epsdiluted": 0.0375,
    "weightedAverageShsOut": 354108000,
    "weightedAverageShsOutDil": 362480000,
    "link": "https://www.sec.gov/Archives/edgar/data/858470/000089924301501044/0000899243-01-501044-index.htm",
    "finalLink": "https://www.sec.gov/Archives/edgar/data/858470/000089924301501044/d10q.txt"
  },
  {
    "date": "2001-03-31",
    "symbol": "CTRA",
    "reportedCurrency": "USD",
    "cik": "0000858470",
    "fillingDate": "2001-04-27",
    "acceptedDate": "2001-04-27 00:00:00",
    "calendarYear": "2001",
    "period": "Q1",
    "revenue": 154891000,
    "costOfRevenue": 54630000,
    "grossProfit": 100261000,
    "grossProfitRatio": 0.6473003596,
    "researchAndDevelopmentExpenses": 0,
    "generalAndAdministrativeExpenses": 0,
    "sellingAndMarketingExpenses": 0,
    "sellingGeneralAndAdministrativeExpenses": 5946000,
    "otherExpenses": 25793000,
    "operatingExpenses": 31739000,
    "costAndExpenses": 86369000,
    "interestIncome": 0,
    "interestExpense": 4698000,
    "depreciationAndAmortization": 15891000,
    "ebitda": 84413000,
    "ebitdaratio": 0.5449832463,
    "operatingIncome": 68522000,
    "operatingIncomeRatio": 0.4423885184,
    "totalOtherIncomeExpensesNet": -4702000,
    "incomeBeforeTax": 63820000,
    "incomeBeforeTaxRatio": 0.4120316868,
    "incomeTaxExpense": 24758000,
    "netIncome": 39062000,
    "netIncomeRatio": 0.2521902499,
    "eps": 0.12,
    "epsdiluted": 0.11,
    "weightedAverageShsOut": 338034000,
    "weightedAverageShsOutDil": 342220000,
    "link": "https://www.sec.gov/Archives/edgar/data/858470/000089924301500206/0000899243-01-500206-index.htm",
    "finalLink": "https://www.sec.gov/Archives/edgar/data/858470/000089924301500206/d10q.txt"
  },
  {
    "date": "2000-12-31",
    "symbol": "CTRA",
    "reportedCurrency": "USD",
    "cik": "0000858470",
    "fillingDate": "2001-06-22",
    "acceptedDate": "2001-06-22 00:00:00",
    "calendarYear": "2000",
    "period": "Q4",
    "revenue": 217797000,
    "costOfRevenue": 152907000,
    "grossProfit": 64890000,
    "grossProfitRatio": 0.2979379881,
    "researchAndDevelopmentExpenses": 0,
    "generalAndAdministrativeExpenses": 0,
    "sellingAndMarketingExpenses": 0,
    "sellingGeneralAndAdministrativeExpenses": 1999000,
    "otherExpenses": 22583000,
    "operatingExpenses": 24582000,
    "costAndExpenses": 177489000,
    "interestIncome": 0,
    "interestExpense": 25262000,
    "depreciationAndAmortization": 15112000,
    "ebitda": 55420000,
    "ebitdaratio": 0.2544571321,
    "operatingIncome": 33844000,
    "operatingIncomeRatio": 0.1553924067,
    "totalOtherIncomeExpensesNet": -5852000,
    "incomeBeforeTax": 27992000,
    "incomeBeforeTaxRatio": 0.1285233497,
    "incomeTaxExpense": 10921000,
    "netIncome": 17071000,
    "netIncomeRatio": 0.0783803266,
    "eps": 0.0491,
    "epsdiluted": 0.0491,
    "weightedAverageShsOut": 347712000,
    "weightedAverageShsOutDil": 347712000,
    "link": "https://www.sec.gov/Archives/edgar/data/858470/000089924301500808/0000899243-01-500808-index.htm",
    "finalLink": "https://www.sec.gov/Archives/edgar/data/858470/000089924301500808/d10ka.txt"
  },
  {
    "date": "2000-09-30",
    "symbol": "CTRA",
    "reportedCurrency": "USD",
    "cik": "0000858470",
    "fillingDate": "2000-10-27",
    "acceptedDate": "2000-10-27 00:00:00",
    "calendarYear": "2000",
    "period": "Q3",
    "revenue": 86236000,
    "costOfRevenue": 44950000,
    "grossProfit": 41286000,
    "grossProfitRatio": 0.478755972,
    "researchAndDevelopmentExpenses": 0,
    "generalAndAdministrativeExpenses": 0,
    "sellingAndMarketingExpenses": 0,
    "sellingGeneralAndAdministrativeExpenses": 6281000,
    "otherExpenses": 19206000,
    "operatingExpenses": 25487000,
    "costAndExpenses": 70437000,
    "interestIncome": 0,
    "interestExpense": 5657000,
    "depreciationAndAmortization": 13217000,
    "ebitda": 29016000,
    "ebitdaratio": 0.3364720071,
    "operatingIncome": 15799000,
    "operatingIncomeRatio": 0.1832065495,
    "totalOtherIncomeExpensesNet": -5709000,
    "incomeBeforeTax": 10090000,
    "incomeBeforeTaxRatio": 0.1170044993,
    "incomeTaxExpense": 3953000,
    "netIncome": 6137000,
    "netIncomeRatio": 0.0711651746,
    "eps": 0.0191,
    "epsdiluted": 0.019,
    "weightedAverageShsOut": 321798000,
    "weightedAverageShsOutDil": 323400000,
    "link": "https://www.sec.gov/Archives/edgar/data/858470/000089924300002254/0000899243-00-002254-index.htm",
    "finalLink": "https://www.sec.gov/Archives/edgar/data/858470/000089924300002254/0000899243-00-002254-0001.txt"
  },
  {
    "date": "2000-06-30",
    "symbol": "CTRA",
    "reportedCurrency": "USD",
    "cik": "0000858470",
    "fillingDate": "2000-08-09",
    "acceptedDate": "2000-08-09 00:00:00",
    "calendarYear": "2000",
    "period": "Q2",
    "revenue": 82448000,
    "costOfRevenue": 50110000,
    "grossProfit": 32338000,
    "grossProfitRatio": 0.3922229769,
    "researchAndDevelopmentExpenses": 0,
    "generalAndAdministrativeExpenses": 0,
    "sellingAndMarketingExpenses": 0,
    "sellingGeneralAndAdministrativeExpenses": 5331000,
    "otherExpenses": 17418000,
    "operatingExpenses": 22749000,
    "costAndExpenses": 72859000,
    "interestIncome": 0,
    "interestExpense": 29102000,
    "depreciationAndAmortization": 12464000,
    "ebitda": 22053000,
    "ebitdaratio": 0.2674776829,
    "operatingIncome": 446000,
    "operatingIncomeRatio": 0.0054094702,
    "totalOtherIncomeExpensesNet": -5391000,
    "incomeBeforeTax": -4945000,
    "incomeBeforeTaxRatio": -0.0599771977,
    "incomeTaxExpense": -1863000,
    "netIncome": -3082000,
    "netIncomeRatio": -0.0373811372,
    "eps": -0.0096,
    "epsdiluted": -0.0095,
    "weightedAverageShsOut": 321798000,
    "weightedAverageShsOutDil": 323400000,
    "link": "https://www.sec.gov/Archives/edgar/data/858470/000085847000000023/0000858470-00-000023-index.htm",
    "finalLink": "https://www.sec.gov/Archives/edgar/data/858470/000085847000000023/0000858470-00-000023-0001.txt"
  },
  {
    "date": "2000-03-31",
    "symbol": "CTRA",
    "reportedCurrency": "USD",
    "cik": "0000858470",
    "fillingDate": "2000-05-02",
    "acceptedDate": "2000-05-02 00:00:00",
    "calendarYear": "2000",
    "period": "Q1",
    "revenue": 85120000,
    "costOfRevenue": 48190000,
    "grossProfit": 36930000,
    "grossProfitRatio": 0.4338580827,
    "researchAndDevelopmentExpenses": 0,
    "generalAndAdministrativeExpenses": 0,
    "sellingAndMarketingExpenses": 0,
    "sellingGeneralAndAdministrativeExpenses": 4887000,
    "otherExpenses": 17249000,
    "operatingExpenses": 22136000,
    "costAndExpenses": 70326000,
    "interestIncome": 0,
    "interestExpense": 0,
    "depreciationAndAmortization": 12648000,
    "ebitda": 27442000,
    "ebitdaratio": 0.3223919173,
    "operatingIncome": 14794000,
    "operatingIncomeRatio": 0.1738016917,
    "totalOtherIncomeExpensesNet": -5992000,
    "incomeBeforeTax": 8802000,
    "incomeBeforeTaxRatio": 0.1034069549,
    "incomeTaxExpense": 3457000,
    "netIncome": 5345000,
    "netIncomeRatio": 0.062793703,
    "eps": 0.0166,
    "epsdiluted": 0.0165,
    "weightedAverageShsOut": 321798000,
    "weightedAverageShsOutDil": 323400000,
    "link": "https://www.sec.gov/Archives/edgar/data/858470/000085847000000014/0000858470-00-000014-index.html",
    "finalLink": "https://www.sec.gov/Archives/edgar/data/858470/000085847000000014/"
  },
  {
    "date": "1999-12-31",
    "symbol": "CTRA",
    "reportedCurrency": "USD",
    "cik": "0000858470",
    "fillingDate": "2000-06-28",
    "acceptedDate": "2000-06-28 00:00:00",
    "calendarYear": "1999",
    "period": "Q4",
    "revenue": 46100000,
    "costOfRevenue": 13300000,
    "grossProfit": 32800000,
    "grossProfitRatio": 0.7114967462,
    "researchAndDevelopmentExpenses": 0,
    "generalAndAdministrativeExpenses": 0,
    "sellingAndMarketingExpenses": 0,
    "sellingGeneralAndAdministrativeExpenses": 7700000,
    "otherExpenses": 16200000,
    "operatingExpenses": 23900000,
    "costAndExpenses": 37200000,
    "interestIncome": 0,
    "interestExpense": 1900000,
    "depreciationAndAmortization": 11800000,
    "ebitda": 20700000,
    "ebitdaratio": 0.4490238612,
    "operatingIncome": 1900000,
    "operatingIncomeRatio": 0.0412147505,
    "totalOtherIncomeExpensesNet": 6500000,
    "incomeBeforeTax": 8400000,
    "incomeBeforeTaxRatio": 0.1822125813,
    "incomeTaxExpense": 2900000,
    "netIncome": 5500000,
    "netIncomeRatio": 0.1193058568,
    "eps": 0.0171,
    "epsdiluted": 0.017,
    "weightedAverageShsOut": 321798000,
    "weightedAverageShsOutDil": 323400000,
    "link": "https://www.sec.gov/Archives/edgar/data/858470/000085847000000021/0000858470-00-000021-index.htm",
    "finalLink": "https://www.sec.gov/Archives/edgar/data/858470/000085847000000021/0000858470-00-000021-0001.txt"
  },
  {
    "date": "1999-09-30",
    "symbol": "CTRA",
    "reportedCurrency": "USD",
    "cik": "0000858470",
    "fillingDate": "1999-11-15",
    "acceptedDate": "1999-11-15 00:00:00",
    "calendarYear": "1999",
    "period": "Q3",
    "revenue": 45200000,
    "costOfRevenue": 11400000,
    "grossProfit": 33800000,
    "grossProfitRatio": 0.7477876106,
    "researchAndDevelopmentExpenses": 0,
    "generalAndAdministrativeExpenses": 0,
    "sellingAndMarketingExpenses": 0,
    "sellingGeneralAndAdministrativeExpenses": 5600000,
    "otherExpenses": 18600000,
    "operatingExpenses": 24200000,
    "costAndExpenses": 35600000,
    "interestIncome": 0,
    "interestExpense": 0,
    "depreciationAndAmortization": 13800000,
    "ebitda": 23400000,
    "ebitdaratio": 0.517699115,
    "operatingIncome": 9600000,
    "operatingIncomeRatio": 0.2123893805,
    "totalOtherIncomeExpensesNet": -2100000,
    "incomeBeforeTax": 7500000,
    "incomeBeforeTaxRatio": 0.1659292035,
    "incomeTaxExpense": 3000000,
    "netIncome": 4500000,
    "netIncomeRatio": 0.0995575221,
    "eps": 0.014,
    "epsdiluted": 0.0139,
    "weightedAverageShsOut": 321798000,
    "weightedAverageShsOutDil": 323400000,
    "link": "https://www.sec.gov/Archives/edgar/data/858470/000085847099000017/0000858470-99-000017-index.html",
    "finalLink": "https://www.sec.gov/Archives/edgar/data/858470/000085847099000017/"
  },
  {
    "date": "1999-06-30",
    "symbol": "CTRA",
    "reportedCurrency": "USD",
    "cik": "0000858470",
    "fillingDate": "1999-08-11",
    "acceptedDate": "1999-08-11 00:00:00",
    "calendarYear": "1999",
    "period": "Q2",
    "revenue": 40237000,
    "costOfRevenue": 9700000,
    "grossProfit": 30537000,
    "grossProfitRatio": 0.7589283495,
    "researchAndDevelopmentExpenses": 0,
    "generalAndAdministrativeExpenses": 0,
    "sellingAndMarketingExpenses": 0,
    "sellingGeneralAndAdministrativeExpenses": 5100000,
    "otherExpenses": 19000000,
    "operatingExpenses": 24100000,
    "costAndExpenses": 33800000,
    "interestIncome": 0,
    "interestExpense": 2940000,
    "depreciationAndAmortization": 14800000,
    "ebitda": 21237000,
    "ebitdaratio": 0.527797798,
    "operatingIncome": 6437000,
    "operatingIncomeRatio": 0.1599771355,
    "totalOtherIncomeExpensesNet": -4777000,
    "incomeBeforeTax": 1660000,
    "incomeBeforeTaxRatio": 0.0412555608,
    "incomeTaxExpense": 700000,
    "netIncome": 960000,
    "netIncomeRatio": 0.0238586376,
    "eps": 0.003,
    "epsdiluted": 0.003,
    "weightedAverageShsOut": 321798000,
    "weightedAverageShsOutDil": 323400000,
    "link": "https://www.sec.gov/Archives/edgar/data/858470/000085847099000014/0000858470-99-000014-index.html",
    "finalLink": "https://www.sec.gov/Archives/edgar/data/858470/000085847099000014/"
  },
  {
    "date": "1999-03-31",
    "symbol": "CTRA",
    "reportedCurrency": "USD",
    "cik": "0000858470",
    "fillingDate": "1999-05-17",
    "acceptedDate": "1999-05-17 00:00:00",
    "calendarYear": "1999",
    "period": "Q1",
    "revenue": 34200000,
    "costOfRevenue": 10200000,
    "grossProfit": 24000000,
    "grossProfitRatio": 0.701754386,
    "researchAndDevelopmentExpenses": 0,
    "generalAndAdministrativeExpenses": 0,
    "sellingAndMarketingExpenses": 0,
    "sellingGeneralAndAdministrativeExpenses": 5600000,
    "otherExpenses": 16600000,
    "operatingExpenses": 22200000,
    "costAndExpenses": 32400000,
    "interestIncome": 0,
    "interestExpense": 4500000,
    "depreciationAndAmortization": 13000000,
    "ebitda": 14800000,
    "ebitdaratio": 0.432748538,
    "operatingIncome": 1800000,
    "operatingIncomeRatio": 0.0526315789,
    "totalOtherIncomeExpensesNet": -5600000,
    "incomeBeforeTax": -3800000,
    "incomeBeforeTaxRatio": -0.1111111111,
    "incomeTaxExpense": -1400000,
    "netIncome": -2400000,
    "netIncomeRatio": -0.0701754386,
    "eps": -0.0075,
    "epsdiluted": -0.0074,
    "weightedAverageShsOut": 321798000,
    "weightedAverageShsOutDil": 323400000,
    "link": "https://www.sec.gov/Archives/edgar/data/858470/000085847099000010/0000858470-99-000010-index.html",
    "finalLink": "https://www.sec.gov/Archives/edgar/data/858470/"
  },
  {
    "date": "1998-12-31",
    "symbol": "CTRA",
    "reportedCurrency": "USD",
    "cik": "0000858470",
    "fillingDate": "1999-06-28",
    "acceptedDate": "1999-06-28 00:00:00",
    "calendarYear": "1998",
    "period": "Q4",
    "revenue": 39800000,
    "costOfRevenue": 18600000,
    "grossProfit": 21200000,
    "grossProfitRatio": 0.5326633166,
    "researchAndDevelopmentExpenses": 0,
    "generalAndAdministrativeExpenses": 0,
    "sellingAndMarketingExpenses": 0,
    "sellingGeneralAndAdministrativeExpenses": 2700000,
    "otherExpenses": 13700000,
    "operatingExpenses": 16400000,
    "costAndExpenses": 35000000,
    "interestIncome": 0,
    "interestExpense": 0,
    "depreciationAndAmortization": 10000000,
    "ebitda": 14800000,
    "ebitdaratio": 0.3718592965,
    "operatingIncome": 4800000,
    "operatingIncomeRatio": 0.1206030151,
    "totalOtherIncomeExpensesNet": -5000000,
    "incomeBeforeTax": -200000,
    "incomeBeforeTaxRatio": -0.0050251256,
    "incomeTaxExpense": -200000,
    "netIncome": 0,
    "netIncomeRatio": 0,
    "eps": -0.0027,
    "epsdiluted": -0.0027,
    "weightedAverageShsOut": 295884000,
    "weightedAverageShsOutDil": 299088000,
    "link": "https://www.sec.gov/Archives/edgar/data/858470/000085847099000012/0000858470-99-000012-index.html",
    "finalLink": "https://www.sec.gov/Archives/edgar/data/858470/000085847099000012/"
  },
  {
    "date": "1998-09-30",
    "symbol": "CTRA",
    "reportedCurrency": "USD",
    "cik": "0000858470",
    "fillingDate": "1998-11-12",
    "acceptedDate": "1998-11-12 00:00:00",
    "calendarYear": "1998",
    "period": "Q3",
    "revenue": 37400000,
    "costOfRevenue": 14700000,
    "grossProfit": 22700000,
    "grossProfitRatio": 0.6069518717,
    "researchAndDevelopmentExpenses": 0,
    "generalAndAdministrativeExpenses": 0,
    "sellingAndMarketingExpenses": 0,
    "sellingGeneralAndAdministrativeExpenses": 6200000,
    "otherExpenses": 14900000,
    "operatingExpenses": 21100000,
    "costAndExpenses": 35800000,
    "interestIncome": 0,
    "interestExpense": 4200000,
    "depreciationAndAmortization": 11100000,
    "ebitda": 12700000,
    "ebitdaratio": 0.3395721925,
    "operatingIncome": 1600000,
    "operatingIncomeRatio": 0.0427807487,
    "totalOtherIncomeExpensesNet": -4300000,
    "incomeBeforeTax": -2700000,
    "incomeBeforeTaxRatio": -0.0721925134,
    "incomeTaxExpense": -1000000,
    "netIncome": -1700000,
    "netIncomeRatio": -0.0454545455,
    "eps": -0.0057,
    "epsdiluted": -0.0057,
    "weightedAverageShsOut": 299088000,
    "weightedAverageShsOutDil": 299088000,
    "link": "https://www.sec.gov/Archives/edgar/data/858470/000085847098000007/0000858470-98-000007-index.html",
    "finalLink": "https://www.sec.gov/Archives/edgar/data/858470/"
  },
  {
    "date": "1998-06-30",
    "symbol": "CTRA",
    "reportedCurrency": "USD",
    "cik": "0000858470",
    "fillingDate": "1998-08-13",
    "acceptedDate": "1998-08-13 00:00:00",
    "calendarYear": "1998",
    "period": "Q2",
    "revenue": 41700000,
    "costOfRevenue": 10500000,
    "grossProfit": 31200000,
    "grossProfitRatio": 0.7482014388,
    "researchAndDevelopmentExpenses": 0,
    "generalAndAdministrativeExpenses": 0,
    "sellingAndMarketingExpenses": 0,
    "sellingGeneralAndAdministrativeExpenses": 6900000,
    "otherExpenses": 14300000,
    "operatingExpenses": 21200000,
    "costAndExpenses": 31700000,
    "interestIncome": 0,
    "interestExpense": 4700000,
    "depreciationAndAmortization": 10300000,
    "ebitda": 20300000,
    "ebitdaratio": 0.4868105516,
    "operatingIncome": 10000000,
    "operatingIncomeRatio": 0.2398081535,
    "totalOtherIncomeExpensesNet": -4700000,
    "incomeBeforeTax": 5300000,
    "incomeBeforeTaxRatio": 0.1270983213,
    "incomeTaxExpense": 2200000,
    "netIncome": 3100000,
    "netIncomeRatio": 0.0743405276,
    "eps": 0.0025,
    "epsdiluted": 0.0025,
    "weightedAverageShsOut": 298476000,
    "weightedAverageShsOutDil": 298476000,
    "link": "https://www.sec.gov/Archives/edgar/data/858470/000085847098000004/0000858470-98-000004-index.html",
    "finalLink": "https://www.sec.gov/Archives/edgar/data/858470/"
  },
  {
    "date": "1998-03-31",
    "symbol": "CTRA",
    "reportedCurrency": "USD",
    "cik": "0000858470",
    "fillingDate": "1998-05-14",
    "acceptedDate": "1998-05-14 00:00:00",
    "calendarYear": "1998",
    "period": "Q1",
    "revenue": 38900000,
    "costOfRevenue": 10400000,
    "grossProfit": 28500000,
    "grossProfitRatio": 0.7326478149,
    "researchAndDevelopmentExpenses": 0,
    "generalAndAdministrativeExpenses": 0,
    "sellingAndMarketingExpenses": 0,
    "sellingGeneralAndAdministrativeExpenses": 5500000,
    "otherExpenses": 13600000,
    "operatingExpenses": 19100000,
    "costAndExpenses": 29500000,
    "interestIncome": 0,
    "interestExpense": 1800000,
    "depreciationAndAmortization": 9800000,
    "ebitda": 19200000,
    "ebitdaratio": 0.4935732648,
    "operatingIncome": 9400000,
    "operatingIncomeRatio": 0.2416452442,
    "totalOtherIncomeExpensesNet": -3000000,
    "incomeBeforeTax": 6400000,
    "incomeBeforeTaxRatio": 0.1645244216,
    "incomeTaxExpense": 2600000,
    "netIncome": 3800000,
    "netIncomeRatio": 0.0976863753,
    "eps": 0.0033,
    "epsdiluted": 0.0033,
    "weightedAverageShsOut": 296712000,
    "weightedAverageShsOutDil": 296712000,
    "link": "https://www.sec.gov/Archives/edgar/data/858470/000089924398000969/0000899243-98-000969-index.html",
    "finalLink": "https://www.sec.gov/Archives/edgar/data/858470/"
  },
  {
    "date": "1997-12-31",
    "symbol": "CTRA",
    "reportedCurrency": "USD",
    "cik": "0000858470",
    "fillingDate": "1998-03-20",
    "acceptedDate": "1998-03-20 00:00:00",
    "calendarYear": "1997",
    "period": "Q4",
    "revenue": 52100000,
    "costOfRevenue": 12500000,
    "grossProfit": 39600000,
    "grossProfitRatio": 0.7600767754,
    "researchAndDevelopmentExpenses": 0,
    "generalAndAdministrativeExpenses": 0,
    "sellingAndMarketingExpenses": 0,
    "sellingGeneralAndAdministrativeExpenses": 5800000,
    "otherExpenses": 13200000,
    "operatingExpenses": 19000000,
    "costAndExpenses": 31500000,
    "interestIncome": 0,
    "interestExpense": 4900000,
    "depreciationAndAmortization": 9300000,
    "ebitda": 29900000,
    "ebitdaratio": 0.5738963532,
    "operatingIncome": 20600000,
    "operatingIncomeRatio": 0.3953934741,
    "totalOtherIncomeExpensesNet": -4700000,
    "incomeBeforeTax": 15900000,
    "incomeBeforeTaxRatio": 0.3051823417,
    "incomeTaxExpense": 5700000,
    "netIncome": 10200000,
    "netIncomeRatio": 0.1957773512,
    "eps": 0.037,
    "epsdiluted": 0.037,
    "weightedAverageShsOut": 275484000,
    "weightedAverageShsOutDil": 275484000,
    "link": "https://www.sec.gov/Archives/edgar/data/858470/000095012998001129/0000950129-98-001129-index.html",
    "finalLink": "https://www.sec.gov/Archives/edgar/data/858470/"
  },
  {
    "date": "1997-09-30",
    "symbol": "CTRA",
    "reportedCurrency": "USD",
    "cik": "0000858470",
    "fillingDate": "1997-11-10",
    "acceptedDate": "1997-11-10 00:00:00",
    "calendarYear": "1997",
    "period": "Q3",
    "revenue": 40800000,
    "costOfRevenue": 10800000,
    "grossProfit": 30000000,
    "grossProfitRatio": 0.7352941176,
    "researchAndDevelopmentExpenses": 0,
    "generalAndAdministrativeExpenses": 0,
    "sellingAndMarketingExpenses": 0,
    "sellingGeneralAndAdministrativeExpenses": 5000000,
    "otherExpenses": 14100000,
    "operatingExpenses": 19100000,
    "costAndExpenses": 29900000,
    "interestIncome": 0,
    "interestExpense": 4700000,
    "depreciationAndAmortization": 10700000,
    "ebitda": 21600000,
    "ebitdaratio": 0.5294117647,
    "operatingIncome": 10900000,
    "operatingIncomeRatio": 0.2671568627,
    "totalOtherIncomeExpensesNet": -4700000,
    "incomeBeforeTax": 6200000,
    "incomeBeforeTaxRatio": 0.1519607843,
    "incomeTaxExpense": 2500000,
    "netIncome": 3700000,
    "netIncomeRatio": 0.0906862745,
    "eps": 0.0028,
    "epsdiluted": 0.0028,
    "weightedAverageShsOut": 275484000,
    "weightedAverageShsOutDil": 275484000,
    "link": "https://www.sec.gov/Archives/edgar/data/858470/000095012997004576/0000950129-97-004576-index.html",
    "finalLink": "https://www.sec.gov/Archives/edgar/data/858470/"
  },
  {
    "date": "1997-06-30",
    "symbol": "CTRA",
    "reportedCurrency": "USD",
    "cik": "0000858470",
    "fillingDate": "1997-08-14",
    "acceptedDate": "1997-08-14 00:00:00",
    "calendarYear": "1997",
    "period": "Q2",
    "revenue": 39400000,
    "costOfRevenue": 10600000,
    "grossProfit": 28800000,
    "grossProfitRatio": 0.730964467,
    "researchAndDevelopmentExpenses": 0,
    "generalAndAdministrativeExpenses": 0,
    "sellingAndMarketingExpenses": 0,
    "sellingGeneralAndAdministrativeExpenses": 4700000,
    "otherExpenses": 13600000,
    "operatingExpenses": 18300000,
    "costAndExpenses": 28900000,
    "interestIncome": 0,
    "interestExpense": 5400000,
    "depreciationAndAmortization": 10100000,
    "ebitda": 20600000,
    "ebitdaratio": 0.5228426396,
    "operatingIncome": 10500000,
    "operatingIncomeRatio": 0.2664974619,
    "totalOtherIncomeExpensesNet": -4900000,
    "incomeBeforeTax": 5600000,
    "incomeBeforeTaxRatio": 0.1421319797,
    "incomeTaxExpense": 2300000,
    "netIncome": 3300000,
    "netIncomeRatio": 0.0837563452,
    "eps": 0.0025,
    "epsdiluted": 0.0025,
    "weightedAverageShsOut": 274524000,
    "weightedAverageShsOutDil": 274524000,
    "link": "https://www.sec.gov/Archives/edgar/data/858470/000085847097000006/0000858470-97-000006-index.html",
    "finalLink": "https://www.sec.gov/Archives/edgar/data/858470/"
  },
  {
    "date": "1997-03-31",
    "symbol": "CTRA",
    "reportedCurrency": "USD",
    "cik": "0000858470",
    "fillingDate": "1997-05-15",
    "acceptedDate": "1997-05-15 00:00:00",
    "calendarYear": "1997",
    "period": "Q1",
    "revenue": 52800000,
    "costOfRevenue": 10700000,
    "grossProfit": 42100000,
    "grossProfitRatio": 0.7973484848,
    "researchAndDevelopmentExpenses": 0,
    "generalAndAdministrativeExpenses": 0,
    "sellingAndMarketingExpenses": 0,
    "sellingGeneralAndAdministrativeExpenses": 4200000,
    "otherExpenses": 14600000,
    "operatingExpenses": 18800000,
    "costAndExpenses": 29500000,
    "interestIncome": 0,
    "interestExpense": 5700000,
    "depreciationAndAmortization": 10500000,
    "ebitda": 33800000,
    "ebitdaratio": 0.6401515152,
    "operatingIncome": 23300000,
    "operatingIncomeRatio": 0.4412878788,
    "totalOtherIncomeExpensesNet": -5100000,
    "incomeBeforeTax": 18200000,
    "incomeBeforeTaxRatio": 0.3446969697,
    "incomeTaxExpense": 7100000,
    "netIncome": 11100000,
    "netIncomeRatio": 0.2102272727,
    "eps": 0.0117,
    "epsdiluted": 0.0117,
    "weightedAverageShsOut": 274380000,
    "weightedAverageShsOutDil": 274380000,
    "link": "https://www.sec.gov/Archives/edgar/data/858470/000085847097000002/0000858470-97-000002-index.html",
    "finalLink": "https://www.sec.gov/Archives/edgar/data/858470/"
  },
  {
    "date": "1996-12-31",
    "symbol": "CTRA",
    "reportedCurrency": "USD",
    "cik": "0000858470",
    "fillingDate": "1997-03-27",
    "acceptedDate": "1997-03-27 00:00:00",
    "calendarYear": "1996",
    "period": "Q4",
    "revenue": 49100000,
    "costOfRevenue": 12100000,
    "grossProfit": 37000000,
    "grossProfitRatio": 0.7535641548,
    "researchAndDevelopmentExpenses": 0,
    "generalAndAdministrativeExpenses": 0,
    "sellingAndMarketingExpenses": 0,
    "sellingGeneralAndAdministrativeExpenses": 4800000,
    "otherExpenses": 15600000,
    "operatingExpenses": 20400000,
    "costAndExpenses": 32500000,
    "interestIncome": 0,
    "interestExpense": 4300000,
    "depreciationAndAmortization": 12200000,
    "ebitda": 28800000,
    "ebitdaratio": 0.5865580448,
    "operatingIncome": 16600000,
    "operatingIncomeRatio": 0.3380855397,
    "totalOtherIncomeExpensesNet": -4500000,
    "incomeBeforeTax": 12100000,
    "incomeBeforeTaxRatio": 0.2464358452,
    "incomeTaxExpense": 4600000,
    "netIncome": 7500000,
    "netIncomeRatio": 0.1527494908,
    "eps": 0.0274,
    "epsdiluted": 0.0274,
    "weightedAverageShsOut": 273732000,
    "weightedAverageShsOutDil": 273732000,
    "link": "https://www.sec.gov/Archives/edgar/data/858470/000095012997001243/0000950129-97-001243-index.html",
    "finalLink": "https://www.sec.gov/Archives/edgar/data/858470/"
  },
  {
    "date": "1996-09-30",
    "symbol": "CTRA",
    "reportedCurrency": "USD",
    "cik": "0000858470",
    "fillingDate": "1996-11-14",
    "acceptedDate": "1996-11-14 00:00:00",
    "calendarYear": "1996",
    "period": "Q3",
    "revenue": 35500000,
    "costOfRevenue": 10600000,
    "grossProfit": 24900000,
    "grossProfitRatio": 0.7014084507,
    "researchAndDevelopmentExpenses": 0,
    "generalAndAdministrativeExpenses": 0,
    "sellingAndMarketingExpenses": 0,
    "sellingGeneralAndAdministrativeExpenses": 4000000,
    "otherExpenses": 13300000,
    "operatingExpenses": 17300000,
    "costAndExpenses": 27900000,
    "interestIncome": 0,
    "interestExpense": 0,
    "depreciationAndAmortization": 10500000,
    "ebitda": 18100000,
    "ebitdaratio": 0.5098591549,
    "operatingIncome": 7600000,
    "operatingIncomeRatio": 0.214084507,
    "totalOtherIncomeExpensesNet": -7600000,
    "incomeBeforeTax": 0,
    "incomeBeforeTaxRatio": 0,
    "incomeTaxExpense": 0,
    "netIncome": 4400000,
    "netIncomeRatio": 0.123943662,
    "eps": 0.0036,
    "epsdiluted": 0.0036,
    "weightedAverageShsOut": 273732000,
    "weightedAverageShsOutDil": 273732000,
    "link": "https://www.sec.gov/Archives/edgar/data/858470/000085847096000009/0000858470-96-000009-index.html",
    "finalLink": "https://www.sec.gov/Archives/edgar/data/858470/"
  },
  {
    "date": "1996-06-30",
    "symbol": "CTRA",
    "reportedCurrency": "USD",
    "cik": "0000858470",
    "fillingDate": "1996-08-13",
    "acceptedDate": "1996-08-13 00:00:00",
    "calendarYear": "1996",
    "period": "Q2",
    "revenue": 37300000,
    "costOfRevenue": 10300000,
    "grossProfit": 27000000,
    "grossProfitRatio": 0.7238605898,
    "researchAndDevelopmentExpenses": 0,
    "generalAndAdministrativeExpenses": 0,
    "sellingAndMarketingExpenses": 0,
    "sellingGeneralAndAdministrativeExpenses": 4300000,
    "otherExpenses": 13400000,
    "operatingExpenses": 17700000,
    "costAndExpenses": 28000000,
    "interestIncome": 0,
    "interestExpense": 6300000,
    "depreciationAndAmortization": 10200000,
    "ebitda": 19600000,
    "ebitdaratio": 0.5254691689,
    "operatingIncome": 9300000,
    "operatingIncomeRatio": 0.2493297587,
    "totalOtherIncomeExpensesNet": -5500000,
    "incomeBeforeTax": 3800000,
    "incomeBeforeTaxRatio": 0.1018766756,
    "incomeTaxExpense": 1600000,
    "netIncome": 2200000,
    "netIncomeRatio": 0.0589812332,
    "eps": 0.0011,
    "epsdiluted": 0.0011,
    "weightedAverageShsOut": 273576000,
    "weightedAverageShsOutDil": 273576000,
    "link": "https://www.sec.gov/Archives/edgar/data/858470/000085847096000008/0000858470-96-000008-index.html",
    "finalLink": "https://www.sec.gov/Archives/edgar/data/858470/"
  },
  {
    "date": "1996-03-31",
    "symbol": "CTRA",
    "reportedCurrency": "USD",
    "cik": "0000858470",
    "fillingDate": "1996-05-15",
    "acceptedDate": "1996-05-15 00:00:00",
    "calendarYear": "1996",
    "period": "Q1",
    "revenue": 41200000,
    "costOfRevenue": 9200000,
    "grossProfit": 32000000,
    "grossProfitRatio": 0.7766990291,
    "researchAndDevelopmentExpenses": 0,
    "generalAndAdministrativeExpenses": 0,
    "sellingAndMarketingExpenses": 0,
    "sellingGeneralAndAdministrativeExpenses": 3700000,
    "otherExpenses": 13200000,
    "operatingExpenses": 16900000,
    "costAndExpenses": 26100000,
    "interestIncome": 0,
    "interestExpense": 3300000,
    "depreciationAndAmortization": 9800000,
    "ebitda": 24900000,
    "ebitdaratio": 0.604368932,
    "operatingIncome": 15100000,
    "operatingIncomeRatio": 0.3665048544,
    "totalOtherIncomeExpensesNet": -4100000,
    "incomeBeforeTax": 11000000,
    "incomeBeforeTaxRatio": 0.2669902913,
    "incomeTaxExpense": 4400000,
    "netIncome": 6600000,
    "netIncomeRatio": 0.1601941748,
    "eps": 0.0064,
    "epsdiluted": 0.0064,
    "weightedAverageShsOut": 273564000,
    "weightedAverageShsOutDil": 273564000,
    "link": "https://www.sec.gov/Archives/edgar/data/858470/000085847096000002/0000858470-96-000002-index.html",
    "finalLink": "https://www.sec.gov/Archives/edgar/data/858470/"
  },
  {
    "date": "1995-12-31",
    "symbol": "CTRA",
    "reportedCurrency": "USD",
    "cik": "0000858470",
    "fillingDate": "1996-06-28",
    "acceptedDate": "1996-06-28 00:00:00",
    "calendarYear": "1995",
    "period": "Q4",
    "revenue": 56400000,
    "costOfRevenue": -79100000,
    "grossProfit": 135500000,
    "grossProfitRatio": 2.4024822695,
    "researchAndDevelopmentExpenses": 0,
    "generalAndAdministrativeExpenses": 0,
    "sellingAndMarketingExpenses": 0,
    "sellingGeneralAndAdministrativeExpenses": 4100000,
    "otherExpenses": 11400000,
    "operatingExpenses": 15500000,
    "costAndExpenses": -63600000,
    "interestIncome": 0,
    "interestExpense": 238500000,
    "depreciationAndAmortization": 9000000,
    "ebitda": 129000000,
    "ebitdaratio": 2.2872340426,
    "operatingIncome": 127200000,
    "operatingIncomeRatio": 2.2553191489,
    "totalOtherIncomeExpensesNet": -133900000,
    "incomeBeforeTax": -6700000,
    "incomeBeforeTaxRatio": -0.1187943262,
    "incomeTaxExpense": -2700000,
    "netIncome": -4000000,
    "netIncomeRatio": -0.0709219858,
    "eps": -0.0146,
    "epsdiluted": -0.0146,
    "weightedAverageShsOut": 273348000,
    "weightedAverageShsOutDil": 273348000,
    "link": "https://www.sec.gov/Archives/edgar/data/858470/000085847096000004/0000858470-96-000004-index.html",
    "finalLink": "https://www.sec.gov/Archives/edgar/data/858470/"
  },
  {
    "date": "1995-09-30",
    "symbol": "CTRA",
    "reportedCurrency": "USD",
    "cik": "0000858470",
    "fillingDate": "1995-11-14",
    "acceptedDate": "1995-11-14 00:00:00",
    "calendarYear": "1995",
    "period": "Q3",
    "revenue": 48000000,
    "costOfRevenue": 142100000,
    "grossProfit": -94100000,
    "grossProfitRatio": -1.9604166667,
    "researchAndDevelopmentExpenses": 0,
    "generalAndAdministrativeExpenses": 0,
    "sellingAndMarketingExpenses": 0,
    "sellingGeneralAndAdministrativeExpenses": 3300000,
    "otherExpenses": 14400000,
    "operatingExpenses": 17700000,
    "costAndExpenses": 159800000,
    "interestIncome": 0,
    "interestExpense": 5400000,
    "depreciationAndAmortization": 11400000,
    "ebitda": -100400000,
    "ebitdaratio": -2.0916666667,
    "operatingIncome": -111800000,
    "operatingIncomeRatio": -2.3291666667,
    "totalOtherIncomeExpensesNet": -5400000,
    "incomeBeforeTax": -117200000,
    "incomeBeforeTaxRatio": -2.4416666667,
    "incomeTaxExpense": -45300000,
    "netIncome": -71900000,
    "netIncomeRatio": -1.4979166667,
    "eps": -0.26,
    "epsdiluted": -0.26,
    "weightedAverageShsOut": 273348000,
    "weightedAverageShsOutDil": 273348000,
    "link": "https://www.sec.gov/Archives/edgar/data/858470/000085847095000006/0000858470-95-000006-index.html",
    "finalLink": "https://www.sec.gov/Archives/edgar/data/858470/"
  }
]