[
  {
    "date": "2024-12-31",
    "symbol": "CTRA",
    "reportedCurrency": "USD",
    "cik": "0000858470",
    "fillingDate": "2025-02-25",
    "acceptedDate": "2025-02-25 17:29:26",
    "calendarYear": "2024",
    "period": "FY",
    "revenue": 5461000000,
    "costOfRevenue": 3770000000,
    "grossProfit": 1691000000,
    "grossProfitRatio": 0.3096502472,
    "researchAndDevelopmentExpenses": 0,
    "generalAndAdministrativeExpenses": 302000000,
    "sellingAndMarketingExpenses": 0,
    "sellingGeneralAndAdministrativeExpenses": 302000000,
    "otherExpenses": 0,
    "operatingExpenses": 302000000,
    "costAndExpenses": 4072000000,
    "interestIncome": 62000000,
    "interestExpense": 106000000,
    "depreciationAndAmortization": 1845000000,
    "ebitda": 3296000000,
    "ebitdaratio": 0.6035524629,
    "operatingIncome": 1389000000,
    "operatingIncomeRatio": 0.2543490203,
    "totalOtherIncomeExpensesNet": -44000000,
    "incomeBeforeTax": 1345000000,
    "incomeBeforeTaxRatio": 0.2462918879,
    "incomeTaxExpense": 224000000,
    "netIncome": 1121000000,
    "netIncomeRatio": 0.2052737594,
    "eps": 1.51,
    "epsdiluted": 1.5,
    "weightedAverageShsOut": 742000000,
    "weightedAverageShsOutDil": 745000000,
    "link": "https://www.sec.gov/Archives/edgar/data/858470/000085847025000075/0000858470-25-000075-index.htm",
    "finalLink": "https://www.sec.gov/Archives/edgar/data/858470/000085847025000075/cog-20241231.htm"
  },
  {
    "date": "2023-12-31",
    "symbol": "CTRA",
    "reportedCurrency": "USD",
    "cik": "0000858470",
    "fillingDate": "2024-02-23",
    "acceptedDate": "2024-02-23 13:38:25",
    "calendarYear": "2023",
    "period": "FY",
    "revenue": 5684000000,
    "costOfRevenue": 3481000000,
    "grossProfit": 2203000000,
    "grossProfitRatio": 0.3875791696,
    "researchAndDevelopmentExpenses": 0,
    "generalAndAdministrativeExpenses": 0,
    "sellingAndMarketingExpenses": 0,
    "sellingGeneralAndAdministrativeExpenses": 279000000,
    "otherExpenses": 0,
    "operatingExpenses": 279000000,
    "costAndExpenses": 3760000000,
    "interestIncome": 47000000,
    "interestExpense": 73000000,
    "depreciationAndAmortization": 1641000000,
    "ebitda": 3842000000,
    "ebitdaratio": 0.6759324419,
    "operatingIncome": 1924000000,
    "operatingIncomeRatio": 0.3384940183,
    "totalOtherIncomeExpensesNet": 204000000,
    "incomeBeforeTax": 2128000000,
    "incomeBeforeTaxRatio": 0.3743842365,
    "incomeTaxExpense": 503000000,
    "netIncome": 1625000000,
    "netIncomeRatio": 0.2858902182,
    "eps": 2.14,
    "epsdiluted": 2.13,
    "weightedAverageShsOut": 756000000,
    "weightedAverageShsOutDil": 760000000,
    "link": "https://www.sec.gov/Archives/edgar/data/858470/000085847024000019/0000858470-24-000019-index.htm",
    "finalLink": "https://www.sec.gov/Archives/edgar/data/858470/000085847024000019/cog-20231231.htm"
  },
  {
    "date": "2022-12-31",
    "symbol": "CTRA",
    "reportedCurrency": "USD",
    "cik": "0000858470",
    "fillingDate": "2023-02-27",
    "acceptedDate": "2023-02-27 16:31:43",
    "calendarYear": "2022",
    "period": "FY",
    "revenue": 9514000000,
    "costOfRevenue": 3445000000,
    "grossProfit": 6069000000,
    "grossProfitRatio": 0.6379020391,
    "researchAndDevelopmentExpenses": 0,
    "generalAndAdministrativeExpenses": 0,
    "sellingAndMarketingExpenses": 0,
    "sellingGeneralAndAdministrativeExpenses": 327000000,
    "otherExpenses": 0,
    "operatingExpenses": 327000000,
    "costAndExpenses": 3772000000,
    "interestIncome": 0,
    "interestExpense": 70000000,
    "depreciationAndAmortization": 1635000000,
    "ebitda": 6874000000,
    "ebitdaratio": 0.7225141896,
    "operatingIncome": 5742000000,
    "operatingIncomeRatio": 0.6035316376,
    "totalOtherIncomeExpensesNet": -573000000,
    "incomeBeforeTax": 5169000000,
    "incomeBeforeTaxRatio": 0.5433046037,
    "incomeTaxExpense": 1104000000,
    "netIncome": 4065000000,
    "netIncomeRatio": 0.427265083,
    "eps": 5.1,
    "epsdiluted": 5.08,
    "weightedAverageShsOut": 796000000,
    "weightedAverageShsOutDil": 799000000,
    "link": "https://www.sec.gov/Archives/edgar/data/858470/000085847023000011/0000858470-23-000011-index.htm",
    "finalLink": "https://www.sec.gov/Archives/edgar/data/858470/000085847023000011/cog-20221231.htm"
  },
  {
    "date": "2021-12-31",
    "symbol": "CTRA",
    "reportedCurrency": "USD",
    "cik": "0000858470",
    "fillingDate": "2022-03-01",
    "acceptedDate": "2022-03-01 16:45:05",
    "calendarYear": "2021",
    "period": "FY",
    "revenue": 3670000000,
    "costOfRevenue": 1613000000,
    "grossProfit": 2057000000,
    "grossProfitRatio": 0.5604904632,
    "researchAndDevelopmentExpenses": 0,
    "generalAndAdministrativeExpenses": 0,
    "sellingAndMarketingExpenses": 0,
    "sellingGeneralAndAdministrativeExpenses": 164000000,
    "otherExpenses": 0,
    "operatingExpenses": 164000000,
    "costAndExpenses": 1777000000,
    "interestIncome": 0,
    "interestExpense": 62000000,
    "depreciationAndAmortization": 693000000,
    "ebitda": 2257000000,
    "ebitdaratio": 0.614986376,
    "operatingIncome": 1893000000,
    "operatingIncomeRatio": 0.5158038147,
    "totalOtherIncomeExpensesNet": -391000000,
    "incomeBeforeTax": 1502000000,
    "incomeBeforeTaxRatio": 0.4092643052,
    "incomeTaxExpense": 344000000,
    "netIncome": 1158000000,
    "netIncomeRatio": 0.3155313351,
    "eps": 2.3,
    "epsdiluted": 2.29,
    "weightedAverageShsOut": 503000000,
    "weightedAverageShsOutDil": 504000000,
    "link": "https://www.sec.gov/Archives/edgar/data/858470/000085847022000009/0000858470-22-000009-index.htm",
    "finalLink": "https://www.sec.gov/Archives/edgar/data/858470/000085847022000009/cog-20211231.htm"
  },
  {
    "date": "2020-12-31",
    "symbol": "CTRA",
    "reportedCurrency": "USD",
    "cik": "0000858470",
    "fillingDate": "2021-02-26",
    "acceptedDate": "2021-02-26 13:33:39",
    "calendarYear": "2020",
    "period": "FY",
    "revenue": 1405220000,
    "costOfRevenue": 1065207000,
    "grossProfit": 340013000,
    "grossProfitRatio": 0.2419642476,
    "researchAndDevelopmentExpenses": 0,
    "generalAndAdministrativeExpenses": 0,
    "sellingAndMarketingExpenses": 0,
    "sellingGeneralAndAdministrativeExpenses": 105391000,
    "otherExpenses": 0,
    "operatingExpenses": 105391000,
    "costAndExpenses": 1170598000,
    "interestIncome": 0,
    "interestExpense": 54124000,
    "depreciationAndAmortization": 394535000,
    "ebitda": 689782000,
    "ebitdaratio": 0.4908711803,
    "operatingIncome": 234622000,
    "operatingIncomeRatio": 0.1669646034,
    "totalOtherIncomeExpensesNet": 6501000,
    "incomeBeforeTax": 241123000,
    "incomeBeforeTaxRatio": 0.1715909253,
    "incomeTaxExpense": 40594000,
    "netIncome": 200529000,
    "netIncomeRatio": 0.142702922,
    "eps": 0.5,
    "epsdiluted": 0.5,
    "weightedAverageShsOut": 398521000,
    "weightedAverageShsOutDil": 401000000,
    "link": "https://www.sec.gov/Archives/edgar/data/858470/000085847021000013/0000858470-21-000013-index.htm",
    "finalLink": "https://www.sec.gov/Archives/edgar/data/858470/000085847021000013/cog-20201231.htm"
  },
  {
    "date": "2019-12-31",
    "symbol": "CTRA",
    "reportedCurrency": "USD",
    "cik": "0000858470",
    "fillingDate": "2020-02-25",
    "acceptedDate": "2020-02-25 15:44:15",
    "calendarYear": "2019",
    "period": "FY",
    "revenue": 1985469000,
    "costOfRevenue": 1094691000,
    "grossProfit": 890778000,
    "grossProfitRatio": 0.4486486568,
    "researchAndDevelopmentExpenses": 0,
    "generalAndAdministrativeExpenses": 0,
    "sellingAndMarketingExpenses": 0,
    "sellingGeneralAndAdministrativeExpenses": 94870000,
    "otherExpenses": 0,
    "operatingExpenses": 94870000,
    "costAndExpenses": 1189561000,
    "interestIncome": 0,
    "interestExpense": 54952000,
    "depreciationAndAmortization": 407969000,
    "ebitda": 1363145000,
    "ebitdaratio": 0.6865607068,
    "operatingIncome": 795908000,
    "operatingIncomeRatio": 0.4008664955,
    "totalOtherIncomeExpensesNet": 104316000,
    "incomeBeforeTax": 900224000,
    "incomeBeforeTaxRatio": 0.4534062229,
    "incomeTaxExpense": 219154000,
    "netIncome": 681070000,
    "netIncomeRatio": 0.3430272646,
    "eps": 1.64,
    "epsdiluted": 1.63,
    "weightedAverageShsOut": 415514000,
    "weightedAverageShsOutDil": 417451000,
    "link": "https://www.sec.gov/Archives/edgar/data/858470/000085847020000012/0000858470-20-000012-index.htm",
    "finalLink": "https://www.sec.gov/Archives/edgar/data/858470/000085847020000012/cog-12312019x10k.htm"
  },
  {
    "date": "2018-12-31",
    "symbol": "CTRA",
    "reportedCurrency": "USD",
    "cik": "0000858470",
    "fillingDate": "2019-02-26",
    "acceptedDate": "2019-02-26 14:57:51",
    "calendarYear": "2018",
    "period": "FY",
    "revenue": 2143716000,
    "costOfRevenue": 1304516000,
    "grossProfit": 839200000,
    "grossProfitRatio": 0.3914697656,
    "researchAndDevelopmentExpenses": 0,
    "generalAndAdministrativeExpenses": 0,
    "sellingAndMarketingExpenses": 0,
    "sellingGeneralAndAdministrativeExpenses": 96641000,
    "otherExpenses": 0,
    "operatingExpenses": 96641000,
    "costAndExpenses": 1401157000,
    "interestIncome": 0,
    "interestExpense": 73201000,
    "depreciationAndAmortization": 515220000,
    "ebitda": 1286558000,
    "ebitdaratio": 0.6001531919,
    "operatingIncome": 742559000,
    "operatingIncomeRatio": 0.3463887007,
    "totalOtherIncomeExpensesNet": -44422000,
    "incomeBeforeTax": 698137000,
    "incomeBeforeTaxRatio": 0.3256667394,
    "incomeTaxExpense": 141094000,
    "netIncome": 557043000,
    "netIncomeRatio": 0.2598492524,
    "eps": 1.25,
    "epsdiluted": 1.25,
    "weightedAverageShsOut": 445538000,
    "weightedAverageShsOutDil": 445538000,
    "link": "https://www.sec.gov/Archives/edgar/data/858470/000085847019000008/0000858470-19-000008-index.htm",
    "finalLink": "https://www.sec.gov/Archives/edgar/data/858470/000085847019000008/cog-12312018x10k.htm"
  },
  {
    "date": "2017-12-31",
    "symbol": "CTRA",
    "reportedCurrency": "USD",
    "cik": "0000858470",
    "fillingDate": "2018-03-01",
    "acceptedDate": "2018-02-28 17:49:51",
    "calendarYear": "2017",
    "period": "FY",
    "revenue": 1747293000,
    "costOfRevenue": 1222831000,
    "grossProfit": 524462000,
    "grossProfitRatio": 0.3001568712,
    "researchAndDevelopmentExpenses": 0,
    "generalAndAdministrativeExpenses": 0,
    "sellingAndMarketingExpenses": 0,
    "sellingGeneralAndAdministrativeExpenses": 97786000,
    "otherExpenses": 0,
    "operatingExpenses": 97786000,
    "costAndExpenses": 1320617000,
    "interestIncome": 0,
    "interestExpense": 82130000,
    "depreciationAndAmortization": 572637000,
    "ebitda": 426332000,
    "ebitdaratio": 0.2439957122,
    "operatingIncome": 426676000,
    "operatingIncomeRatio": 0.2441925882,
    "totalOtherIncomeExpensesNet": -655111000,
    "incomeBeforeTax": -228435000,
    "incomeBeforeTaxRatio": -0.1307365164,
    "incomeTaxExpense": -328828000,
    "netIncome": 100393000,
    "netIncomeRatio": 0.0574563053,
    "eps": 0.22,
    "epsdiluted": 0.22,
    "weightedAverageShsOut": 463735000,
    "weightedAverageShsOutDil": 463735000,
    "link": "https://www.sec.gov/Archives/edgar/data/858470/000085847018000006/0000858470-18-000006-index.htm",
    "finalLink": "https://www.sec.gov/Archives/edgar/data/858470/000085847018000006/cog-12312017x10k.htm"
  },
  {
    "date": "2016-12-31",
    "symbol": "CTRA",
    "reportedCurrency": "USD",
    "cik": "0000858470",
    "fillingDate": "2017-02-27",
    "acceptedDate": "2017-02-27 11:04:42",
    "calendarYear": "2016",
    "period": "FY",
    "revenue": 1194627000,
    "costOfRevenue": 1195036000,
    "grossProfit": -409000,
    "grossProfitRatio": -0.0003423663,
    "researchAndDevelopmentExpenses": 0,
    "generalAndAdministrativeExpenses": 0,
    "sellingAndMarketingExpenses": 0,
    "sellingGeneralAndAdministrativeExpenses": 87242000,
    "otherExpenses": 0,
    "operatingExpenses": 87242000,
    "costAndExpenses": 1282278000,
    "interestIncome": 0,
    "interestExpense": 88336000,
    "depreciationAndAmortization": 600248000,
    "ebitda": 28985000,
    "ebitdaratio": 0.0242628034,
    "operatingIncome": -87651000,
    "operatingIncomeRatio": -0.0733710187,
    "totalOtherIncomeExpensesNet": -571948000,
    "incomeBeforeTax": -659599000,
    "incomeBeforeTaxRatio": -0.5521380314,
    "incomeTaxExpense": -242475000,
    "netIncome": -417124000,
    "netIncomeRatio": -0.3491667274,
    "eps": -0.91,
    "epsdiluted": -0.91,
    "weightedAverageShsOut": 456847000,
    "weightedAverageShsOutDil": 456847000,
    "link": "https://www.sec.gov/Archives/edgar/data/858470/000085847017000007/0000858470-17-000007-index.htm",
    "finalLink": "https://www.sec.gov/Archives/edgar/data/858470/000085847017000007/cog-12312016x10k.htm"
  },
  {
    "date": "2015-12-31",
    "symbol": "CTRA",
    "reportedCurrency": "USD",
    "cik": "0000858470",
    "fillingDate": "2016-02-22",
    "acceptedDate": "2016-02-22 15:27:31",
    "calendarYear": "2015",
    "period": "FY",
    "revenue": 1300464000,
    "costOfRevenue": 1273474000,
    "grossProfit": 26989999,
    "grossProfitRatio": 0.0207541301,
    "researchAndDevelopmentExpenses": 0,
    "generalAndAdministrativeExpenses": 0,
    "sellingAndMarketingExpenses": 0,
    "sellingGeneralAndAdministrativeExpenses": 69444000,
    "otherExpenses": 0,
    "operatingExpenses": 69444000,
    "costAndExpenses": 1342918000,
    "interestIncome": 0,
    "interestExpense": 96911000,
    "depreciationAndAmortization": 625663000,
    "ebitda": 535301000,
    "ebitdaratio": 0.4116230822,
    "operatingIncome": -42454000,
    "operatingIncomeRatio": -0.0326452712,
    "totalOtherIncomeExpensesNet": -144819000,
    "incomeBeforeTax": -187273000,
    "incomeBeforeTaxRatio": -0.1440047552,
    "incomeTaxExpense": -73382000,
    "netIncome": -113891000,
    "netIncomeRatio": -0.0875772032,
    "eps": -0.28,
    "epsdiluted": -0.28,
    "weightedAverageShsOut": 406753571,
    "weightedAverageShsOutDil": 413696000,
    "link": "https://www.sec.gov/Archives/edgar/data/858470/000085847016000036/0000858470-16-000036-index.htm",
    "finalLink": "https://www.sec.gov/Archives/edgar/data/858470/000085847016000036/cog-12312015x10k.htm"
  },
  {
    "date": "2014-12-31",
    "symbol": "CTRA",
    "reportedCurrency": "USD",
    "cik": "0000858470",
    "fillingDate": "2015-02-27",
    "acceptedDate": "2015-02-27 11:15:10",
    "calendarYear": "2014",
    "period": "FY",
    "revenue": 2097895000,
    "costOfRevenue": 1233398000,
    "grossProfit": 864497000,
    "grossProfitRatio": 0.4120782975,
    "researchAndDevelopmentExpenses": 0,
    "generalAndAdministrativeExpenses": 0,
    "sellingAndMarketingExpenses": 0,
    "sellingGeneralAndAdministrativeExpenses": 82590000,
    "otherExpenses": 0,
    "operatingExpenses": 82590000,
    "costAndExpenses": 1315988000,
    "interestIncome": 0,
    "interestExpense": 73785000,
    "depreciationAndAmortization": 632760000,
    "ebitda": 738946000,
    "ebitdaratio": 0.3522321184,
    "operatingIncome": 781907000,
    "operatingIncomeRatio": 0.3727102643,
    "totalOtherIncomeExpensesNet": -749506000,
    "incomeBeforeTax": 32401000,
    "incomeBeforeTaxRatio": 0.0154445289,
    "incomeTaxExpense": -72067000,
    "netIncome": 104468000,
    "netIncomeRatio": 0.0497965818,
    "eps": 0.25,
    "epsdiluted": 0.25,
    "weightedAverageShsOut": 415840000,
    "weightedAverageShsOutDil": 415840000,
    "link": "https://www.sec.gov/Archives/edgar/data/858470/000162828015001120/0001628280-15-001120-index.htm",
    "finalLink": "https://www.sec.gov/Archives/edgar/data/858470/000162828015001120/cog-12312014x10k.htm"
  },
  {
    "date": "2013-12-31",
    "symbol": "CTRA",
    "reportedCurrency": "USD",
    "cik": "0000858470",
    "fillingDate": "2014-02-28",
    "acceptedDate": "2014-02-28 09:05:12",
    "calendarYear": "2013",
    "period": "FY",
    "revenue": 1689276000,
    "costOfRevenue": 1112543000,
    "grossProfit": 576733000,
    "grossProfitRatio": 0.3414083903,
    "researchAndDevelopmentExpenses": 0,
    "generalAndAdministrativeExpenses": 0,
    "sellingAndMarketingExpenses": 0,
    "sellingGeneralAndAdministrativeExpenses": 104606000,
    "otherExpenses": 0,
    "operatingExpenses": 104606000,
    "costAndExpenses": 1217149000,
    "interestIncome": 0,
    "interestExpense": 64941999,
    "depreciationAndAmortization": 651052000,
    "ebitda": 1201532000,
    "ebitdaratio": 0.7112703904,
    "operatingIncome": 472127000,
    "operatingIncomeRatio": 0.2794848207,
    "totalOtherIncomeExpensesNet": 13411000,
    "incomeBeforeTax": 485538000,
    "incomeBeforeTaxRatio": 0.2874237247,
    "incomeTaxExpense": 205765000,
    "netIncome": 279773000,
    "netIncomeRatio": 0.1656171046,
    "eps": 0.67,
    "epsdiluted": 0.67,
    "weightedAverageShsOut": 420188000,
    "weightedAverageShsOutDil": 420188000,
    "link": "https://www.sec.gov/Archives/edgar/data/858470/000104746914001538/0001047469-14-001538-index.htm",
    "finalLink": "https://www.sec.gov/Archives/edgar/data/858470/000104746914001538/a2218428z10-k.htm"
  },
  {
    "date": "2012-12-31",
    "symbol": "CTRA",
    "reportedCurrency": "USD",
    "cik": "0000858470",
    "fillingDate": "2013-02-28",
    "acceptedDate": "2013-02-28 16:22:23",
    "calendarYear": "2012",
    "period": "FY",
    "revenue": 968714000,
    "costOfRevenue": 827809000,
    "grossProfit": 140905000,
    "grossProfitRatio": 0.1454557279,
    "researchAndDevelopmentExpenses": 0,
    "generalAndAdministrativeExpenses": 0,
    "sellingAndMarketingExpenses": 0,
    "sellingGeneralAndAdministrativeExpenses": 121239000,
    "otherExpenses": 0,
    "operatingExpenses": 121239000,
    "costAndExpenses": 949048000,
    "interestIncome": 0,
    "interestExpense": 66992999,
    "depreciationAndAmortization": 451405000,
    "ebitda": 756238000,
    "ebitdaratio": 0.7806617846,
    "operatingIncome": 19666000,
    "operatingIncomeRatio": 0.0203011415,
    "totalOtherIncomeExpensesNet": 218174000,
    "incomeBeforeTax": 237840000,
    "incomeBeforeTaxRatio": 0.245521382,
    "incomeTaxExpense": 106110000,
    "netIncome": 131729999,
    "netIncomeRatio": 0.1359844072,
    "eps": 0.32,
    "epsdiluted": 0.32,
    "weightedAverageShsOut": 419076000,
    "weightedAverageShsOutDil": 419076000,
    "link": "https://www.sec.gov/Archives/edgar/data/858470/000104746913001948/0001047469-13-001948-index.htm",
    "finalLink": "https://www.sec.gov/Archives/edgar/data/858470/000104746913001948/a2212957z10-k.htm"
  },
  {
    "date": "2011-12-31",
    "symbol": "CTRA",
    "reportedCurrency": "USD",
    "cik": "0000858470",
    "fillingDate": "2012-02-28",
    "acceptedDate": "2012-02-28 15:23:32",
    "calendarYear": "2011",
    "period": "FY",
    "revenue": 894489000,
    "costOfRevenue": 631729000,
    "grossProfit": 262760000,
    "grossProfitRatio": 0.2937543111,
    "researchAndDevelopmentExpenses": 0,
    "generalAndAdministrativeExpenses": 0,
    "sellingAndMarketingExpenses": 0,
    "sellingGeneralAndAdministrativeExpenses": 104667000,
    "otherExpenses": 0,
    "operatingExpenses": 104667000,
    "costAndExpenses": 736396000,
    "interestIncome": 0,
    "interestExpense": 71663000,
    "depreciationAndAmortization": 343141000,
    "ebitda": 649991000,
    "ebitdaratio": 0.7266618147,
    "operatingIncome": 158093000,
    "operatingIncomeRatio": 0.1767411338,
    "totalOtherIncomeExpensesNet": 77094000,
    "incomeBeforeTax": 235187000,
    "incomeBeforeTaxRatio": 0.2629288901,
    "incomeTaxExpense": 112779000,
    "netIncome": 122408000,
    "netIncomeRatio": 0.1368468478,
    "eps": 0.3,
    "epsdiluted": 0.3,
    "weightedAverageShsOut": 416996000,
    "weightedAverageShsOutDil": 416996000,
    "link": "https://www.sec.gov/Archives/edgar/data/858470/000104746912001751/0001047469-12-001751-index.htm",
    "finalLink": "https://www.sec.gov/Archives/edgar/data/858470/000104746912001751/a2207418z10-k.htm"
  },
  {
    "date": "2010-12-31",
    "symbol": "CTRA",
    "reportedCurrency": "USD",
    "cik": "0000858470",
    "fillingDate": "2011-02-28",
    "acceptedDate": "2011-02-28 15:21:48",
    "calendarYear": "2010",
    "period": "FY",
    "revenue": 671271000,
    "costOfRevenue": 563810000,
    "grossProfit": 107461000,
    "grossProfitRatio": 0.160085867,
    "researchAndDevelopmentExpenses": 0,
    "generalAndAdministrativeExpenses": 0,
    "sellingAndMarketingExpenses": 0,
    "sellingGeneralAndAdministrativeExpenses": 79177000,
    "otherExpenses": 0,
    "operatingExpenses": 79177000,
    "costAndExpenses": 642987000,
    "interestIncome": 0,
    "interestExpense": 67941000,
    "depreciationAndAmortization": 327083000,
    "ebitda": 593522000,
    "ebitdaratio": 0.8841764354,
    "operatingIncome": 28284000,
    "operatingIncomeRatio": 0.0421349947,
    "totalOtherIncomeExpensesNet": 170214000,
    "incomeBeforeTax": 198498000,
    "incomeBeforeTaxRatio": 0.2957047154,
    "incomeTaxExpense": 95112000,
    "netIncome": 103386000,
    "netIncomeRatio": 0.1540152934,
    "eps": 0.25,
    "epsdiluted": 0.25,
    "weightedAverageShsOut": 415644000,
    "weightedAverageShsOutDil": 415644000,
    "link": "https://www.sec.gov/Archives/edgar/data/858470/000119312511049690/0001193125-11-049690-index.htm",
    "finalLink": "https://www.sec.gov/Archives/edgar/data/858470/000119312511049690/d10k.htm"
  },
  {
    "date": "2009-12-31",
    "symbol": "CTRA",
    "reportedCurrency": "USD",
    "cik": "0000858470",
    "fillingDate": "2010-02-26",
    "acceptedDate": "2010-02-26 12:45:54",
    "calendarYear": "2009",
    "period": "FY",
    "revenue": 486203000,
    "costOfRevenue": 477718000,
    "grossProfit": 8484999,
    "grossProfitRatio": 0.0174515562,
    "researchAndDevelopmentExpenses": 0,
    "generalAndAdministrativeExpenses": 0,
    "sellingAndMarketingExpenses": 0,
    "sellingGeneralAndAdministrativeExpenses": 68374000,
    "otherExpenses": 0,
    "operatingExpenses": 68374000,
    "costAndExpenses": 546092000,
    "interestIncome": 0,
    "interestExpense": 58979000,
    "depreciationAndAmortization": 221270000,
    "ebitda": 503539000,
    "ebitdaratio": 1.0356558886,
    "operatingIncome": -59889000,
    "operatingIncomeRatio": -0.1231769446,
    "totalOtherIncomeExpensesNet": 283179000,
    "incomeBeforeTax": 223290000,
    "incomeBeforeTaxRatio": 0.4592526167,
    "incomeTaxExpense": 74947000,
    "netIncome": 148343000,
    "netIncomeRatio": 0.3051050693,
    "eps": 0.36,
    "epsdiluted": 0.36,
    "weightedAverageShsOut": 414464000,
    "weightedAverageShsOutDil": 418332000,
    "link": "https://www.sec.gov/Archives/edgar/data/858470/000119312510042257/0001193125-10-042257-index.htm",
    "finalLink": "https://www.sec.gov/Archives/edgar/data/858470/000119312510042257/d10k.htm"
  },
  {
    "date": "2008-12-31",
    "symbol": "CTRA",
    "reportedCurrency": "USD",
    "cik": "0000858470",
    "fillingDate": "2009-02-27",
    "acceptedDate": "2009-02-27 16:13:45",
    "calendarYear": "2008",
    "period": "FY",
    "revenue": 932770000,
    "costOfRevenue": 475431000,
    "grossProfit": 457339000,
    "grossProfitRatio": 0.4903020037,
    "researchAndDevelopmentExpenses": 0,
    "generalAndAdministrativeExpenses": 0,
    "sellingAndMarketingExpenses": 0,
    "sellingGeneralAndAdministrativeExpenses": 74185000,
    "otherExpenses": 0,
    "operatingExpenses": 74185000,
    "costAndExpenses": 549616000,
    "interestIncome": 0,
    "interestExpense": 36389000,
    "depreciationAndAmortization": 185403000,
    "ebitda": 557415000,
    "ebitdaratio": 0.597591046,
    "operatingIncome": 383154000,
    "operatingIncomeRatio": 0.4107700719,
    "totalOtherIncomeExpensesNet": -47531000,
    "incomeBeforeTax": 335623000,
    "incomeBeforeTaxRatio": 0.3598132444,
    "incomeTaxExpense": 124333000,
    "netIncome": 211290000,
    "netIncomeRatio": 0.2265188632,
    "eps": 0.53,
    "epsdiluted": 0.52,
    "weightedAverageShsOut": 402948000,
    "weightedAverageShsOutDil": 406904000,
    "link": "https://www.sec.gov/Archives/edgar/data/858470/000119312509040956/0001193125-09-040956-index.htm",
    "finalLink": "https://www.sec.gov/Archives/edgar/data/858470/000119312509040956/d10k.htm"
  },
  {
    "date": "2007-12-31",
    "symbol": "CTRA",
    "reportedCurrency": "USD",
    "cik": "0000858470",
    "fillingDate": "2008-02-27",
    "acceptedDate": "2008-02-27 14:24:42",
    "calendarYear": "2007",
    "period": "FY",
    "revenue": 653128000,
    "costOfRevenue": 396494000,
    "grossProfit": 256634000,
    "grossProfitRatio": 0.3929306353,
    "researchAndDevelopmentExpenses": 0,
    "generalAndAdministrativeExpenses": 0,
    "sellingAndMarketingExpenses": 0,
    "sellingGeneralAndAdministrativeExpenses": 50775000,
    "otherExpenses": 0,
    "operatingExpenses": 50775000,
    "costAndExpenses": 447269000,
    "interestIncome": 0,
    "interestExpense": 17161000,
    "depreciationAndAmortization": 143951000,
    "ebitda": 418644000,
    "ebitdaratio": 0.6409830845,
    "operatingIncome": 205859000,
    "operatingIncomeRatio": 0.3151893656,
    "totalOtherIncomeExpensesNet": 51672999,
    "incomeBeforeTax": 257531999,
    "incomeBeforeTaxRatio": 0.3943055557,
    "incomeTaxExpense": 90109000,
    "netIncome": 167423000,
    "netIncomeRatio": 0.256340258,
    "eps": 0.43,
    "epsdiluted": 0.43,
    "weightedAverageShsOut": 387912000,
    "weightedAverageShsOutDil": 392520000,
    "link": "https://www.sec.gov/Archives/edgar/data/858470/000119312508039904/0001193125-08-039904-index.htm",
    "finalLink": "https://www.sec.gov/Archives/edgar/data/858470/000119312508039904/d10k.htm"
  },
  {
    "date": "2006-12-31",
    "symbol": "CTRA",
    "reportedCurrency": "USD",
    "cik": "0000858470",
    "fillingDate": "2007-02-28",
    "acceptedDate": "2007-02-28 17:18:17",
    "calendarYear": "2006",
    "period": "FY",
    "revenue": 733722000,
    "costOfRevenue": 391888000,
    "grossProfit": 341834000,
    "grossProfitRatio": 0.4658903508,
    "researchAndDevelopmentExpenses": 0,
    "generalAndAdministrativeExpenses": 0,
    "sellingAndMarketingExpenses": 0,
    "sellingGeneralAndAdministrativeExpenses": 58168000,
    "otherExpenses": 0,
    "operatingExpenses": 58168000,
    "costAndExpenses": 450056000,
    "interestIncome": 0,
    "interestExpense": 18441000,
    "depreciationAndAmortization": 128975000,
    "ebitda": 657921000,
    "ebitdaratio": 0.8966897544,
    "operatingIncome": 283666000,
    "operatingIncomeRatio": 0.3866123682,
    "totalOtherIncomeExpensesNet": 226839000,
    "incomeBeforeTax": 510505000,
    "incomeBeforeTaxRatio": 0.6957744214,
    "incomeTaxExpense": 189330000,
    "netIncome": 321175000,
    "netIncomeRatio": 0.4377339101,
    "eps": 0.83,
    "epsdiluted": 0.81,
    "weightedAverageShsOut": 387216000,
    "weightedAverageShsOutDil": 394400000,
    "link": "https://www.sec.gov/Archives/edgar/data/858470/000119312507042830/0001193125-07-042830-index.htm",
    "finalLink": "https://www.sec.gov/Archives/edgar/data/858470/000119312507042830/d10k.htm"
  },
  {
    "date": "2005-12-31",
    "symbol": "CTRA",
    "reportedCurrency": "USD",
    "cik": "0000858470",
    "fillingDate": "2006-03-06",
    "acceptedDate": "2006-03-06 15:01:12",
    "calendarYear": "2005",
    "period": "FY",
    "revenue": 791666000,
    "costOfRevenue": 386490000,
    "grossProfit": 405176000,
    "grossProfitRatio": 0.5118016941,
    "researchAndDevelopmentExpenses": 0,
    "generalAndAdministrativeExpenses": 0,
    "sellingAndMarketingExpenses": 0,
    "sellingGeneralAndAdministrativeExpenses": 37650000,
    "otherExpenses": 0,
    "operatingExpenses": 37650000,
    "costAndExpenses": 424140000,
    "interestIncome": 0,
    "interestExpense": 22497000,
    "depreciationAndAmortization": 121424000,
    "ebitda": 380155000,
    "ebitdaratio": 0.4801961938,
    "operatingIncome": 367526000,
    "operatingIncomeRatio": 0.4642437594,
    "totalOtherIncomeExpensesNet": -131292000,
    "incomeBeforeTax": 236234000,
    "incomeBeforeTaxRatio": 0.2984010934,
    "incomeTaxExpense": 87789000,
    "netIncome": 148445000,
    "netIncomeRatio": 0.1875096316,
    "eps": 0.38,
    "epsdiluted": 0.37,
    "weightedAverageShsOut": 390848000,
    "weightedAverageShsOutDil": 397800000,
    "link": "https://www.sec.gov/Archives/edgar/data/858470/000119312506046016/0001193125-06-046016-index.htm",
    "finalLink": "https://www.sec.gov/Archives/edgar/data/858470/000119312506046016/d10k.htm"
  },
  {
    "date": "2004-12-31",
    "symbol": "CTRA",
    "reportedCurrency": "USD",
    "cik": "0000858470",
    "fillingDate": "2005-03-03",
    "acceptedDate": "2005-03-02 17:47:49",
    "calendarYear": "2004",
    "period": "FY",
    "revenue": 530408000,
    "costOfRevenue": 280271000,
    "grossProfit": 250137000,
    "grossProfitRatio": 0.4715935657,
    "researchAndDevelopmentExpenses": 0,
    "generalAndAdministrativeExpenses": 0,
    "sellingAndMarketingExpenses": 0,
    "sellingGeneralAndAdministrativeExpenses": 34735000,
    "otherExpenses": -41022000,
    "operatingExpenses": 75757000,
    "costAndExpenses": 356028000,
    "interestIncome": 0,
    "interestExpense": 22029000,
    "depreciationAndAmortization": 103343000,
    "ebitda": 263996000,
    "ebitdaratio": 0.497722508,
    "operatingIncome": 174380000,
    "operatingIncomeRatio": 0.3287657803,
    "totalOtherIncomeExpensesNet": -35756000,
    "incomeBeforeTax": 138624000,
    "incomeBeforeTaxRatio": 0.2613535241,
    "incomeTaxExpense": 50246000,
    "netIncome": 88378000,
    "netIncomeRatio": 0.1666226754,
    "eps": 0.15,
    "epsdiluted": 0.15,
    "weightedAverageShsOut": 584796000,
    "weightedAverageShsOutDil": 592068000,
    "link": "https://www.sec.gov/Archives/edgar/data/858470/000119312505040899/0001193125-05-040899-index.htm",
    "finalLink": "https://www.sec.gov/Archives/edgar/data/858470/000119312505040899/d10k.htm"
  },
  {
    "date": "2003-12-31",
    "symbol": "CTRA",
    "reportedCurrency": "USD",
    "cik": "0000858470",
    "fillingDate": "2004-02-18",
    "acceptedDate": "2004-02-18 16:34:31",
    "calendarYear": "2003",
    "period": "FY",
    "revenue": 509391000,
    "costOfRevenue": 194680000,
    "grossProfit": 314711000,
    "grossProfitRatio": 0.6178181397,
    "researchAndDevelopmentExpenses": 0,
    "generalAndAdministrativeExpenses": 0,
    "sellingAndMarketingExpenses": 0,
    "sellingGeneralAndAdministrativeExpenses": 25112000,
    "otherExpenses": 223012000,
    "operatingExpenses": 248124000,
    "costAndExpenses": 442804000,
    "interestIncome": 0,
    "interestExpense": 327651000,
    "depreciationAndAmortization": 94903000,
    "ebitda": 264634000,
    "ebitdaratio": 0.5195105528,
    "operatingIncome": 66587000,
    "operatingIncomeRatio": 0.1307188388,
    "totalOtherIncomeExpensesNet": -23545000,
    "incomeBeforeTax": 43042000,
    "incomeBeforeTaxRatio": 0.0844969778,
    "incomeTaxExpense": 15063000,
    "netIncome": 21132000,
    "netIncomeRatio": 0.0414848319,
    "eps": 0.055,
    "epsdiluted": 0.0542,
    "weightedAverageShsOut": 384600000,
    "weightedAverageShsOutDil": 387480000,
    "link": "https://www.sec.gov/Archives/edgar/data/858470/000119312504025904/0001193125-04-025904-index.htm",
    "finalLink": "https://www.sec.gov/Archives/edgar/data/858470/000119312504025904/d10k.htm"
  },
  {
    "date": "2002-12-31",
    "symbol": "CTRA",
    "reportedCurrency": "USD",
    "cik": "0000858470",
    "fillingDate": "2003-02-21",
    "acceptedDate": "2003-02-21 13:45:13",
    "calendarYear": "2002",
    "period": "FY",
    "revenue": 353756000,
    "costOfRevenue": 143221000,
    "grossProfit": 210535000,
    "grossProfitRatio": 0.5951418492,
    "researchAndDevelopmentExpenses": 0,
    "generalAndAdministrativeExpenses": 0,
    "sellingAndMarketingExpenses": 0,
    "sellingGeneralAndAdministrativeExpenses": 28377000,
    "otherExpenses": 133070000,
    "operatingExpenses": 161447000,
    "costAndExpenses": 304668000,
    "interestIncome": 0,
    "interestExpense": 61271000,
    "depreciationAndAmortization": 96512000,
    "ebitda": 157668000,
    "ebitdaratio": 0.4456970341,
    "operatingIncome": 49088000,
    "operatingIncomeRatio": 0.1387623107,
    "totalOtherIncomeExpensesNet": -25311000,
    "incomeBeforeTax": 23777000,
    "incomeBeforeTaxRatio": 0.0672129943,
    "incomeTaxExpense": 7674000,
    "netIncome": 16103000,
    "netIncomeRatio": 0.045520076,
    "eps": 0.0283,
    "epsdiluted": 0.0283,
    "weightedAverageShsOut": 380544000,
    "weightedAverageShsOutDil": 380544000,
    "link": "https://www.sec.gov/Archives/edgar/data/858470/000089924303000363/0000899243-03-000363-index.htm",
    "finalLink": "https://www.sec.gov/Archives/edgar/data/858470/000089924303000363/d10k.txt"
  },
  {
    "date": "2001-12-31",
    "symbol": "CTRA",
    "reportedCurrency": "USD",
    "cik": "0000858470",
    "fillingDate": "2002-02-22",
    "acceptedDate": "2002-02-22 00:00:00",
    "calendarYear": "2001",
    "period": "FY",
    "revenue": 447042000,
    "costOfRevenue": 200167000,
    "grossProfit": 246875000,
    "grossProfitRatio": 0.5522411764,
    "researchAndDevelopmentExpenses": 0,
    "generalAndAdministrativeExpenses": 0,
    "sellingAndMarketingExpenses": 0,
    "sellingGeneralAndAdministrativeExpenses": 25650000,
    "otherExpenses": 125885000,
    "operatingExpenses": 151535000,
    "costAndExpenses": 351702000,
    "interestIncome": 0,
    "interestExpense": 71540000,
    "depreciationAndAmortization": 80619000,
    "ebitda": 192884000,
    "ebitdaratio": 0.4314672894,
    "operatingIncome": 95340000,
    "operatingIncomeRatio": 0.2132685519,
    "totalOtherIncomeExpensesNet": -20791000,
    "incomeBeforeTax": 74549000,
    "incomeBeforeTaxRatio": 0.1667606176,
    "incomeTaxExpense": 27465000,
    "netIncome": 47084000,
    "netIncomeRatio": 0.1053234372,
    "eps": 0.13,
    "epsdiluted": 0.13,
    "weightedAverageShsOut": 363312000,
    "weightedAverageShsOutDil": 369286275,
    "link": "https://www.sec.gov/Archives/edgar/data/858470/000089924302000382/0000899243-02-000382-index.htm",
    "finalLink": "https://www.sec.gov/Archives/edgar/data/858470/000089924302000382/d10k.txt"
  },
  {
    "date": "2000-12-31",
    "symbol": "CTRA",
    "reportedCurrency": "USD",
    "cik": "0000858470",
    "fillingDate": "2001-06-22",
    "acceptedDate": "2001-06-22 00:00:00",
    "calendarYear": "2000",
    "period": "FY",
    "revenue": 368651000,
    "costOfRevenue": 191285000,
    "grossProfit": 177366000,
    "grossProfitRatio": 0.4811217113,
    "researchAndDevelopmentExpenses": 0,
    "generalAndAdministrativeExpenses": 0,
    "sellingAndMarketingExpenses": 0,
    "sellingGeneralAndAdministrativeExpenses": 20421000,
    "otherExpenses": 92089000,
    "operatingExpenses": 112510000,
    "costAndExpenses": 303795000,
    "interestIncome": 0,
    "interestExpense": 69777000,
    "depreciationAndAmortization": 53441000,
    "ebitda": 133904000,
    "ebitdaratio": 0.3632270087,
    "operatingIncome": 64856000,
    "operatingIncomeRatio": 0.1759279101,
    "totalOtherIncomeExpensesNet": -22917000,
    "incomeBeforeTax": 41939000,
    "incomeBeforeTaxRatio": 0.1137634239,
    "incomeTaxExpense": 16467000,
    "netIncome": 25472000,
    "netIncomeRatio": 0.0690951605,
    "eps": 0.0892,
    "epsdiluted": 0.0892,
    "weightedAverageShsOut": 321960000,
    "weightedAverageShsOutDil": 321960000,
    "link": "https://www.sec.gov/Archives/edgar/data/858470/000089924301500808/0000899243-01-500808-index.htm",
    "finalLink": "https://www.sec.gov/Archives/edgar/data/858470/000089924301500808/d10ka.txt"
  },
  {
    "date": "1999-12-31",
    "symbol": "CTRA",
    "reportedCurrency": "USD",
    "cik": "0000858470",
    "fillingDate": "2000-06-28",
    "acceptedDate": "2000-06-28 00:00:00",
    "calendarYear": "1999",
    "period": "FY",
    "revenue": 294000000,
    "costOfRevenue": 157100000,
    "grossProfit": 136900000,
    "grossProfitRatio": 0.4656462585,
    "researchAndDevelopmentExpenses": 0,
    "generalAndAdministrativeExpenses": 0,
    "sellingAndMarketingExpenses": 0,
    "sellingGeneralAndAdministrativeExpenses": 20100000,
    "otherExpenses": 81400000,
    "operatingExpenses": 101500000,
    "costAndExpenses": 258600000,
    "interestIncome": 0,
    "interestExpense": 6800000,
    "depreciationAndAmortization": 53400000,
    "ebitda": 99800000,
    "ebitdaratio": 0.3394557823,
    "operatingIncome": 35400000,
    "operatingIncomeRatio": 0.1204081633,
    "totalOtherIncomeExpensesNet": -21700000,
    "incomeBeforeTax": 13700000,
    "incomeBeforeTaxRatio": 0.0465986395,
    "incomeTaxExpense": 5200000,
    "netIncome": 8500000,
    "netIncomeRatio": 0.0289115646,
    "eps": 0.0175,
    "epsdiluted": 0.0175,
    "weightedAverageShsOut": 321798000,
    "weightedAverageShsOutDil": 323400000,
    "link": "https://www.sec.gov/Archives/edgar/data/858470/000085847000000021/0000858470-00-000021-index.htm",
    "finalLink": "https://www.sec.gov/Archives/edgar/data/858470/000085847000000021/0000858470-00-000021-0001.txt"
  },
  {
    "date": "1998-12-31",
    "symbol": "CTRA",
    "reportedCurrency": "USD",
    "cik": "0000858470",
    "fillingDate": "1999-06-28",
    "acceptedDate": "1999-06-28 00:00:00",
    "calendarYear": "1998",
    "period": "FY",
    "revenue": 251300000,
    "costOfRevenue": 141600000,
    "grossProfit": 109700000,
    "grossProfitRatio": 0.4365300438,
    "researchAndDevelopmentExpenses": 0,
    "generalAndAdministrativeExpenses": 0,
    "sellingAndMarketingExpenses": 0,
    "sellingGeneralAndAdministrativeExpenses": 22000000,
    "otherExpenses": 60900000,
    "operatingExpenses": 82900000,
    "costAndExpenses": 224500000,
    "interestIncome": 0,
    "interestExpense": 17600000,
    "depreciationAndAmortization": 41200000,
    "ebitda": 72400000,
    "ebitdaratio": 0.2881018703,
    "operatingIncome": 26800000,
    "operatingIncomeRatio": 0.1066454437,
    "totalOtherIncomeExpensesNet": -18000000,
    "incomeBeforeTax": 8800000,
    "incomeBeforeTaxRatio": 0.0350179069,
    "incomeTaxExpense": 3500000,
    "netIncome": 5300000,
    "netIncomeRatio": 0.0210903303,
    "eps": 0.0165,
    "epsdiluted": 0.0164,
    "weightedAverageShsOut": 321798000,
    "weightedAverageShsOutDil": 323400000,
    "link": "https://www.sec.gov/Archives/edgar/data/858470/000085847099000012/0000858470-99-000012-index.html",
    "finalLink": "https://www.sec.gov/Archives/edgar/data/858470/000085847099000012/"
  },
  {
    "date": "1997-12-31",
    "symbol": "CTRA",
    "reportedCurrency": "USD",
    "cik": "0000858470",
    "fillingDate": "1998-03-20",
    "acceptedDate": "1998-03-20 00:00:00",
    "calendarYear": "1997",
    "period": "FY",
    "revenue": 185100000,
    "costOfRevenue": 46200000,
    "grossProfit": 138900000,
    "grossProfitRatio": 0.7504051864,
    "researchAndDevelopmentExpenses": 0,
    "generalAndAdministrativeExpenses": 0,
    "sellingAndMarketingExpenses": 0,
    "sellingGeneralAndAdministrativeExpenses": 19700000,
    "otherExpenses": 55500000,
    "operatingExpenses": 75200000,
    "costAndExpenses": 121400000,
    "interestIncome": 0,
    "interestExpense": 17700000,
    "depreciationAndAmortization": 40600000,
    "ebitda": 104300000,
    "ebitdaratio": 0.5634792004,
    "operatingIncome": 63700000,
    "operatingIncomeRatio": 0.3441383036,
    "totalOtherIncomeExpensesNet": -17800000,
    "incomeBeforeTax": 45900000,
    "incomeBeforeTaxRatio": 0.2479740681,
    "incomeTaxExpense": 17600000,
    "netIncome": 28300000,
    "netIncomeRatio": 0.1528903296,
    "eps": 0.0278,
    "epsdiluted": 0.027,
    "weightedAverageShsOut": 296004000,
    "weightedAverageShsOutDil": 296004000,
    "link": "https://www.sec.gov/Archives/edgar/data/858470/000095012998001129/0000950129-98-001129-index.html",
    "finalLink": "https://www.sec.gov/Archives/edgar/data/858470/"
  },
  {
    "date": "1996-12-31",
    "symbol": "CTRA",
    "reportedCurrency": "USD",
    "cik": "0000858470",
    "fillingDate": "1997-03-27",
    "acceptedDate": "1997-03-27 00:00:00",
    "calendarYear": "1996",
    "period": "FY",
    "revenue": 163100000,
    "costOfRevenue": 43600000,
    "grossProfit": 119500000,
    "grossProfitRatio": 0.7326793378,
    "researchAndDevelopmentExpenses": 0,
    "generalAndAdministrativeExpenses": 0,
    "sellingAndMarketingExpenses": 0,
    "sellingGeneralAndAdministrativeExpenses": 16800000,
    "otherExpenses": 55500000,
    "operatingExpenses": 72300000,
    "costAndExpenses": 115900000,
    "interestIncome": 0,
    "interestExpense": 14100000,
    "depreciationAndAmortization": 42700000,
    "ebitda": 89900000,
    "ebitdaratio": 0.5511955855,
    "operatingIncome": 47200000,
    "operatingIncomeRatio": 0.2893930104,
    "totalOtherIncomeExpensesNet": -15800000,
    "incomeBeforeTax": 31400000,
    "incomeBeforeTaxRatio": 0.1925199264,
    "incomeTaxExpense": 10600000,
    "netIncome": 20800000,
    "netIncomeRatio": 0.1275291232,
    "eps": 0.0186,
    "epsdiluted": 0.0183,
    "weightedAverageShsOut": 274164000,
    "weightedAverageShsOutDil": 274164000,
    "link": "https://www.sec.gov/Archives/edgar/data/858470/000095012997001243/0000950129-97-001243-index.html",
    "finalLink": "https://www.sec.gov/Archives/edgar/data/858470/"
  },
  {
    "date": "1995-12-31",
    "symbol": "CTRA",
    "reportedCurrency": "USD",
    "cik": "0000858470",
    "fillingDate": "1996-06-28",
    "acceptedDate": "1996-06-28 00:00:00",
    "calendarYear": "1995",
    "period": "FY",
    "revenue": 213900000,
    "costOfRevenue": 129200000,
    "grossProfit": 84700000,
    "grossProfitRatio": 0.3959794296,
    "researchAndDevelopmentExpenses": 0,
    "generalAndAdministrativeExpenses": 0,
    "sellingAndMarketingExpenses": 0,
    "sellingGeneralAndAdministrativeExpenses": 16800000,
    "otherExpenses": 58400000,
    "operatingExpenses": 75200000,
    "costAndExpenses": 204400000,
    "interestIncome": 0,
    "interestExpense": 277300000,
    "depreciationAndAmortization": 47200000,
    "ebitda": 56700000,
    "ebitdaratio": 0.2650771388,
    "operatingIncome": 9500000,
    "operatingIncomeRatio": 0.0444132772,
    "totalOtherIncomeExpensesNet": -151100000,
    "incomeBeforeTax": -141600000,
    "incomeBeforeTaxRatio": -0.6619915849,
    "incomeTaxExpense": -55000000,
    "netIncome": -86600000,
    "netIncomeRatio": -0.4048620851,
    "eps": -0.32,
    "epsdiluted": -0.32,
    "weightedAverageShsOut": 273300000,
    "weightedAverageShsOutDil": 273300000,
    "link": "https://www.sec.gov/Archives/edgar/data/858470/000085847096000004/0000858470-96-000004-index.html",
    "finalLink": "https://www.sec.gov/Archives/edgar/data/858470/"
  },
  {
    "date": "1994-12-31",
    "symbol": "CTRA",
    "reportedCurrency": "USD",
    "cik": "0000858470",
    "fillingDate": "1995-06-29",
    "acceptedDate": "1995-06-29 00:00:00",
    "calendarYear": "1994",
    "period": "FY",
    "revenue": 237100000,
    "costOfRevenue": 138100000,
    "grossProfit": 99000000,
    "grossProfitRatio": 0.4175453395,
    "researchAndDevelopmentExpenses": 0,
    "generalAndAdministrativeExpenses": 0,
    "sellingAndMarketingExpenses": 0,
    "sellingGeneralAndAdministrativeExpenses": 17300000,
    "otherExpenses": 66700000,
    "operatingExpenses": 84000000,
    "costAndExpenses": 222100000,
    "interestIncome": 0,
    "interestExpense": 16500000,
    "depreciationAndAmortization": 54600000,
    "ebitda": 69600000,
    "ebitdaratio": 0.2935470266,
    "operatingIncome": 15000000,
    "operatingIncomeRatio": 0.0632644454,
    "totalOtherIncomeExpensesNet": -16600000,
    "incomeBeforeTax": -1600000,
    "incomeBeforeTaxRatio": -0.0067482075,
    "incomeTaxExpense": -600000,
    "netIncome": -1000000,
    "netIncomeRatio": -0.0042176297,
    "eps": -0.0038,
    "epsdiluted": -0.0038,
    "weightedAverageShsOut": 264216000,
    "weightedAverageShsOutDil": 264216000,
    "link": "https://www.sec.gov/Archives/edgar/data/858470/000085847095000002/0000858470-95-000002-index.html",
    "finalLink": "https://www.sec.gov/Archives/edgar/data/858470/"
  },
  {
    "date": "1993-12-31",
    "symbol": "CTRA",
    "reportedCurrency": "USD",
    "cik": "0000858470",
    "fillingDate": "1994-03-29",
    "acceptedDate": "1994-03-29 00:00:00",
    "calendarYear": "1993",
    "period": "FY",
    "revenue": 164300000,
    "costOfRevenue": 81200000,
    "grossProfit": 83100000,
    "grossProfitRatio": 0.5057821059,
    "researchAndDevelopmentExpenses": 0,
    "generalAndAdministrativeExpenses": 0,
    "sellingAndMarketingExpenses": 0,
    "sellingGeneralAndAdministrativeExpenses": 20400000,
    "otherExpenses": 44000000,
    "operatingExpenses": 64400000,
    "costAndExpenses": 145600000,
    "interestIncome": 0,
    "interestExpense": 7700000,
    "depreciationAndAmortization": 34500000,
    "ebitda": 53200000,
    "ebitdaratio": 0.3237979306,
    "operatingIncome": 18700000,
    "operatingIncomeRatio": 0.1138161899,
    "totalOtherIncomeExpensesNet": -9000000,
    "incomeBeforeTax": 9700000,
    "incomeBeforeTaxRatio": 0.0590383445,
    "incomeTaxExpense": 6200000,
    "netIncome": 3500000,
    "netIncomeRatio": 0.0213024954,
    "eps": 0.0028,
    "epsdiluted": 0.0028,
    "weightedAverageShsOut": 246872560,
    "weightedAverageShsOutDil": 246872560,
    "link": "https://www.sec.gov/Archives/edgar/data/858470/000095012994000232/0000950129-94-000232-index.html",
    "finalLink": "https://www.sec.gov/Archives/edgar/data/858470/"
  },
  {
    "date": "1992-12-31",
    "symbol": "CTRA",
    "reportedCurrency": "USD",
    "cik": "0000858470",
    "fillingDate": "1992-12-31",
    "acceptedDate": "1992-12-31 00:00:00",
    "calendarYear": "1992",
    "period": "FY",
    "revenue": 147600000,
    "costOfRevenue": 68200000,
    "grossProfit": 79400000,
    "grossProfitRatio": 0.5379403794,
    "researchAndDevelopmentExpenses": 0,
    "generalAndAdministrativeExpenses": 0,
    "sellingAndMarketingExpenses": 0,
    "sellingGeneralAndAdministrativeExpenses": 23400000,
    "otherExpenses": 38500000,
    "operatingExpenses": 61900000,
    "costAndExpenses": 130100000,
    "interestIncome": 0,
    "interestExpense": 8700000,
    "depreciationAndAmortization": 31500000,
    "ebitda": 49000000,
    "ebitdaratio": 0.3319783198,
    "operatingIncome": 17500000,
    "operatingIncomeRatio": 0.1185636856,
    "totalOtherIncomeExpensesNet": -9300000,
    "incomeBeforeTax": 8200000,
    "incomeBeforeTaxRatio": 0.0555555556,
    "incomeTaxExpense": 6000000,
    "netIncome": 2200000,
    "netIncomeRatio": 0.0149051491,
    "eps": 0.0031,
    "epsdiluted": 0.0031,
    "weightedAverageShsOut": 245457272,
    "weightedAverageShsOutDil": 245457272,
    "link": null,
    "finalLink": null
  },
  {
    "date": "1991-12-31",
    "symbol": "CTRA",
    "reportedCurrency": "USD",
    "cik": "0000858470",
    "fillingDate": "1991-12-31",
    "acceptedDate": "1991-12-31 00:00:00",
    "calendarYear": "1991",
    "period": "FY",
    "revenue": 140500000,
    "costOfRevenue": 67300000,
    "grossProfit": 73200000,
    "grossProfitRatio": 0.5209964413,
    "researchAndDevelopmentExpenses": 0,
    "generalAndAdministrativeExpenses": 0,
    "sellingAndMarketingExpenses": 0,
    "sellingGeneralAndAdministrativeExpenses": 25400000,
    "otherExpenses": 34100000,
    "operatingExpenses": 59500000,
    "costAndExpenses": 126800000,
    "interestIncome": 0,
    "interestExpense": 5800000,
    "depreciationAndAmortization": 27200000,
    "ebitda": 40900000,
    "ebitdaratio": 0.2911032028,
    "operatingIncome": 13700000,
    "operatingIncomeRatio": 0.0975088968,
    "totalOtherIncomeExpensesNet": -7600000,
    "incomeBeforeTax": 6100000,
    "incomeBeforeTaxRatio": 0.0434163701,
    "incomeTaxExpense": 4800000,
    "netIncome": 1300000,
    "netIncomeRatio": 0.009252669,
    "eps": 0.0003,
    "epsdiluted": 0.0003,
    "weightedAverageShsOut": 245457272,
    "weightedAverageShsOutDil": 245457272,
    "link": null,
    "finalLink": null
  },
  {
    "date": "1990-09-30",
    "symbol": "CTRA",
    "reportedCurrency": "USD",
    "cik": "0000858470",
    "fillingDate": "1990-09-30",
    "acceptedDate": "1990-09-30 00:00:00",
    "calendarYear": "1990",
    "period": "FY",
    "revenue": 128000000,
    "costOfRevenue": 63500000,
    "grossProfit": 64500000,
    "grossProfitRatio": 0.50390625,
    "researchAndDevelopmentExpenses": 0,
    "generalAndAdministrativeExpenses": 0,
    "sellingAndMarketingExpenses": 0,
    "sellingGeneralAndAdministrativeExpenses": 20600000,
    "otherExpenses": 28200000,
    "operatingExpenses": 48800000,
    "costAndExpenses": 112300000,
    "interestIncome": 0,
    "interestExpense": 0,
    "depreciationAndAmortization": 23100000,
    "ebitda": 38800000,
    "ebitdaratio": 0.303125,
    "operatingIncome": 15700000,
    "operatingIncomeRatio": 0.12265625,
    "totalOtherIncomeExpensesNet": 6900000,
    "incomeBeforeTax": 22600000,
    "incomeBeforeTaxRatio": 0.1765625,
    "incomeTaxExpense": 8000000,
    "netIncome": 14600000,
    "netIncomeRatio": 0.1140625,
    "eps": 0.0158,
    "epsdiluted": 0.0158,
    "weightedAverageShsOut": 245457272,
    "weightedAverageShsOutDil": 245457272,
    "link": null,
    "finalLink": null
  },
  {
    "date": "1989-09-30",
    "symbol": "CTRA",
    "reportedCurrency": "USD",
    "cik": "0000858470",
    "fillingDate": "1989-09-30",
    "acceptedDate": "1989-09-30 00:00:00",
    "calendarYear": "1989",
    "period": "FY",
    "revenue": 149400000,
    "costOfRevenue": 66100000,
    "grossProfit": 83300000,
    "grossProfitRatio": 0.5575635877,
    "researchAndDevelopmentExpenses": 0,
    "generalAndAdministrativeExpenses": 0,
    "sellingAndMarketingExpenses": 0,
    "sellingGeneralAndAdministrativeExpenses": 21300000,
    "otherExpenses": 47900000,
    "operatingExpenses": 69200000,
    "costAndExpenses": 135300000,
    "interestIncome": 0,
    "interestExpense": 0,
    "depreciationAndAmortization": 41300000,
    "ebitda": 55400000,
    "ebitdaratio": 0.3708165997,
    "operatingIncome": 14100000,
    "operatingIncomeRatio": 0.09437751,
    "totalOtherIncomeExpensesNet": 23900000,
    "incomeBeforeTax": 38000000,
    "incomeBeforeTaxRatio": 0.2543507363,
    "incomeTaxExpense": 12400000,
    "netIncome": 25600000,
    "netIncomeRatio": 0.171352075,
    "eps": 0.0347,
    "epsdiluted": 0.0347,
    "weightedAverageShsOut": 245580000,
    "weightedAverageShsOutDil": 245580000,
    "link": null,
    "finalLink": null
  }
]