[
  {
    "date": "2025-06-30",
    "symbol": "CTSH",
    "reportedCurrency": "USD",
    "cik": "0001058290",
    "fillingDate": "2025-07-31",
    "acceptedDate": "2025-07-30 17:34:46",
    "calendarYear": "2025",
    "period": "Q2",
    "revenue": 5245000000,
    "costOfRevenue": 3479000000,
    "grossProfit": 1766000000,
    "grossProfitRatio": 0.3367016206,
    "researchAndDevelopmentExpenses": 0,
    "generalAndAdministrativeExpenses": 0,
    "sellingAndMarketingExpenses": 0,
    "sellingGeneralAndAdministrativeExpenses": 810000000,
    "otherExpenses": 139000000,
    "operatingExpenses": 949000000,
    "costAndExpenses": 4428000000,
    "interestIncome": 23000000,
    "interestExpense": 9000000,
    "depreciationAndAmortization": 139000000,
    "ebitda": 990000000,
    "ebitdaratio": 0.1887511916,
    "operatingIncome": 817000000,
    "operatingIncomeRatio": 0.1557673975,
    "totalOtherIncomeExpensesNet": 25000000,
    "incomeBeforeTax": 842000000,
    "incomeBeforeTaxRatio": 0.1605338418,
    "incomeTaxExpense": 197000000,
    "netIncome": 645000000,
    "netIncomeRatio": 0.1229742612,
    "eps": 1.31,
    "epsdiluted": 1.31,
    "weightedAverageShsOut": 492000000,
    "weightedAverageShsOutDil": 492000000,
    "link": "https://www.sec.gov/Archives/edgar/data/1058290/000105829025000267/0001058290-25-000267-index.htm",
    "finalLink": "https://www.sec.gov/Archives/edgar/data/1058290/000105829025000267/ctsh-20250630.htm"
  },
  {
    "date": "2025-03-31",
    "symbol": "CTSH",
    "reportedCurrency": "USD",
    "cik": "0001058290",
    "fillingDate": "2025-05-01",
    "acceptedDate": "2025-04-30 17:37:04",
    "calendarYear": "2025",
    "period": "Q1",
    "revenue": 5115000000,
    "costOfRevenue": 3397000000,
    "grossProfit": 1718000000,
    "grossProfitRatio": 0.3358748778,
    "researchAndDevelopmentExpenses": 0,
    "generalAndAdministrativeExpenses": 0,
    "sellingAndMarketingExpenses": 0,
    "sellingGeneralAndAdministrativeExpenses": 791000000,
    "otherExpenses": 74000000,
    "operatingExpenses": 865000000,
    "costAndExpenses": 4262000000,
    "interestIncome": 30000000,
    "interestExpense": 12000000,
    "depreciationAndAmortization": 136000000,
    "ebitda": 1020000000,
    "ebitdaratio": 0.1994134897,
    "operatingIncome": 853000000,
    "operatingIncomeRatio": 0.1667644184,
    "totalOtherIncomeExpensesNet": 19000000,
    "incomeBeforeTax": 872000000,
    "incomeBeforeTaxRatio": 0.1704789834,
    "incomeTaxExpense": 213000000,
    "netIncome": 663000000,
    "netIncomeRatio": 0.1296187683,
    "eps": 1.34,
    "epsdiluted": 1.34,
    "weightedAverageShsOut": 494000000,
    "weightedAverageShsOutDil": 495000000,
    "link": "https://www.sec.gov/Archives/edgar/data/1058290/000105829025000125/0001058290-25-000125-index.htm",
    "finalLink": "https://www.sec.gov/Archives/edgar/data/1058290/000105829025000125/ctsh-20250331.htm"
  },
  {
    "date": "2024-12-31",
    "symbol": "CTSH",
    "reportedCurrency": "USD",
    "cik": "0001058290",
    "fillingDate": "2025-02-12",
    "acceptedDate": "2025-02-12 16:46:32",
    "calendarYear": "2024",
    "period": "Q4",
    "revenue": 5082000000,
    "costOfRevenue": 3297000000,
    "grossProfit": 1785000000,
    "grossProfitRatio": 0.3512396694,
    "researchAndDevelopmentExpenses": 0,
    "generalAndAdministrativeExpenses": 0,
    "sellingAndMarketingExpenses": 0,
    "sellingGeneralAndAdministrativeExpenses": 844000000,
    "otherExpenses": 190000000,
    "operatingExpenses": 1034000000,
    "costAndExpenses": 4331000000,
    "interestIncome": 28000000,
    "interestExpense": 19000000,
    "depreciationAndAmortization": 143000000,
    "ebitda": 902000000,
    "ebitdaratio": 0.1774891775,
    "operatingIncome": 751000000,
    "operatingIncomeRatio": 0.147776466,
    "totalOtherIncomeExpensesNet": -11000000,
    "incomeBeforeTax": 740000000,
    "incomeBeforeTaxRatio": 0.1456119638,
    "incomeTaxExpense": 199000000,
    "netIncome": 546000000,
    "netIncomeRatio": 0.1074380165,
    "eps": 1.1,
    "epsdiluted": 1.1,
    "weightedAverageShsOut": 496000000,
    "weightedAverageShsOutDil": 497000000,
    "link": "https://www.sec.gov/Archives/edgar/data/1058290/000105829025000017/0001058290-25-000017-index.htm",
    "finalLink": "https://www.sec.gov/Archives/edgar/data/1058290/000105829025000017/ctsh-20241231.htm"
  },
  {
    "date": "2024-09-30",
    "symbol": "CTSH",
    "reportedCurrency": "USD",
    "cik": "0001058290",
    "fillingDate": "2024-10-31",
    "acceptedDate": "2024-10-30 17:45:06",
    "calendarYear": "2024",
    "period": "Q3",
    "revenue": 5044000000,
    "costOfRevenue": 3445000000,
    "grossProfit": 1599000000,
    "grossProfitRatio": 0.3170103093,
    "researchAndDevelopmentExpenses": 0,
    "generalAndAdministrativeExpenses": 0,
    "sellingAndMarketingExpenses": 0,
    "sellingGeneralAndAdministrativeExpenses": 833000000,
    "otherExpenses": 0,
    "operatingExpenses": 833000000,
    "costAndExpenses": 4278000000,
    "interestIncome": 31000000,
    "interestExpense": 14000000,
    "depreciationAndAmortization": 133000000,
    "ebitda": 895000000,
    "ebitdaratio": 0.1774385408,
    "operatingIncome": 738000000,
    "operatingIncomeRatio": 0.1463124504,
    "totalOtherIncomeExpensesNet": 10000000,
    "incomeBeforeTax": 748000000,
    "incomeBeforeTaxRatio": 0.148295004,
    "incomeTaxExpense": 170000000,
    "netIncome": 582000000,
    "netIncomeRatio": 0.1153846154,
    "eps": 1.17,
    "epsdiluted": 1.17,
    "weightedAverageShsOut": 496000000,
    "weightedAverageShsOutDil": 496000000,
    "link": "https://www.sec.gov/Archives/edgar/data/1058290/000105829024000327/0001058290-24-000327-index.htm",
    "finalLink": "https://www.sec.gov/Archives/edgar/data/1058290/000105829024000327/ctsh-20240930.htm"
  },
  {
    "date": "2024-06-30",
    "symbol": "CTSH",
    "reportedCurrency": "USD",
    "cik": "0001058290",
    "fillingDate": "2024-08-01",
    "acceptedDate": "2024-07-31 17:36:59",
    "calendarYear": "2024",
    "period": "Q2",
    "revenue": 4850000000,
    "costOfRevenue": 3332000000,
    "grossProfit": 1518000000,
    "grossProfitRatio": 0.3129896907,
    "researchAndDevelopmentExpenses": 0,
    "generalAndAdministrativeExpenses": 0,
    "sellingAndMarketingExpenses": 0,
    "sellingGeneralAndAdministrativeExpenses": 781000000,
    "otherExpenses": -1000000,
    "operatingExpenses": 781000000,
    "costAndExpenses": 4113000000,
    "interestIncome": 30000000,
    "interestExpense": 10000000,
    "depreciationAndAmortization": 133000000,
    "ebitda": 870000000,
    "ebitdaratio": 0.1793814433,
    "operatingIncome": 737000000,
    "operatingIncomeRatio": 0.1519587629,
    "totalOtherIncomeExpensesNet": 20000000,
    "incomeBeforeTax": 728000000,
    "incomeBeforeTaxRatio": 0.1501030928,
    "incomeTaxExpense": 165000000,
    "netIncome": 566000000,
    "netIncomeRatio": 0.1167010309,
    "eps": 1.14,
    "epsdiluted": 1.14,
    "weightedAverageShsOut": 497000000,
    "weightedAverageShsOutDil": 498000000,
    "link": "https://www.sec.gov/Archives/edgar/data/1058290/000105829024000242/0001058290-24-000242-index.htm",
    "finalLink": "https://www.sec.gov/Archives/edgar/data/1058290/000105829024000242/ctsh-20240630.htm"
  },
  {
    "date": "2024-03-31",
    "symbol": "CTSH",
    "reportedCurrency": "USD",
    "cik": "0001058290",
    "fillingDate": "2024-05-02",
    "acceptedDate": "2024-05-01 17:40:52",
    "calendarYear": "2024",
    "period": "Q1",
    "revenue": 4760000000,
    "costOfRevenue": 3277000000,
    "grossProfit": 1483000000,
    "grossProfitRatio": 0.3115546218,
    "researchAndDevelopmentExpenses": 0,
    "generalAndAdministrativeExpenses": 0,
    "sellingAndMarketingExpenses": 0,
    "sellingGeneralAndAdministrativeExpenses": 765000000,
    "otherExpenses": 2000000,
    "operatingExpenses": 765000000,
    "costAndExpenses": 4042000000,
    "interestIncome": 30000000,
    "interestExpense": 11000000,
    "depreciationAndAmortization": 133000000,
    "ebitda": 851000000,
    "ebitdaratio": 0.1787815126,
    "operatingIncome": 718000000,
    "operatingIncomeRatio": 0.1508403361,
    "totalOtherIncomeExpensesNet": 4000000,
    "incomeBeforeTax": 722000000,
    "incomeBeforeTaxRatio": 0.1516806723,
    "incomeTaxExpense": 179000000,
    "netIncome": 546000000,
    "netIncomeRatio": 0.1147058824,
    "eps": 1.1,
    "epsdiluted": 1.1,
    "weightedAverageShsOut": 497000000,
    "weightedAverageShsOutDil": 498000000,
    "link": "https://www.sec.gov/Archives/edgar/data/1058290/000105829024000116/0001058290-24-000116-index.htm",
    "finalLink": "https://www.sec.gov/Archives/edgar/data/1058290/000105829024000116/ctsh-20240331.htm"
  },
  {
    "date": "2023-12-31",
    "symbol": "CTSH",
    "reportedCurrency": "USD",
    "cik": "0001058290",
    "fillingDate": "2024-02-14",
    "acceptedDate": "2024-02-14 12:16:11",
    "calendarYear": "2023",
    "period": "Q4",
    "revenue": 4758000000,
    "costOfRevenue": 3204000000,
    "grossProfit": 1554000000,
    "grossProfitRatio": 0.3266078184,
    "researchAndDevelopmentExpenses": 0,
    "generalAndAdministrativeExpenses": 0,
    "sellingAndMarketingExpenses": 0,
    "sellingGeneralAndAdministrativeExpenses": 786000000,
    "otherExpenses": 3000000,
    "operatingExpenses": 786000000,
    "costAndExpenses": 3990000000,
    "interestIncome": 34000000,
    "interestExpense": 11000000,
    "depreciationAndAmortization": 127000000,
    "ebitda": 887000000,
    "ebitdaratio": 0.1864228668,
    "operatingIncome": 768000000,
    "operatingIncomeRatio": 0.1614123581,
    "totalOtherIncomeExpensesNet": 25000000,
    "incomeBeforeTax": 749000000,
    "incomeBeforeTaxRatio": 0.1574190836,
    "incomeTaxExpense": 195000000,
    "netIncome": 558000000,
    "netIncomeRatio": 0.1172761665,
    "eps": 1.12,
    "epsdiluted": 1.11,
    "weightedAverageShsOut": 500000000,
    "weightedAverageShsOutDil": 501000000,
    "link": "https://www.sec.gov/Archives/edgar/data/1058290/000105829024000017/0001058290-24-000017-index.htm",
    "finalLink": "https://www.sec.gov/Archives/edgar/data/1058290/000105829024000017/ctsh-20231231.htm"
  },
  {
    "date": "2023-09-30",
    "symbol": "CTSH",
    "reportedCurrency": "USD",
    "cik": "0001058290",
    "fillingDate": "2023-11-02",
    "acceptedDate": "2023-11-01 18:04:04",
    "calendarYear": "2023",
    "period": "Q3",
    "revenue": 4897000000,
    "costOfRevenue": 3209000000,
    "grossProfit": 1688000000,
    "grossProfitRatio": 0.3447008372,
    "researchAndDevelopmentExpenses": 0,
    "generalAndAdministrativeExpenses": 0,
    "sellingAndMarketingExpenses": 0,
    "sellingGeneralAndAdministrativeExpenses": 801000000,
    "otherExpenses": 6000000,
    "operatingExpenses": 930000000,
    "costAndExpenses": 4139000000,
    "interestIncome": 32000000,
    "interestExpense": 11000000,
    "depreciationAndAmortization": 273000000,
    "ebitda": 997000000,
    "ebitdaratio": 0.2035940372,
    "operatingIncome": 686000000,
    "operatingIncomeRatio": 0.1400857668,
    "totalOtherIncomeExpensesNet": 27000000,
    "incomeBeforeTax": 713000000,
    "incomeBeforeTaxRatio": 0.1455993465,
    "incomeTaxExpense": 191000000,
    "netIncome": 525000000,
    "netIncomeRatio": 0.107208495,
    "eps": 1.04,
    "epsdiluted": 1.04,
    "weightedAverageShsOut": 504000000,
    "weightedAverageShsOutDil": 505000000,
    "link": "https://www.sec.gov/Archives/edgar/data/1058290/000105829023000330/0001058290-23-000330-index.htm",
    "finalLink": "https://www.sec.gov/Archives/edgar/data/1058290/000105829023000330/ctsh-20230930.htm"
  },
  {
    "date": "2023-06-30",
    "symbol": "CTSH",
    "reportedCurrency": "USD",
    "cik": "0001058290",
    "fillingDate": "2023-08-03",
    "acceptedDate": "2023-08-03 09:10:22",
    "calendarYear": "2023",
    "period": "Q2",
    "revenue": 4886000000,
    "costOfRevenue": 3231000000,
    "grossProfit": 1655000000,
    "grossProfitRatio": 0.3387228817,
    "researchAndDevelopmentExpenses": 0,
    "generalAndAdministrativeExpenses": 0,
    "sellingAndMarketingExpenses": 0,
    "sellingGeneralAndAdministrativeExpenses": 830000000,
    "otherExpenses": -1000000,
    "operatingExpenses": 961000000,
    "costAndExpenses": 4192000000,
    "interestIncome": 30000000,
    "interestExpense": 10000000,
    "depreciationAndAmortization": 131000000,
    "ebitda": 825000000,
    "ebitdaratio": 0.1688497749,
    "operatingIncome": 577000000,
    "operatingIncomeRatio": 0.1180925092,
    "totalOtherIncomeExpensesNet": 10000000,
    "incomeBeforeTax": 587000000,
    "incomeBeforeTaxRatio": 0.1201391731,
    "incomeTaxExpense": 124000000,
    "netIncome": 463000000,
    "netIncomeRatio": 0.0947605403,
    "eps": 0.92,
    "epsdiluted": 0.91,
    "weightedAverageShsOut": 506000000,
    "weightedAverageShsOutDil": 507000000,
    "link": "https://www.sec.gov/Archives/edgar/data/1058290/000105829023000258/0001058290-23-000258-index.htm",
    "finalLink": "https://www.sec.gov/Archives/edgar/data/1058290/000105829023000258/ctsh-20230630.htm"
  },
  {
    "date": "2023-03-31",
    "symbol": "CTSH",
    "reportedCurrency": "USD",
    "cik": "0001058290",
    "fillingDate": "2023-05-04",
    "acceptedDate": "2023-05-03 17:37:27",
    "calendarYear": "2023",
    "period": "Q1",
    "revenue": 4812000000,
    "costOfRevenue": 3143000000,
    "grossProfit": 1669000000,
    "grossProfitRatio": 0.3468412303,
    "researchAndDevelopmentExpenses": 0,
    "generalAndAdministrativeExpenses": 0,
    "sellingAndMarketingExpenses": 0,
    "sellingGeneralAndAdministrativeExpenses": 835000000,
    "otherExpenses": 132000000,
    "operatingExpenses": 967000000,
    "costAndExpenses": 4110000000,
    "interestIncome": 30000000,
    "interestExpense": 9000000,
    "depreciationAndAmortization": 132000000,
    "ebitda": 879000000,
    "ebitdaratio": 0.1826683292,
    "operatingIncome": 702000000,
    "operatingIncomeRatio": 0.1458852868,
    "totalOtherIncomeExpensesNet": 36000000,
    "incomeBeforeTax": 738000000,
    "incomeBeforeTaxRatio": 0.1533665835,
    "incomeTaxExpense": 158000000,
    "netIncome": 580000000,
    "netIncomeRatio": 0.1205320033,
    "eps": 1.14,
    "epsdiluted": 1.14,
    "weightedAverageShsOut": 509000000,
    "weightedAverageShsOutDil": 509000000,
    "link": "https://www.sec.gov/Archives/edgar/data/1058290/000105829023000133/0001058290-23-000133-index.htm",
    "finalLink": "https://www.sec.gov/Archives/edgar/data/1058290/000105829023000133/ctsh-20230331.htm"
  },
  {
    "date": "2022-12-31",
    "symbol": "CTSH",
    "reportedCurrency": "USD",
    "cik": "0001058290",
    "fillingDate": "2023-02-15",
    "acceptedDate": "2023-02-15 16:54:55",
    "calendarYear": "2022",
    "period": "Q4",
    "revenue": 4839000000,
    "costOfRevenue": 3152000000,
    "grossProfit": 1687000000,
    "grossProfitRatio": 0.3486257491,
    "researchAndDevelopmentExpenses": 0,
    "generalAndAdministrativeExpenses": 0,
    "sellingAndMarketingExpenses": 0,
    "sellingGeneralAndAdministrativeExpenses": 860000000,
    "otherExpenses": 141000000,
    "operatingExpenses": 1001000000,
    "costAndExpenses": 4153000000,
    "interestIncome": 27000000,
    "interestExpense": 8000000,
    "depreciationAndAmortization": 141000000,
    "ebitda": 863000000,
    "ebitdaratio": 0.1783426328,
    "operatingIncome": 686000000,
    "operatingIncomeRatio": 0.1417648274,
    "totalOtherIncomeExpensesNet": 28000000,
    "incomeBeforeTax": 714000000,
    "incomeBeforeTaxRatio": 0.1475511469,
    "incomeTaxExpense": 193000000,
    "netIncome": 521000000,
    "netIncomeRatio": 0.1076668733,
    "eps": 1.02,
    "epsdiluted": 1.02,
    "weightedAverageShsOut": 512000000,
    "weightedAverageShsOutDil": 513000000,
    "link": "https://www.sec.gov/Archives/edgar/data/1058290/000105829023000027/0001058290-23-000027-index.htm",
    "finalLink": "https://www.sec.gov/Archives/edgar/data/1058290/000105829023000027/ctsh-20221231.htm"
  },
  {
    "date": "2022-09-30",
    "symbol": "CTSH",
    "reportedCurrency": "USD",
    "cik": "0001058290",
    "fillingDate": "2022-11-03",
    "acceptedDate": "2022-11-02 17:44:22",
    "calendarYear": "2022",
    "period": "Q3",
    "revenue": 4857000000,
    "costOfRevenue": 3080000000,
    "grossProfit": 1777000000,
    "grossProfitRatio": 0.3658637019,
    "researchAndDevelopmentExpenses": 0,
    "generalAndAdministrativeExpenses": 0,
    "sellingAndMarketingExpenses": 0,
    "sellingGeneralAndAdministrativeExpenses": 838000000,
    "otherExpenses": 141000000,
    "operatingExpenses": 979000000,
    "costAndExpenses": 4059000000,
    "interestIncome": 17000000,
    "interestExpense": 6000000,
    "depreciationAndAmortization": 141000000,
    "ebitda": 939000000,
    "ebitdaratio": 0.1933292156,
    "operatingIncome": 798000000,
    "operatingIncomeRatio": 0.16429895,
    "totalOtherIncomeExpensesNet": 14000000,
    "incomeBeforeTax": 812000000,
    "incomeBeforeTaxRatio": 0.1671813877,
    "incomeTaxExpense": 183000000,
    "netIncome": 629000000,
    "netIncomeRatio": 0.1295038089,
    "eps": 1.22,
    "epsdiluted": 1.22,
    "weightedAverageShsOut": 516000000,
    "weightedAverageShsOutDil": 517000000,
    "link": "https://www.sec.gov/Archives/edgar/data/1058290/000105829022000321/0001058290-22-000321-index.htm",
    "finalLink": "https://www.sec.gov/Archives/edgar/data/1058290/000105829022000321/ctsh-20220930.htm"
  },
  {
    "date": "2022-06-30",
    "symbol": "CTSH",
    "reportedCurrency": "USD",
    "cik": "0001058290",
    "fillingDate": "2022-07-28",
    "acceptedDate": "2022-07-27 17:50:25",
    "calendarYear": "2022",
    "period": "Q2",
    "revenue": 4906000000,
    "costOfRevenue": 3119000000,
    "grossProfit": 1787000000,
    "grossProfitRatio": 0.3642478598,
    "researchAndDevelopmentExpenses": 0,
    "generalAndAdministrativeExpenses": 0,
    "sellingAndMarketingExpenses": 0,
    "sellingGeneralAndAdministrativeExpenses": 883000000,
    "otherExpenses": 144000000,
    "operatingExpenses": 1027000000,
    "costAndExpenses": 4146000000,
    "interestIncome": 9000000,
    "interestExpense": 3000000,
    "depreciationAndAmortization": 144000000,
    "ebitda": 904000000,
    "ebitdaratio": 0.1842641663,
    "operatingIncome": 760000000,
    "operatingIncomeRatio": 0.1549123522,
    "totalOtherIncomeExpensesNet": 1000000,
    "incomeBeforeTax": 761000000,
    "incomeBeforeTaxRatio": 0.1551161843,
    "incomeTaxExpense": 184000000,
    "netIncome": 577000000,
    "netIncomeRatio": 0.1176110885,
    "eps": 1.11,
    "epsdiluted": 1.11,
    "weightedAverageShsOut": 520000000,
    "weightedAverageShsOutDil": 521000000,
    "link": "https://www.sec.gov/Archives/edgar/data/1058290/000105829022000241/0001058290-22-000241-index.htm",
    "finalLink": "https://www.sec.gov/Archives/edgar/data/1058290/000105829022000241/ctsh-20220630.htm"
  },
  {
    "date": "2022-03-31",
    "symbol": "CTSH",
    "reportedCurrency": "USD",
    "cik": "0001058290",
    "fillingDate": "2022-05-05",
    "acceptedDate": "2022-05-04 17:37:06",
    "calendarYear": "2022",
    "period": "Q1",
    "revenue": 4826000000,
    "costOfRevenue": 3097000000,
    "grossProfit": 1729000000,
    "grossProfitRatio": 0.3582677165,
    "researchAndDevelopmentExpenses": 0,
    "generalAndAdministrativeExpenses": 0,
    "sellingAndMarketingExpenses": 0,
    "sellingGeneralAndAdministrativeExpenses": 862000000,
    "otherExpenses": 143000000,
    "operatingExpenses": 1005000000,
    "costAndExpenses": 4102000000,
    "interestIncome": 6000000,
    "interestExpense": 2000000,
    "depreciationAndAmortization": 143000000,
    "ebitda": 874000000,
    "ebitdaratio": 0.1811023622,
    "operatingIncome": 724000000,
    "operatingIncomeRatio": 0.1500207211,
    "totalOtherIncomeExpensesNet": 5000000,
    "incomeBeforeTax": 729000000,
    "incomeBeforeTaxRatio": 0.1510567758,
    "incomeTaxExpense": 170000000,
    "netIncome": 563000000,
    "netIncomeRatio": 0.1166597596,
    "eps": 1.07,
    "epsdiluted": 1.07,
    "weightedAverageShsOut": 524000000,
    "weightedAverageShsOutDil": 525000000,
    "link": "https://www.sec.gov/Archives/edgar/data/1058290/000105829022000113/0001058290-22-000113-index.htm",
    "finalLink": "https://www.sec.gov/Archives/edgar/data/1058290/000105829022000113/ctsh-20220331.htm"
  },
  {
    "date": "2021-12-31",
    "symbol": "CTSH",
    "reportedCurrency": "USD",
    "cik": "0001058290",
    "fillingDate": "2022-02-16",
    "acceptedDate": "2022-02-16 16:12:38",
    "calendarYear": "2021",
    "period": "Q4",
    "revenue": 4777000000,
    "costOfRevenue": 3030000000,
    "grossProfit": 1747000000,
    "grossProfitRatio": 0.3657106971,
    "researchAndDevelopmentExpenses": 0,
    "generalAndAdministrativeExpenses": 0,
    "sellingAndMarketingExpenses": 0,
    "sellingGeneralAndAdministrativeExpenses": 871000000,
    "otherExpenses": 1000000,
    "operatingExpenses": 1015000000,
    "costAndExpenses": 4045000000,
    "interestIncome": 7000000,
    "interestExpense": 2000000,
    "depreciationAndAmortization": 144000000,
    "ebitda": 883000000,
    "ebitdaratio": 0.1848440444,
    "operatingIncome": 732000000,
    "operatingIncomeRatio": 0.1532342474,
    "totalOtherIncomeExpensesNet": 5000000,
    "incomeBeforeTax": 737000000,
    "incomeBeforeTaxRatio": 0.1542809295,
    "incomeTaxExpense": 162000000,
    "netIncome": 576000000,
    "netIncomeRatio": 0.1205777685,
    "eps": 1.1,
    "epsdiluted": 1.1,
    "weightedAverageShsOut": 525000000,
    "weightedAverageShsOutDil": 526000000,
    "link": "https://www.sec.gov/Archives/edgar/data/1058290/000105829022000023/0001058290-22-000023-index.htm",
    "finalLink": "https://www.sec.gov/Archives/edgar/data/1058290/000105829022000023/ctsh-20211231.htm"
  },
  {
    "date": "2021-09-30",
    "symbol": "CTSH",
    "reportedCurrency": "USD",
    "cik": "0001058290",
    "fillingDate": "2021-10-28",
    "acceptedDate": "2021-10-27 17:38:12",
    "calendarYear": "2021",
    "period": "Q3",
    "revenue": 4744000000,
    "costOfRevenue": 2947000000,
    "grossProfit": 1797000000,
    "grossProfitRatio": 0.3787942664,
    "researchAndDevelopmentExpenses": 0,
    "generalAndAdministrativeExpenses": 0,
    "sellingAndMarketingExpenses": 0,
    "sellingGeneralAndAdministrativeExpenses": 924000000,
    "otherExpenses": 1000000,
    "operatingExpenses": 1068000000,
    "costAndExpenses": 4015000000,
    "interestIncome": 7000000,
    "interestExpense": 3000000,
    "depreciationAndAmortization": 144000000,
    "ebitda": 873000000,
    "ebitdaratio": 0.1840219224,
    "operatingIncome": 729000000,
    "operatingIncomeRatio": 0.1536677909,
    "totalOtherIncomeExpensesNet": 2000000,
    "incomeBeforeTax": 731000000,
    "incomeBeforeTaxRatio": 0.1540893761,
    "incomeTaxExpense": 187000000,
    "netIncome": 544000000,
    "netIncomeRatio": 0.1146711636,
    "eps": 1.04,
    "epsdiluted": 1.03,
    "weightedAverageShsOut": 525000000,
    "weightedAverageShsOutDil": 526000000,
    "link": "https://www.sec.gov/Archives/edgar/data/1058290/000105829021000279/0001058290-21-000279-index.htm",
    "finalLink": "https://www.sec.gov/Archives/edgar/data/1058290/000105829021000279/ctsh-20210930.htm"
  },
  {
    "date": "2021-06-30",
    "symbol": "CTSH",
    "reportedCurrency": "USD",
    "cik": "0001058290",
    "fillingDate": "2021-07-29",
    "acceptedDate": "2021-07-28 17:34:14",
    "calendarYear": "2021",
    "period": "Q2",
    "revenue": 4585000000,
    "costOfRevenue": 2863000000,
    "grossProfit": 1722000000,
    "grossProfitRatio": 0.3755725191,
    "researchAndDevelopmentExpenses": 0,
    "generalAndAdministrativeExpenses": 0,
    "sellingAndMarketingExpenses": 0,
    "sellingGeneralAndAdministrativeExpenses": 881000000,
    "otherExpenses": 145000000,
    "operatingExpenses": 1026000000,
    "costAndExpenses": 3889000000,
    "interestIncome": 7000000,
    "interestExpense": 2000000,
    "depreciationAndAmortization": 145000000,
    "ebitda": 841000000,
    "ebitdaratio": 0.1834242094,
    "operatingIncome": 696000000,
    "operatingIncomeRatio": 0.1517993457,
    "totalOtherIncomeExpensesNet": -2000000,
    "incomeBeforeTax": 694000000,
    "incomeBeforeTaxRatio": 0.1513631407,
    "incomeTaxExpense": 184000000,
    "netIncome": 512000000,
    "netIncomeRatio": 0.1116684842,
    "eps": 0.97,
    "epsdiluted": 0.97,
    "weightedAverageShsOut": 527000000,
    "weightedAverageShsOutDil": 528000000,
    "link": "https://www.sec.gov/Archives/edgar/data/1058290/000105829021000212/0001058290-21-000212-index.htm",
    "finalLink": "https://www.sec.gov/Archives/edgar/data/1058290/000105829021000212/ctsh-20210630.htm"
  },
  {
    "date": "2021-03-31",
    "symbol": "CTSH",
    "reportedCurrency": "USD",
    "cik": "0001058290",
    "fillingDate": "2021-05-06",
    "acceptedDate": "2021-05-05 17:44:38",
    "calendarYear": "2021",
    "period": "Q1",
    "revenue": 4401000000,
    "costOfRevenue": 2764000000,
    "grossProfit": 1637000000,
    "grossProfitRatio": 0.371960918,
    "researchAndDevelopmentExpenses": 0,
    "generalAndAdministrativeExpenses": 0,
    "sellingAndMarketingExpenses": 0,
    "sellingGeneralAndAdministrativeExpenses": 827000000,
    "otherExpenses": -2000000,
    "operatingExpenses": 968000000,
    "costAndExpenses": 3732000000,
    "interestIncome": 9000000,
    "interestExpense": 2000000,
    "depreciationAndAmortization": 141000000,
    "ebitda": 807000000,
    "ebitdaratio": 0.1833674165,
    "operatingIncome": -669000000,
    "operatingIncomeRatio": -0.1520109066,
    "totalOtherIncomeExpensesNet": -4000000,
    "incomeBeforeTax": 665000000,
    "incomeBeforeTaxRatio": 0.1511020223,
    "incomeTaxExpense": 160000000,
    "netIncome": 505000000,
    "netIncomeRatio": 0.1147466485,
    "eps": 0.95,
    "epsdiluted": 0.95,
    "weightedAverageShsOut": 530000000,
    "weightedAverageShsOutDil": 531000000,
    "link": "https://www.sec.gov/Archives/edgar/data/1058290/000105829021000103/0001058290-21-000103-index.htm",
    "finalLink": "https://www.sec.gov/Archives/edgar/data/1058290/000105829021000103/ctsh-20210331.htm"
  },
  {
    "date": "2020-12-31",
    "symbol": "CTSH",
    "reportedCurrency": "USD",
    "cik": "0001058290",
    "fillingDate": "2021-02-12",
    "acceptedDate": "2021-02-12 16:04:16",
    "calendarYear": "2020",
    "period": "Q4",
    "revenue": 4184000000,
    "costOfRevenue": 2662000000,
    "grossProfit": 1522000000,
    "grossProfitRatio": 0.3637667304,
    "researchAndDevelopmentExpenses": 0,
    "generalAndAdministrativeExpenses": 711000000,
    "sellingAndMarketingExpenses": 163000000,
    "sellingGeneralAndAdministrativeExpenses": 874000000,
    "otherExpenses": 2000000,
    "operatingExpenses": 1019000000,
    "costAndExpenses": 3681000000,
    "interestIncome": 14000000,
    "interestExpense": 3000000,
    "depreciationAndAmortization": 145000000,
    "ebitda": 622000000,
    "ebitdaratio": 0.1486615679,
    "operatingIncome": 465000000,
    "operatingIncomeRatio": 0.1111376673,
    "totalOtherIncomeExpensesNet": 2000000,
    "incomeBeforeTax": 467000000,
    "incomeBeforeTaxRatio": 0.1116156788,
    "incomeTaxExpense": 152000000,
    "netIncome": 316000000,
    "netIncomeRatio": 0.0755258126,
    "eps": 0.59,
    "epsdiluted": 0.59,
    "weightedAverageShsOut": 533000000,
    "weightedAverageShsOutDil": 534000000,
    "link": "https://www.sec.gov/Archives/edgar/data/1058290/000105829021000031/0001058290-21-000031-index.htm",
    "finalLink": "https://www.sec.gov/Archives/edgar/data/1058290/000105829021000031/ctsh-20201231.htm"
  },
  {
    "date": "2020-09-30",
    "symbol": "CTSH",
    "reportedCurrency": "USD",
    "cik": "0001058290",
    "fillingDate": "2020-10-29",
    "acceptedDate": "2020-10-28 18:09:10",
    "calendarYear": "2020",
    "period": "Q3",
    "revenue": 4243000000,
    "costOfRevenue": 2647000000,
    "grossProfit": 1596000000,
    "grossProfitRatio": 0.3761489512,
    "researchAndDevelopmentExpenses": 0,
    "generalAndAdministrativeExpenses": 0,
    "sellingAndMarketingExpenses": 0,
    "sellingGeneralAndAdministrativeExpenses": 804000000,
    "otherExpenses": 1000000,
    "operatingExpenses": 942000000,
    "costAndExpenses": 3589000000,
    "interestIncome": 27000000,
    "interestExpense": 6000000,
    "depreciationAndAmortization": 138000000,
    "ebitda": 768000000,
    "ebitdaratio": 0.1810040066,
    "operatingIncome": -603000000,
    "operatingIncomeRatio": -0.1421164271,
    "totalOtherIncomeExpensesNet": 21000000,
    "incomeBeforeTax": 624000000,
    "incomeBeforeTaxRatio": 0.1470657554,
    "incomeTaxExpense": 276000000,
    "netIncome": 348000000,
    "netIncomeRatio": 0.0820174405,
    "eps": 0.64,
    "epsdiluted": 0.64,
    "weightedAverageShsOut": 542000000,
    "weightedAverageShsOutDil": 543000000,
    "link": "https://www.sec.gov/Archives/edgar/data/1058290/000105829020000137/0001058290-20-000137-index.htm",
    "finalLink": "https://www.sec.gov/Archives/edgar/data/1058290/000105829020000137/ctsh-20200930.htm"
  },
  {
    "date": "2020-06-30",
    "symbol": "CTSH",
    "reportedCurrency": "USD",
    "cik": "0001058290",
    "fillingDate": "2020-07-30",
    "acceptedDate": "2020-07-29 18:06:29",
    "calendarYear": "2020",
    "period": "Q2",
    "revenue": 4000000000,
    "costOfRevenue": 2615000000,
    "grossProfit": 1385000000,
    "grossProfitRatio": 0.34625,
    "researchAndDevelopmentExpenses": 0,
    "generalAndAdministrativeExpenses": 0,
    "sellingAndMarketingExpenses": 0,
    "sellingGeneralAndAdministrativeExpenses": 711000000,
    "otherExpenses": 2000000,
    "operatingExpenses": 847000000,
    "costAndExpenses": 3462000000,
    "interestIncome": 37000000,
    "interestExpense": 9000000,
    "depreciationAndAmortization": 136000000,
    "ebitda": 640000000,
    "ebitdaratio": 0.16,
    "operatingIncome": 467000000,
    "operatingIncomeRatio": 0.11675,
    "totalOtherIncomeExpensesNet": 28000000,
    "incomeBeforeTax": 495000000,
    "incomeBeforeTaxRatio": 0.12375,
    "incomeTaxExpense": 134000000,
    "netIncome": 361000000,
    "netIncomeRatio": 0.09025,
    "eps": 0.67,
    "epsdiluted": 0.67,
    "weightedAverageShsOut": 541000000,
    "weightedAverageShsOutDil": 541000000,
    "link": "https://www.sec.gov/Archives/edgar/data/1058290/000105829020000048/0001058290-20-000048-index.htm",
    "finalLink": "https://www.sec.gov/Archives/edgar/data/1058290/000105829020000048/ctsh-20200630.htm"
  },
  {
    "date": "2020-03-31",
    "symbol": "CTSH",
    "reportedCurrency": "USD",
    "cik": "0001058290",
    "fillingDate": "2020-05-08",
    "acceptedDate": "2020-05-08 08:26:34",
    "calendarYear": "2020",
    "period": "Q1",
    "revenue": 4225000000,
    "costOfRevenue": 2747000000,
    "grossProfit": 1478000000,
    "grossProfitRatio": 0.3498224852,
    "researchAndDevelopmentExpenses": 0,
    "generalAndAdministrativeExpenses": 711000000,
    "sellingAndMarketingExpenses": 0,
    "sellingGeneralAndAdministrativeExpenses": 711000000,
    "otherExpenses": -2000000,
    "operatingExpenses": 844000000,
    "costAndExpenses": 3591000000,
    "interestIncome": 41000000,
    "interestExpense": 6000000,
    "depreciationAndAmortization": 133000000,
    "ebitda": 649000000,
    "ebitdaratio": 0.1536094675,
    "operatingIncome": 579000000,
    "operatingIncomeRatio": 0.1370414201,
    "totalOtherIncomeExpensesNet": -69000000,
    "incomeBeforeTax": 510000000,
    "incomeBeforeTaxRatio": 0.1207100592,
    "incomeTaxExpense": 142000000,
    "netIncome": 367000000,
    "netIncomeRatio": 0.0868639053,
    "eps": 0.67,
    "epsdiluted": 0.67,
    "weightedAverageShsOut": 546000000,
    "weightedAverageShsOutDil": 546000000,
    "link": "https://www.sec.gov/Archives/edgar/data/1058290/000105829020000033/0001058290-20-000033-index.htm",
    "finalLink": "https://www.sec.gov/Archives/edgar/data/1058290/000105829020000033/ctsh-20200331.htm"
  },
  {
    "date": "2019-12-31",
    "symbol": "CTSH",
    "reportedCurrency": "USD",
    "cik": "0001058290",
    "fillingDate": "2020-02-14",
    "acceptedDate": "2020-02-14 09:28:06",
    "calendarYear": "2019",
    "period": "Q4",
    "revenue": 4284000000,
    "costOfRevenue": 2749000000,
    "grossProfit": 1535000000,
    "grossProfitRatio": 0.3583099907,
    "researchAndDevelopmentExpenses": 0,
    "generalAndAdministrativeExpenses": 560000000,
    "sellingAndMarketingExpenses": 116000000,
    "sellingGeneralAndAdministrativeExpenses": 676000000,
    "otherExpenses": 2000000,
    "operatingExpenses": 808000000,
    "costAndExpenses": 3557000000,
    "interestIncome": 40000000,
    "interestExpense": 6000000,
    "depreciationAndAmortization": 132000000,
    "ebitda": 783000000,
    "ebitdaratio": 0.1827731092,
    "operatingIncome": 626000000,
    "operatingIncomeRatio": 0.1461251167,
    "totalOtherIncomeExpensesNet": 0,
    "incomeBeforeTax": 626000000,
    "incomeBeforeTaxRatio": 0.1461251167,
    "incomeTaxExpense": 174000000,
    "netIncome": 395000000,
    "netIncomeRatio": 0.0922035481,
    "eps": 0.72,
    "epsdiluted": 0.72,
    "weightedAverageShsOut": 547000000,
    "weightedAverageShsOutDil": 548000000,
    "link": "https://www.sec.gov/Archives/edgar/data/1058290/000105829020000008/0001058290-20-000008-index.htm",
    "finalLink": "https://www.sec.gov/Archives/edgar/data/1058290/000105829020000008/ctsh20191231-10k.htm"
  },
  {
    "date": "2019-09-30",
    "symbol": "CTSH",
    "reportedCurrency": "USD",
    "cik": "0001058290",
    "fillingDate": "2019-10-31",
    "acceptedDate": "2019-10-31 16:04:31",
    "calendarYear": "2019",
    "period": "Q3",
    "revenue": 4248000000,
    "costOfRevenue": 2681000000,
    "grossProfit": 1567000000,
    "grossProfitRatio": 0.3688794727,
    "researchAndDevelopmentExpenses": 0,
    "generalAndAdministrativeExpenses": 771000000,
    "sellingAndMarketingExpenses": 0,
    "sellingGeneralAndAdministrativeExpenses": 771000000,
    "otherExpenses": 127000000,
    "operatingExpenses": 898000000,
    "costAndExpenses": 3579000000,
    "interestIncome": 43000000,
    "interestExpense": 7000000,
    "depreciationAndAmortization": 127000000,
    "ebitda": 861000000,
    "ebitdaratio": 0.2026836158,
    "operatingIncome": 669000000,
    "operatingIncomeRatio": 0.1574858757,
    "totalOtherIncomeExpensesNet": -11000000,
    "incomeBeforeTax": 658000000,
    "incomeBeforeTaxRatio": 0.1548964218,
    "incomeTaxExpense": 160000000,
    "netIncome": 497000000,
    "netIncomeRatio": 0.1169962335,
    "eps": 0.9,
    "epsdiluted": 0.9,
    "weightedAverageShsOut": 551000000,
    "weightedAverageShsOutDil": 551000000,
    "link": "https://www.sec.gov/Archives/edgar/data/1058290/000105829019000036/0001058290-19-000036-index.htm",
    "finalLink": "https://www.sec.gov/Archives/edgar/data/1058290/000105829019000036/ctsh2019930-10q.htm"
  },
  {
    "date": "2019-06-30",
    "symbol": "CTSH",
    "reportedCurrency": "USD",
    "cik": "0001058290",
    "fillingDate": "2019-08-01",
    "acceptedDate": "2019-08-01 16:03:58",
    "calendarYear": "2019",
    "period": "Q2",
    "revenue": 4141000000,
    "costOfRevenue": 2629000000,
    "grossProfit": 1512000000,
    "grossProfitRatio": 0.3651291958,
    "researchAndDevelopmentExpenses": 0,
    "generalAndAdministrativeExpenses": 768000000,
    "sellingAndMarketingExpenses": 0,
    "sellingGeneralAndAdministrativeExpenses": 768000000,
    "otherExpenses": 2000000,
    "operatingExpenses": 893000000,
    "costAndExpenses": 3522000000,
    "interestIncome": 45000000,
    "interestExpense": 6000000,
    "depreciationAndAmortization": 125000000,
    "ebitda": 807000000,
    "ebitdaratio": 0.1948804637,
    "operatingIncome": 619000000,
    "operatingIncomeRatio": 0.1494808017,
    "totalOtherIncomeExpensesNet": 57000000,
    "incomeBeforeTax": 676000000,
    "incomeBeforeTaxRatio": 0.1632455929,
    "incomeTaxExpense": 167000000,
    "netIncome": 509000000,
    "netIncomeRatio": 0.1229171698,
    "eps": 0.9,
    "epsdiluted": 0.9,
    "weightedAverageShsOut": 564000000,
    "weightedAverageShsOutDil": 564000000,
    "link": "https://www.sec.gov/Archives/edgar/data/1058290/000105829019000026/0001058290-19-000026-index.htm",
    "finalLink": "https://www.sec.gov/Archives/edgar/data/1058290/000105829019000026/ctsh2019630-10q.htm"
  },
  {
    "date": "2019-03-31",
    "symbol": "CTSH",
    "reportedCurrency": "USD",
    "cik": "0001058290",
    "fillingDate": "2019-05-03",
    "acceptedDate": "2019-05-03 16:17:07",
    "calendarYear": "2019",
    "period": "Q1",
    "revenue": 4110000000,
    "costOfRevenue": 2575000000,
    "grossProfit": 1535000000,
    "grossProfitRatio": 0.3734793187,
    "researchAndDevelopmentExpenses": 0,
    "generalAndAdministrativeExpenses": 873000000,
    "sellingAndMarketingExpenses": 0,
    "sellingGeneralAndAdministrativeExpenses": 873000000,
    "otherExpenses": 1000000,
    "operatingExpenses": 996000000,
    "costAndExpenses": 3571000000,
    "interestIncome": 48000000,
    "interestExpense": 7000000,
    "depreciationAndAmortization": 123000000,
    "ebitda": 713000000,
    "ebitdaratio": 0.1734793187,
    "operatingIncome": 539000000,
    "operatingIncomeRatio": 0.1311435523,
    "totalOtherIncomeExpensesNet": 44000000,
    "incomeBeforeTax": 583000000,
    "incomeBeforeTaxRatio": 0.1418491484,
    "incomeTaxExpense": 142000000,
    "netIncome": 441000000,
    "netIncomeRatio": 0.1072992701,
    "eps": 0.77,
    "epsdiluted": 0.77,
    "weightedAverageShsOut": 573000000,
    "weightedAverageShsOutDil": 575000000,
    "link": "https://www.sec.gov/Archives/edgar/data/1058290/000105829019000017/0001058290-19-000017-index.htm",
    "finalLink": "https://www.sec.gov/Archives/edgar/data/1058290/000105829019000017/ctsh2019331-10q.htm"
  },
  {
    "date": "2018-12-31",
    "symbol": "CTSH",
    "reportedCurrency": "USD",
    "cik": "0001058290",
    "fillingDate": "2019-02-19",
    "acceptedDate": "2019-02-19 13:47:51",
    "calendarYear": "2018",
    "period": "Q4",
    "revenue": 4129000000,
    "costOfRevenue": 2540000000,
    "grossProfit": 1589000000,
    "grossProfitRatio": 0.3848389441,
    "researchAndDevelopmentExpenses": 0,
    "generalAndAdministrativeExpenses": 776000000,
    "sellingAndMarketingExpenses": 0,
    "sellingGeneralAndAdministrativeExpenses": 776000000,
    "otherExpenses": 120000000,
    "operatingExpenses": 896000000,
    "costAndExpenses": 3436000000,
    "interestIncome": 49000000,
    "interestExpense": 8000000,
    "depreciationAndAmortization": 120000000,
    "ebitda": 817000000,
    "ebitdaratio": 0.1978687333,
    "operatingIncome": 693000000,
    "operatingIncomeRatio": 0.1678372487,
    "totalOtherIncomeExpensesNet": 122000000,
    "incomeBeforeTax": 815000000,
    "incomeBeforeTaxRatio": 0.1973843546,
    "incomeTaxExpense": 168000000,
    "netIncome": 648000000,
    "netIncomeRatio": 0.1569387261,
    "eps": 1.12,
    "epsdiluted": 1.12,
    "weightedAverageShsOut": 578000000,
    "weightedAverageShsOutDil": 579000000,
    "link": "https://www.sec.gov/Archives/edgar/data/1058290/000105829019000009/0001058290-19-000009-index.htm",
    "finalLink": "https://www.sec.gov/Archives/edgar/data/1058290/000105829019000009/ctsh20181231-10k.htm"
  },
  {
    "date": "2018-09-30",
    "symbol": "CTSH",
    "reportedCurrency": "USD",
    "cik": "0001058290",
    "fillingDate": "2018-10-30",
    "acceptedDate": "2018-10-30 16:25:26",
    "calendarYear": "2018",
    "period": "Q3",
    "revenue": 4078000000,
    "costOfRevenue": 2480000000,
    "grossProfit": 1598000000,
    "grossProfitRatio": 0.3918587543,
    "researchAndDevelopmentExpenses": 0,
    "generalAndAdministrativeExpenses": 734000000,
    "sellingAndMarketingExpenses": 0,
    "sellingGeneralAndAdministrativeExpenses": 734000000,
    "otherExpenses": -2000000,
    "operatingExpenses": 853000000,
    "costAndExpenses": 3333000000,
    "interestIncome": 47000000,
    "interestExpense": 6000000,
    "depreciationAndAmortization": 127000000,
    "ebitda": 883000000,
    "ebitdaratio": 0.2165277097,
    "operatingIncome": 745000000,
    "operatingIncomeRatio": 0.182687592,
    "totalOtherIncomeExpensesNet": -83000000,
    "incomeBeforeTax": 662000000,
    "incomeBeforeTaxRatio": 0.1623344777,
    "incomeTaxExpense": 185000000,
    "netIncome": 477000000,
    "netIncomeRatio": 0.1169691025,
    "eps": 0.82,
    "epsdiluted": 0.82,
    "weightedAverageShsOut": 579000000,
    "weightedAverageShsOutDil": 580000000,
    "link": "https://www.sec.gov/Archives/edgar/data/1058290/000105829018000042/0001058290-18-000042-index.htm",
    "finalLink": "https://www.sec.gov/Archives/edgar/data/1058290/000105829018000042/ctsh2018930-10q.htm"
  },
  {
    "date": "2018-06-30",
    "symbol": "CTSH",
    "reportedCurrency": "USD",
    "cik": "0001058290",
    "fillingDate": "2018-08-02",
    "acceptedDate": "2018-08-02 16:59:53",
    "calendarYear": "2018",
    "period": "Q2",
    "revenue": 4006000000,
    "costOfRevenue": 2417000000,
    "grossProfit": 1589000000,
    "grossProfitRatio": 0.3966550175,
    "researchAndDevelopmentExpenses": 0,
    "generalAndAdministrativeExpenses": 805000000,
    "sellingAndMarketingExpenses": 0,
    "sellingGeneralAndAdministrativeExpenses": 805000000,
    "otherExpenses": 114000000,
    "operatingExpenses": 919000000,
    "costAndExpenses": 3336000000,
    "interestIncome": 40000000,
    "interestExpense": 7000000,
    "depreciationAndAmortization": 123000000,
    "ebitda": 833000000,
    "ebitdaratio": 0.2079380929,
    "operatingIncome": 670000000,
    "operatingIncomeRatio": 0.1672491263,
    "totalOtherIncomeExpensesNet": -47000000,
    "incomeBeforeTax": 623000000,
    "incomeBeforeTaxRatio": 0.1555167249,
    "incomeTaxExpense": 168000000,
    "netIncome": 456000000,
    "netIncomeRatio": 0.1138292561,
    "eps": 0.78,
    "epsdiluted": 0.78,
    "weightedAverageShsOut": 585000000,
    "weightedAverageShsOutDil": 586000000,
    "link": "https://www.sec.gov/Archives/edgar/data/1058290/000105829018000028/0001058290-18-000028-index.htm",
    "finalLink": "https://www.sec.gov/Archives/edgar/data/1058290/000105829018000028/ctsh2018630-10q.htm"
  },
  {
    "date": "2018-03-31",
    "symbol": "CTSH",
    "reportedCurrency": "USD",
    "cik": "0001058290",
    "fillingDate": "2018-05-07",
    "acceptedDate": "2018-05-07 16:47:41",
    "calendarYear": "2018",
    "period": "Q1",
    "revenue": 3912000000,
    "costOfRevenue": 2401000000,
    "grossProfit": 1511000000,
    "grossProfitRatio": 0.3862474438,
    "researchAndDevelopmentExpenses": 0,
    "generalAndAdministrativeExpenses": 711000000,
    "sellingAndMarketingExpenses": 0,
    "sellingGeneralAndAdministrativeExpenses": 711000000,
    "otherExpenses": 107000000,
    "operatingExpenses": 818000000,
    "costAndExpenses": 3219000000,
    "interestIncome": 41000000,
    "interestExpense": 6000000,
    "depreciationAndAmortization": 117000000,
    "ebitda": 811000000,
    "ebitdaratio": 0.2073108384,
    "operatingIncome": 693000000,
    "operatingIncomeRatio": 0.1771472393,
    "totalOtherIncomeExpensesNet": 4000000,
    "incomeBeforeTax": 697000000,
    "incomeBeforeTaxRatio": 0.1781697342,
    "incomeTaxExpense": 177000000,
    "netIncome": 520000000,
    "netIncomeRatio": 0.1329243354,
    "eps": 0.89,
    "epsdiluted": 0.88,
    "weightedAverageShsOut": 587000000,
    "weightedAverageShsOutDil": 589000000,
    "link": "https://www.sec.gov/Archives/edgar/data/1058290/000105829018000015/0001058290-18-000015-index.htm",
    "finalLink": "https://www.sec.gov/Archives/edgar/data/1058290/000105829018000015/ctsh2018331-10q.htm"
  },
  {
    "date": "2017-12-31",
    "symbol": "CTSH",
    "reportedCurrency": "USD",
    "cik": "0001058290",
    "fillingDate": "2018-02-27",
    "acceptedDate": "2018-02-27 16:38:47",
    "calendarYear": "2017",
    "period": "Q4",
    "revenue": 3828000000,
    "costOfRevenue": 2360000000,
    "grossProfit": 1468000000,
    "grossProfitRatio": 0.3834900731,
    "researchAndDevelopmentExpenses": 0,
    "generalAndAdministrativeExpenses": 700000000,
    "sellingAndMarketingExpenses": 0,
    "sellingGeneralAndAdministrativeExpenses": 700000000,
    "otherExpenses": -1000000,
    "operatingExpenses": 811000000,
    "costAndExpenses": 3171000000,
    "interestIncome": 36000000,
    "interestExpense": 5000000,
    "depreciationAndAmortization": 111000000,
    "ebitda": 829000000,
    "ebitdaratio": 0.2165621735,
    "operatingIncome": 657000000,
    "operatingIncomeRatio": 0.171630094,
    "totalOtherIncomeExpensesNet": 56000000,
    "incomeBeforeTax": 713000000,
    "incomeBeforeTaxRatio": 0.1862591432,
    "incomeTaxExpense": 732000000,
    "netIncome": -18000000,
    "netIncomeRatio": -0.0047021944,
    "eps": -0.0306,
    "epsdiluted": -0.0306,
    "weightedAverageShsOut": 589000000,
    "weightedAverageShsOutDil": 589000000,
    "link": "https://www.sec.gov/Archives/edgar/data/1058290/000105829018000009/0001058290-18-000009-index.htm",
    "finalLink": "https://www.sec.gov/Archives/edgar/data/1058290/000105829018000009/ctsh20171231-10k.htm"
  },
  {
    "date": "2017-09-30",
    "symbol": "CTSH",
    "reportedCurrency": "USD",
    "cik": "0001058290",
    "fillingDate": "2017-11-01",
    "acceptedDate": "2017-11-01 16:51:15",
    "calendarYear": "2017",
    "period": "Q3",
    "revenue": 3766000000,
    "costOfRevenue": 2337000000,
    "grossProfit": 1429000000,
    "grossProfitRatio": 0.3794476899,
    "researchAndDevelopmentExpenses": 0,
    "generalAndAdministrativeExpenses": 674000000,
    "sellingAndMarketingExpenses": 0,
    "sellingGeneralAndAdministrativeExpenses": 674000000,
    "otherExpenses": -2000000,
    "operatingExpenses": 781000000,
    "costAndExpenses": 3118000000,
    "interestIncome": 34000000,
    "interestExpense": 6000000,
    "depreciationAndAmortization": 114000000,
    "ebitda": 790000000,
    "ebitdaratio": 0.209771641,
    "operatingIncome": 648000000,
    "operatingIncomeRatio": 0.1720658524,
    "totalOtherIncomeExpensesNet": 10000000,
    "incomeBeforeTax": 658000000,
    "incomeBeforeTaxRatio": 0.1747211896,
    "incomeTaxExpense": 164000000,
    "netIncome": 495000000,
    "netIncomeRatio": 0.1314391928,
    "eps": 0.84,
    "epsdiluted": 0.84,
    "weightedAverageShsOut": 590000000,
    "weightedAverageShsOutDil": 592000000,
    "link": "https://www.sec.gov/Archives/edgar/data/1058290/000105829017000044/0001058290-17-000044-index.htm",
    "finalLink": "https://www.sec.gov/Archives/edgar/data/1058290/000105829017000044/ctsh2017930-10q.htm"
  },
  {
    "date": "2017-06-30",
    "symbol": "CTSH",
    "reportedCurrency": "USD",
    "cik": "0001058290",
    "fillingDate": "2017-08-03",
    "acceptedDate": "2017-08-03 16:58:00",
    "calendarYear": "2017",
    "period": "Q2",
    "revenue": 3670000000,
    "costOfRevenue": 2261000000,
    "grossProfit": 1409000000,
    "grossProfitRatio": 0.3839237057,
    "researchAndDevelopmentExpenses": 0,
    "generalAndAdministrativeExpenses": 709000000,
    "sellingAndMarketingExpenses": 0,
    "sellingGeneralAndAdministrativeExpenses": 709000000,
    "otherExpenses": -1000000,
    "operatingExpenses": 803000000,
    "costAndExpenses": 3064000000,
    "interestIncome": 31000000,
    "interestExpense": 6000000,
    "depreciationAndAmortization": 103000000,
    "ebitda": 748000000,
    "ebitdaratio": 0.2038147139,
    "operatingIncome": 606000000,
    "operatingIncomeRatio": 0.1651226158,
    "totalOtherIncomeExpensesNet": 29000000,
    "incomeBeforeTax": 635000000,
    "incomeBeforeTaxRatio": 0.1730245232,
    "incomeTaxExpense": 165000000,
    "netIncome": 470000000,
    "netIncomeRatio": 0.1280653951,
    "eps": 0.8,
    "epsdiluted": 0.8,
    "weightedAverageShsOut": 589000000,
    "weightedAverageShsOutDil": 591000000,
    "link": "https://www.sec.gov/Archives/edgar/data/1058290/000105829017000029/0001058290-17-000029-index.htm",
    "finalLink": "https://www.sec.gov/Archives/edgar/data/1058290/000105829017000029/ctsh2017630-10q.htm"
  },
  {
    "date": "2017-03-31",
    "symbol": "CTSH",
    "reportedCurrency": "USD",
    "cik": "0001058290",
    "fillingDate": "2017-05-05",
    "acceptedDate": "2017-05-05 16:35:37",
    "calendarYear": "2017",
    "period": "Q1",
    "revenue": 3546000000,
    "costOfRevenue": 2194000000,
    "grossProfit": 1352000000,
    "grossProfitRatio": 0.3812746757,
    "researchAndDevelopmentExpenses": 0,
    "generalAndAdministrativeExpenses": 686000000,
    "sellingAndMarketingExpenses": 0,
    "sellingGeneralAndAdministrativeExpenses": 686000000,
    "otherExpenses": 1000000,
    "operatingExpenses": 782000000,
    "costAndExpenses": 2976000000,
    "interestIncome": 32000000,
    "interestExpense": 6000000,
    "depreciationAndAmortization": 104000000,
    "ebitda": 685000000,
    "ebitdaratio": 0.1931754089,
    "operatingIncome": 570000000,
    "operatingIncomeRatio": 0.1607445008,
    "totalOtherIncomeExpensesNet": 79000000,
    "incomeBeforeTax": 649000000,
    "incomeBeforeTaxRatio": 0.1830231246,
    "incomeTaxExpense": 92000000,
    "netIncome": 557000000,
    "netIncomeRatio": 0.1570783982,
    "eps": 0.92,
    "epsdiluted": 0.92,
    "weightedAverageShsOut": 605000000,
    "weightedAverageShsOutDil": 607000000,
    "link": "https://www.sec.gov/Archives/edgar/data/1058290/000105829017000020/0001058290-17-000020-index.htm",
    "finalLink": "https://www.sec.gov/Archives/edgar/data/1058290/000105829017000020/ctsh2017331-10q.htm"
  },
  {
    "date": "2016-12-31",
    "symbol": "CTSH",
    "reportedCurrency": "USD",
    "cik": "0001058290",
    "fillingDate": "2017-03-01",
    "acceptedDate": "2017-03-01 07:31:55",
    "calendarYear": "2016",
    "period": "Q4",
    "revenue": 3462000000,
    "costOfRevenue": 2078000000,
    "grossProfit": 1384000000,
    "grossProfitRatio": 0.3997689197,
    "researchAndDevelopmentExpenses": 0,
    "generalAndAdministrativeExpenses": 730400000,
    "sellingAndMarketingExpenses": -400000,
    "sellingGeneralAndAdministrativeExpenses": 730000000,
    "otherExpenses": 300000,
    "operatingExpenses": 823000000,
    "costAndExpenses": 2901000000,
    "interestIncome": 29000000,
    "interestExpense": 4000000,
    "depreciationAndAmortization": 93000000,
    "ebitda": 669100000,
    "ebitdaratio": 0.1932697863,
    "operatingIncome": 561000000,
    "operatingIncomeRatio": 0.1620450607,
    "totalOtherIncomeExpensesNet": -1000000,
    "incomeBeforeTax": 560000000,
    "incomeBeforeTaxRatio": 0.1617562103,
    "incomeTaxExpense": 144000000,
    "netIncome": 416000000,
    "netIncomeRatio": 0.1201617562,
    "eps": 0.69,
    "epsdiluted": 0.68,
    "weightedAverageShsOut": 607000000,
    "weightedAverageShsOutDil": 609000000,
    "link": "https://www.sec.gov/Archives/edgar/data/1058290/000105829017000008/0001058290-17-000008-index.htm",
    "finalLink": "https://www.sec.gov/Archives/edgar/data/1058290/000105829017000008/ctsh20161231-10k.htm"
  },
  {
    "date": "2016-09-30",
    "symbol": "CTSH",
    "reportedCurrency": "USD",
    "cik": "0001058290",
    "fillingDate": "2016-11-07",
    "acceptedDate": "2016-11-07 06:04:58",
    "calendarYear": "2016",
    "period": "Q3",
    "revenue": 3453200000,
    "costOfRevenue": 2077400000,
    "grossProfit": 1375800000,
    "grossProfitRatio": 0.3984130661,
    "researchAndDevelopmentExpenses": 0,
    "generalAndAdministrativeExpenses": 700500000,
    "sellingAndMarketingExpenses": 0,
    "sellingGeneralAndAdministrativeExpenses": 700500000,
    "otherExpenses": 300000,
    "operatingExpenses": 792400000,
    "costAndExpenses": 2869800000,
    "interestIncome": 27000000,
    "interestExpense": 5000000,
    "depreciationAndAmortization": 97800000,
    "ebitda": 715600000,
    "ebitdaratio": 0.2072280783,
    "operatingIncome": 583400000,
    "operatingIncomeRatio": 0.1689447469,
    "totalOtherIncomeExpensesNet": 29900000,
    "incomeBeforeTax": 612900000,
    "incomeBeforeTaxRatio": 0.1774875478,
    "incomeTaxExpense": 168900000,
    "netIncome": 444400000,
    "netIncomeRatio": 0.1286922275,
    "eps": 0.73,
    "epsdiluted": 0.73,
    "weightedAverageShsOut": 606000000,
    "weightedAverageShsOutDil": 609000000,
    "link": "https://www.sec.gov/Archives/edgar/data/1058290/000105829016000076/0001058290-16-000076-index.htm",
    "finalLink": "https://www.sec.gov/Archives/edgar/data/1058290/000105829016000076/ctsh2016930-10q.htm"
  },
  {
    "date": "2016-06-30",
    "symbol": "CTSH",
    "reportedCurrency": "USD",
    "cik": "0001058290",
    "fillingDate": "2016-08-05",
    "acceptedDate": "2016-08-05 16:46:56",
    "calendarYear": "2016",
    "period": "Q2",
    "revenue": 3369900000,
    "costOfRevenue": 2037700000,
    "grossProfit": 1332200000,
    "grossProfitRatio": 0.3953233034,
    "researchAndDevelopmentExpenses": 0,
    "generalAndAdministrativeExpenses": 653900000,
    "sellingAndMarketingExpenses": 0,
    "sellingGeneralAndAdministrativeExpenses": 653900000,
    "otherExpenses": 900000,
    "operatingExpenses": 741300000,
    "costAndExpenses": 2779000000,
    "interestIncome": 27600000,
    "interestExpense": 4600000,
    "depreciationAndAmortization": 87400000,
    "ebitda": 684000000,
    "ebitdaratio": 0.202973382,
    "operatingIncome": 590900000,
    "operatingIncomeRatio": 0.1753464494,
    "totalOtherIncomeExpensesNet": 3600000,
    "incomeBeforeTax": 594600000,
    "incomeBeforeTaxRatio": 0.1764444049,
    "incomeTaxExpense": 342400000,
    "netIncome": 252400000,
    "netIncomeRatio": 0.0748983649,
    "eps": 0.42,
    "epsdiluted": 0.41,
    "weightedAverageShsOut": 606100000,
    "weightedAverageShsOutDil": 608800000,
    "link": "https://www.sec.gov/Archives/edgar/data/1058290/000105829016000074/0001058290-16-000074-index.htm",
    "finalLink": "https://www.sec.gov/Archives/edgar/data/1058290/000105829016000074/ctsh2016630-10q.htm"
  },
  {
    "date": "2016-03-31",
    "symbol": "CTSH",
    "reportedCurrency": "USD",
    "cik": "0001058290",
    "fillingDate": "2016-05-06",
    "acceptedDate": "2016-05-06 13:35:02",
    "calendarYear": "2016",
    "period": "Q1",
    "revenue": 3202000000,
    "costOfRevenue": 1915400000,
    "grossProfit": 1286600000,
    "grossProfitRatio": 0.4018113679,
    "researchAndDevelopmentExpenses": 0,
    "generalAndAdministrativeExpenses": 646200000,
    "sellingAndMarketingExpenses": 0,
    "sellingGeneralAndAdministrativeExpenses": 646200000,
    "otherExpenses": 500000,
    "operatingExpenses": 732600000,
    "costAndExpenses": 2648000000,
    "interestIncome": 30600000,
    "interestExpense": 5100000,
    "depreciationAndAmortization": 87700000,
    "ebitda": 642000000,
    "ebitdaratio": 0.2004996877,
    "operatingIncome": 554000000,
    "operatingIncomeRatio": 0.1730168645,
    "totalOtherIncomeExpensesNet": 35100000,
    "incomeBeforeTax": 589100000,
    "incomeBeforeTaxRatio": 0.1839787633,
    "incomeTaxExpense": 147900000,
    "netIncome": 441200000,
    "netIncomeRatio": 0.1377888819,
    "eps": 0.73,
    "epsdiluted": 0.72,
    "weightedAverageShsOut": 608000000,
    "weightedAverageShsOutDil": 612000000,
    "link": "https://www.sec.gov/Archives/edgar/data/1058290/000105829016000061/0001058290-16-000061-index.htm",
    "finalLink": "https://www.sec.gov/Archives/edgar/data/1058290/000105829016000061/ctsh2016331-10q.htm"
  },
  {
    "date": "2015-12-31",
    "symbol": "CTSH",
    "reportedCurrency": "USD",
    "cik": "0001058290",
    "fillingDate": "2016-02-25",
    "acceptedDate": "2016-02-25 17:03:59",
    "calendarYear": "2015",
    "period": "Q4",
    "revenue": 3232500000,
    "costOfRevenue": 1933600000,
    "grossProfit": 1298900000,
    "grossProfitRatio": 0.4018252127,
    "researchAndDevelopmentExpenses": 0,
    "generalAndAdministrativeExpenses": 658700000,
    "sellingAndMarketingExpenses": 0,
    "sellingGeneralAndAdministrativeExpenses": 658700000,
    "otherExpenses": -1100000,
    "operatingExpenses": 745500000,
    "costAndExpenses": 2679100000,
    "interestIncome": 27400000,
    "interestExpense": 4300000,
    "depreciationAndAmortization": 86800000,
    "ebitda": 641400000,
    "ebitdaratio": 0.1984222738,
    "operatingIncome": 553400000,
    "operatingIncomeRatio": 0.1711987626,
    "totalOtherIncomeExpensesNet": 7800000,
    "incomeBeforeTax": 561200000,
    "incomeBeforeTaxRatio": 0.1736117556,
    "incomeTaxExpense": 137800000,
    "netIncome": 423400000,
    "netIncomeRatio": 0.1309822119,
    "eps": 0.7,
    "epsdiluted": 0.69,
    "weightedAverageShsOut": 608200000,
    "weightedAverageShsOutDil": 612600000,
    "link": "https://www.sec.gov/Archives/edgar/data/1058290/000105829016000049/0001058290-16-000049-index.htm",
    "finalLink": "https://www.sec.gov/Archives/edgar/data/1058290/000105829016000049/ctsh20151231-10k.htm"
  },
  {
    "date": "2015-09-30",
    "symbol": "CTSH",
    "reportedCurrency": "USD",
    "cik": "0001058290",
    "fillingDate": "2015-11-05",
    "acceptedDate": "2015-11-04 18:12:15",
    "calendarYear": "2015",
    "period": "Q3",
    "revenue": 3187000000,
    "costOfRevenue": 1934600000,
    "grossProfit": 1252400000,
    "grossProfitRatio": 0.3929714465,
    "researchAndDevelopmentExpenses": 0,
    "generalAndAdministrativeExpenses": 627100000,
    "sellingAndMarketingExpenses": 0,
    "sellingGeneralAndAdministrativeExpenses": 627100000,
    "otherExpenses": -400000,
    "operatingExpenses": 709600000,
    "costAndExpenses": 2644200000,
    "interestIncome": 20700000,
    "interestExpense": 4300000,
    "depreciationAndAmortization": 82500000,
    "ebitda": 625200000,
    "ebitdaratio": 0.1961719485,
    "operatingIncome": 542800000,
    "operatingIncomeRatio": 0.1703169125,
    "totalOtherIncomeExpensesNet": 200000,
    "incomeBeforeTax": 543000000,
    "incomeBeforeTaxRatio": 0.1703796674,
    "incomeTaxExpense": 145800000,
    "netIncome": 397200000,
    "netIncomeRatio": 0.1246313147,
    "eps": 0.65,
    "epsdiluted": 0.65,
    "weightedAverageShsOut": 608800000,
    "weightedAverageShsOutDil": 612700000,
    "link": "https://www.sec.gov/Archives/edgar/data/1058290/000105829015000033/0001058290-15-000033-index.htm",
    "finalLink": "https://www.sec.gov/Archives/edgar/data/1058290/000105829015000033/ctsh2015930-10q.htm"
  },
  {
    "date": "2015-06-30",
    "symbol": "CTSH",
    "reportedCurrency": "USD",
    "cik": "0001058290",
    "fillingDate": "2015-08-06",
    "acceptedDate": "2015-08-06 16:31:44",
    "calendarYear": "2015",
    "period": "Q2",
    "revenue": 3085100000,
    "costOfRevenue": 1844800000,
    "grossProfit": 1240300000,
    "grossProfitRatio": 0.4020291076,
    "researchAndDevelopmentExpenses": 0,
    "generalAndAdministrativeExpenses": 612000000,
    "sellingAndMarketingExpenses": 0,
    "sellingGeneralAndAdministrativeExpenses": 612000000,
    "otherExpenses": 200000,
    "operatingExpenses": 694800000,
    "costAndExpenses": 2539600000,
    "interestIncome": 17600000,
    "interestExpense": 4100000,
    "depreciationAndAmortization": 82800000,
    "ebitda": 629500000,
    "ebitdaratio": 0.2040452497,
    "operatingIncome": 545500000,
    "operatingIncomeRatio": 0.1768176072,
    "totalOtherIncomeExpensesNet": 3300000,
    "incomeBeforeTax": 548800000,
    "incomeBeforeTaxRatio": 0.1778872646,
    "incomeTaxExpense": 128700000,
    "netIncome": 420100000,
    "netIncomeRatio": 0.1361706266,
    "eps": 0.69,
    "epsdiluted": 0.68,
    "weightedAverageShsOut": 609900000,
    "weightedAverageShsOutDil": 613900000,
    "link": "https://www.sec.gov/Archives/edgar/data/1058290/000105829015000021/0001058290-15-000021-index.htm",
    "finalLink": "https://www.sec.gov/Archives/edgar/data/1058290/000105829015000021/ctsh2015630-10q.htm"
  },
  {
    "date": "2015-03-31",
    "symbol": "CTSH",
    "reportedCurrency": "USD",
    "cik": "0001058290",
    "fillingDate": "2015-05-04",
    "acceptedDate": "2015-05-04 16:47:07",
    "calendarYear": "2015",
    "period": "Q1",
    "revenue": 2911400000,
    "costOfRevenue": 1727200000,
    "grossProfit": 1184200000,
    "grossProfitRatio": 0.4067458954,
    "researchAndDevelopmentExpenses": 0,
    "generalAndAdministrativeExpenses": 610800000,
    "sellingAndMarketingExpenses": 0,
    "sellingGeneralAndAdministrativeExpenses": 610800000,
    "otherExpenses": -500000,
    "operatingExpenses": 683900000,
    "costAndExpenses": 2411100000,
    "interestIncome": 18000000,
    "interestExpense": 5000000,
    "depreciationAndAmortization": 75600000,
    "ebitda": 575900000,
    "ebitdaratio": 0.1978086144,
    "operatingIncome": 500300000,
    "operatingIncomeRatio": 0.1718417256,
    "totalOtherIncomeExpensesNet": 10300000,
    "incomeBeforeTax": 510600000,
    "incomeBeforeTaxRatio": 0.1753795425,
    "incomeTaxExpense": 127700000,
    "netIncome": 382900000,
    "netIncomeRatio": 0.131517483,
    "eps": 0.63,
    "epsdiluted": 0.62,
    "weightedAverageShsOut": 609600000,
    "weightedAverageShsOutDil": 613900000,
    "link": "https://www.sec.gov/Archives/edgar/data/1058290/000105829015000012/0001058290-15-000012-index.htm",
    "finalLink": "https://www.sec.gov/Archives/edgar/data/1058290/000105829015000012/ctsh2015331-10q.htm"
  },
  {
    "date": "2014-12-31",
    "symbol": "CTSH",
    "reportedCurrency": "USD",
    "cik": "0001058290",
    "fillingDate": "2015-02-27",
    "acceptedDate": "2015-02-27 16:33:53",
    "calendarYear": "2014",
    "period": "Q4",
    "revenue": 2742230000,
    "costOfRevenue": 1639384000,
    "grossProfit": 1102846000,
    "grossProfitRatio": 0.4021712256,
    "researchAndDevelopmentExpenses": 0,
    "generalAndAdministrativeExpenses": 562622000,
    "sellingAndMarketingExpenses": 0,
    "sellingGeneralAndAdministrativeExpenses": 562622000,
    "otherExpenses": -2390000,
    "operatingExpenses": 623438000,
    "costAndExpenses": 2262822000,
    "interestIncome": 17606000,
    "interestExpense": 2173000,
    "depreciationAndAmortization": 60816000,
    "ebitda": 555440000,
    "ebitdaratio": 0.202550479,
    "operatingIncome": 479408000,
    "operatingIncomeRatio": 0.1748241395,
    "totalOtherIncomeExpensesNet": 5858000,
    "incomeBeforeTax": 485266000,
    "incomeBeforeTaxRatio": 0.1769603571,
    "incomeTaxExpense": 122409000,
    "netIncome": 362857000,
    "netIncomeRatio": 0.1323218694,
    "eps": 0.6,
    "epsdiluted": 0.59,
    "weightedAverageShsOut": 608822000,
    "weightedAverageShsOutDil": 612772000,
    "link": "https://www.sec.gov/Archives/edgar/data/1058290/000105829015000006/0001058290-15-000006-index.htm",
    "finalLink": "https://www.sec.gov/Archives/edgar/data/1058290/000105829015000006/ctsh20141231-10k.htm"
  },
  {
    "date": "2014-09-30",
    "symbol": "CTSH",
    "reportedCurrency": "USD",
    "cik": "0001058290",
    "fillingDate": "2014-11-06",
    "acceptedDate": "2014-11-06 16:07:01",
    "calendarYear": "2014",
    "period": "Q3",
    "revenue": 2581009000,
    "costOfRevenue": 1569828000,
    "grossProfit": 1011181000,
    "grossProfitRatio": 0.3917774018,
    "researchAndDevelopmentExpenses": 0,
    "generalAndAdministrativeExpenses": 506019000,
    "sellingAndMarketingExpenses": 0,
    "sellingGeneralAndAdministrativeExpenses": 506019000,
    "otherExpenses": 247000,
    "operatingExpenses": 553668000,
    "costAndExpenses": 2123496000,
    "interestIncome": 17201000,
    "interestExpense": 300000,
    "depreciationAndAmortization": 47649000,
    "ebitda": 507200000,
    "ebitdaratio": 0.1965122942,
    "operatingIncome": 457513000,
    "operatingIncomeRatio": 0.1772612959,
    "totalOtherIncomeExpensesNet": 6239000,
    "incomeBeforeTax": 463739000,
    "incomeBeforeTaxRatio": 0.1796735308,
    "incomeTaxExpense": 108115000,
    "netIncome": 355624000,
    "netIncomeRatio": 0.1377848741,
    "eps": 0.58,
    "epsdiluted": 0.58,
    "weightedAverageShsOut": 608070000,
    "weightedAverageShsOutDil": 612123000,
    "link": "https://www.sec.gov/Archives/edgar/data/1058290/000105829014000010/0001058290-14-000010-index.htm",
    "finalLink": "https://www.sec.gov/Archives/edgar/data/1058290/000105829014000010/ctsh2014930-10q.htm"
  },
  {
    "date": "2014-06-30",
    "symbol": "CTSH",
    "reportedCurrency": "USD",
    "cik": "0001058290",
    "fillingDate": "2014-08-07",
    "acceptedDate": "2014-08-07 16:50:21",
    "calendarYear": "2014",
    "period": "Q2",
    "revenue": 2517094000,
    "costOfRevenue": 1499462000,
    "grossProfit": 1017632000,
    "grossProfitRatio": 0.4042884374,
    "researchAndDevelopmentExpenses": 0,
    "generalAndAdministrativeExpenses": 482985000,
    "sellingAndMarketingExpenses": 0,
    "sellingGeneralAndAdministrativeExpenses": 482985000,
    "otherExpenses": 537000,
    "operatingExpenses": 529711000,
    "costAndExpenses": 2029173000,
    "interestIncome": 14132000,
    "interestExpense": 0,
    "depreciationAndAmortization": 46726000,
    "ebitda": 535399000,
    "ebitdaratio": 0.2127052069,
    "operatingIncome": 487921000,
    "operatingIncomeRatio": 0.1938429792,
    "totalOtherIncomeExpensesNet": 13838000,
    "incomeBeforeTax": 501838000,
    "incomeBeforeTaxRatio": 0.1993719742,
    "incomeTaxExpense": 129930000,
    "netIncome": 371908000,
    "netIncomeRatio": 0.1477529246,
    "eps": 0.61,
    "epsdiluted": 0.61,
    "weightedAverageShsOut": 607880000,
    "weightedAverageShsOutDil": 612162000,
    "link": "https://www.sec.gov/Archives/edgar/data/1058290/000105829014000006/0001058290-14-000006-index.htm",
    "finalLink": "https://www.sec.gov/Archives/edgar/data/1058290/000105829014000006/ctsh2014630-10q.htm"
  },
  {
    "date": "2014-03-31",
    "symbol": "CTSH",
    "reportedCurrency": "USD",
    "cik": "0001058290",
    "fillingDate": "2014-05-08",
    "acceptedDate": "2014-05-08 16:40:28",
    "calendarYear": "2014",
    "period": "Q1",
    "revenue": 2422348000,
    "costOfRevenue": 1432444000,
    "grossProfit": 989904000,
    "grossProfitRatio": 0.4086547432,
    "researchAndDevelopmentExpenses": 0,
    "generalAndAdministrativeExpenses": 485395000,
    "sellingAndMarketingExpenses": 0,
    "sellingGeneralAndAdministrativeExpenses": 485395000,
    "otherExpenses": 864000,
    "operatingExpenses": 529868000,
    "costAndExpenses": 1962312000,
    "interestIncome": 13505000,
    "interestExpense": 0,
    "depreciationAndAmortization": 44473000,
    "ebitda": 506700000,
    "ebitdaratio": 0.2091772115,
    "operatingIncome": 460036000,
    "operatingIncomeRatio": 0.1899132577,
    "totalOtherIncomeExpensesNet": 13188000,
    "incomeBeforeTax": 473188000,
    "incomeBeforeTaxRatio": 0.1953427006,
    "incomeTaxExpense": 124310000,
    "netIncome": 348878000,
    "netIncomeRatio": 0.1440247231,
    "eps": 0.57,
    "epsdiluted": 0.57,
    "weightedAverageShsOut": 607730000,
    "weightedAverageShsOutDil": 612897000,
    "link": "https://www.sec.gov/Archives/edgar/data/1058290/000119312514190136/0001193125-14-190136-index.htm",
    "finalLink": "https://www.sec.gov/Archives/edgar/data/1058290/000119312514190136/d716396d10q.htm"
  },
  {
    "date": "2013-12-31",
    "symbol": "CTSH",
    "reportedCurrency": "USD",
    "cik": "0001058290",
    "fillingDate": "2014-02-25",
    "acceptedDate": "2014-02-25 17:16:33",
    "calendarYear": "2013",
    "period": "Q4",
    "revenue": 2355488000,
    "costOfRevenue": 1411155000,
    "grossProfit": 944333000,
    "grossProfitRatio": 0.4009075826,
    "researchAndDevelopmentExpenses": 0,
    "generalAndAdministrativeExpenses": 450503000,
    "sellingAndMarketingExpenses": 0,
    "sellingGeneralAndAdministrativeExpenses": 450503000,
    "otherExpenses": -8575000,
    "operatingExpenses": 496492000,
    "costAndExpenses": 1907647000,
    "interestIncome": 11873000,
    "interestExpense": 0,
    "depreciationAndAmortization": 45989000,
    "ebitda": 493830000,
    "ebitdaratio": 0.2096508239,
    "operatingIncome": -447841000,
    "operatingIncomeRatio": -0.1901266319,
    "totalOtherIncomeExpensesNet": 3298000,
    "incomeBeforeTax": 451139000,
    "incomeBeforeTaxRatio": 0.1915267664,
    "incomeTaxExpense": 126807000,
    "netIncome": 324332000,
    "netIncomeRatio": 0.1376920621,
    "eps": 0.54,
    "epsdiluted": 0.53,
    "weightedAverageShsOut": 605746000,
    "weightedAverageShsOutDil": 610856000,
    "link": "https://www.sec.gov/Archives/edgar/data/1058290/000119312514067531/0001193125-14-067531-index.htm",
    "finalLink": "https://www.sec.gov/Archives/edgar/data/1058290/000119312514067531/d675333d10k.htm"
  },
  {
    "date": "2013-09-30",
    "symbol": "CTSH",
    "reportedCurrency": "USD",
    "cik": "0001058290",
    "fillingDate": "2013-11-06",
    "acceptedDate": "2013-11-06 16:47:00",
    "calendarYear": "2013",
    "period": "Q3",
    "revenue": 2305723000,
    "costOfRevenue": 1382336000,
    "grossProfit": 923387000,
    "grossProfitRatio": 0.4004761196,
    "researchAndDevelopmentExpenses": 0,
    "generalAndAdministrativeExpenses": 443376000,
    "sellingAndMarketingExpenses": 0,
    "sellingGeneralAndAdministrativeExpenses": 443376000,
    "otherExpenses": -8857000,
    "operatingExpenses": 486028000,
    "costAndExpenses": 1868364000,
    "interestIncome": 10696000,
    "interestExpense": 0,
    "depreciationAndAmortization": 42652000,
    "ebitda": 480011000,
    "ebitdaratio": 0.2081824226,
    "operatingIncome": 437359000,
    "operatingIncomeRatio": 0.1896841034,
    "totalOtherIncomeExpensesNet": 1839000,
    "incomeBeforeTax": 439198000,
    "incomeBeforeTaxRatio": 0.1904816841,
    "incomeTaxExpense": 119571000,
    "netIncome": 319627000,
    "netIncomeRatio": 0.1386233299,
    "eps": 0.53,
    "epsdiluted": 0.53,
    "weightedAverageShsOut": 603264000,
    "weightedAverageShsOutDil": 608550000,
    "link": "https://www.sec.gov/Archives/edgar/data/1058290/000119312513430266/0001193125-13-430266-index.htm",
    "finalLink": "https://www.sec.gov/Archives/edgar/data/1058290/000119312513430266/d623203d10q.htm"
  },
  {
    "date": "2013-06-30",
    "symbol": "CTSH",
    "reportedCurrency": "USD",
    "cik": "0001058290",
    "fillingDate": "2013-08-07",
    "acceptedDate": "2013-08-07 17:11:56",
    "calendarYear": "2013",
    "period": "Q2",
    "revenue": 2161240000,
    "costOfRevenue": 1272013000,
    "grossProfit": 889227000,
    "grossProfitRatio": 0.4114429679,
    "researchAndDevelopmentExpenses": 0,
    "generalAndAdministrativeExpenses": 420526000,
    "sellingAndMarketingExpenses": 0,
    "sellingGeneralAndAdministrativeExpenses": 420526000,
    "otherExpenses": -19486000,
    "operatingExpenses": 462424000,
    "costAndExpenses": 1734437000,
    "interestIncome": 13080000,
    "interestExpense": 0,
    "depreciationAndAmortization": 41898000,
    "ebitda": 468701000,
    "ebitdaratio": 0.2168667062,
    "operatingIncome": 426803000,
    "operatingIncomeRatio": 0.197480613,
    "totalOtherIncomeExpensesNet": -6406000,
    "incomeBeforeTax": 420397000,
    "incomeBeforeTaxRatio": 0.1945165738,
    "incomeTaxExpense": 119987000,
    "netIncome": 300410000,
    "netIncomeRatio": 0.138998908,
    "eps": 0.5,
    "epsdiluted": 0.49,
    "weightedAverageShsOut": 603340000,
    "weightedAverageShsOutDil": 608892000,
    "link": "https://www.sec.gov/Archives/edgar/data/1058290/000119312513324493/0001193125-13-324493-index.htm",
    "finalLink": "https://www.sec.gov/Archives/edgar/data/1058290/000119312513324493/d579434d10q.htm"
  },
  {
    "date": "2013-03-31",
    "symbol": "CTSH",
    "reportedCurrency": "USD",
    "cik": "0001058290",
    "fillingDate": "2013-05-09",
    "acceptedDate": "2013-05-09 16:44:47",
    "calendarYear": "2013",
    "period": "Q1",
    "revenue": 2020738000,
    "costOfRevenue": 1199965000,
    "grossProfit": 820773000,
    "grossProfitRatio": 0.4061748727,
    "researchAndDevelopmentExpenses": 0,
    "generalAndAdministrativeExpenses": 413204000,
    "sellingAndMarketingExpenses": 0,
    "sellingGeneralAndAdministrativeExpenses": 413204000,
    "otherExpenses": -1971000,
    "operatingExpenses": 454866000,
    "costAndExpenses": 1654831000,
    "interestIncome": 13247000,
    "interestExpense": 0,
    "depreciationAndAmortization": 41662000,
    "ebitda": 407569000,
    "ebitdaratio": 0.2016931438,
    "operatingIncome": 365907000,
    "operatingIncomeRatio": 0.1810759237,
    "totalOtherIncomeExpensesNet": 11276000,
    "incomeBeforeTax": 377183000,
    "incomeBeforeTaxRatio": 0.1866560633,
    "incomeTaxExpense": 92974000,
    "netIncome": 284209000,
    "netIncomeRatio": 0.1406461402,
    "eps": 0.47,
    "epsdiluted": 0.47,
    "weightedAverageShsOut": 603708000,
    "weightedAverageShsOutDil": 610352000,
    "link": "https://www.sec.gov/Archives/edgar/data/1058290/000119312513211250/0001193125-13-211250-index.htm",
    "finalLink": "https://www.sec.gov/Archives/edgar/data/1058290/000119312513211250/d534464d10q.htm"
  },
  {
    "date": "2012-12-31",
    "symbol": "CTSH",
    "reportedCurrency": "USD",
    "cik": "0001058290",
    "fillingDate": "2013-02-26",
    "acceptedDate": "2013-02-26 17:26:02",
    "calendarYear": "2012",
    "period": "Q4",
    "revenue": 1948215000,
    "costOfRevenue": 1150934000,
    "grossProfit": 797281000,
    "grossProfitRatio": 0.4092366602,
    "researchAndDevelopmentExpenses": 0,
    "generalAndAdministrativeExpenses": 401746000,
    "sellingAndMarketingExpenses": 0,
    "sellingGeneralAndAdministrativeExpenses": 401746000,
    "otherExpenses": -1826000,
    "operatingExpenses": 441028000,
    "costAndExpenses": 1591962000,
    "interestIncome": 11417000,
    "interestExpense": 0,
    "depreciationAndAmortization": 39282000,
    "ebitda": 395535000,
    "ebitdaratio": 0.2030243069,
    "operatingIncome": 356253000,
    "operatingIncomeRatio": 0.1828612345,
    "totalOtherIncomeExpensesNet": 9591000,
    "incomeBeforeTax": 365844000,
    "incomeBeforeTaxRatio": 0.1877842025,
    "incomeTaxExpense": 87065000,
    "netIncome": 278779000,
    "netIncomeRatio": 0.1430945763,
    "eps": 0.46,
    "epsdiluted": 0.46,
    "weightedAverageShsOut": 600904000,
    "weightedAverageShsOutDil": 607554000,
    "link": "https://www.sec.gov/Archives/edgar/data/1058290/000119312513077271/0001193125-13-077271-index.htm",
    "finalLink": "https://www.sec.gov/Archives/edgar/data/1058290/000119312513077271/d450416d10k.htm"
  },
  {
    "date": "2012-09-30",
    "symbol": "CTSH",
    "reportedCurrency": "USD",
    "cik": "0001058290",
    "fillingDate": "2012-11-08",
    "acceptedDate": "2012-11-08 16:57:39",
    "calendarYear": "2012",
    "period": "Q3",
    "revenue": 1891688000,
    "costOfRevenue": 1111898000,
    "grossProfit": 779790000,
    "grossProfitRatio": 0.4122191397,
    "researchAndDevelopmentExpenses": 0,
    "generalAndAdministrativeExpenses": 384951000,
    "sellingAndMarketingExpenses": 0,
    "sellingGeneralAndAdministrativeExpenses": 384951000,
    "otherExpenses": 39453000,
    "operatingExpenses": 424404000,
    "costAndExpenses": 1536302000,
    "interestIncome": 12041000,
    "interestExpense": 0,
    "depreciationAndAmortization": 39453000,
    "ebitda": 396752000,
    "ebitdaratio": 0.2097343748,
    "operatingIncome": 355386000,
    "operatingIncomeRatio": 0.1878671324,
    "totalOtherIncomeExpensesNet": 8997000,
    "incomeBeforeTax": 364383000,
    "incomeBeforeTaxRatio": 0.1926232021,
    "incomeTaxExpense": 87482000,
    "netIncome": 276901000,
    "netIncomeRatio": 0.1463777325,
    "eps": 0.46,
    "epsdiluted": 0.46,
    "weightedAverageShsOut": 598116000,
    "weightedAverageShsOutDil": 606264000,
    "link": "https://www.sec.gov/Archives/edgar/data/1058290/000119312512460681/0001193125-12-460681-index.htm",
    "finalLink": "https://www.sec.gov/Archives/edgar/data/1058290/000119312512460681/d434230d10q.htm"
  },
  {
    "date": "2012-06-30",
    "symbol": "CTSH",
    "reportedCurrency": "USD",
    "cik": "0001058290",
    "fillingDate": "2012-08-06",
    "acceptedDate": "2012-08-06 17:05:44",
    "calendarYear": "2012",
    "period": "Q2",
    "revenue": 1795220000,
    "costOfRevenue": 1030889000,
    "grossProfit": 764331000,
    "grossProfitRatio": 0.4257589599,
    "researchAndDevelopmentExpenses": 0,
    "generalAndAdministrativeExpenses": 396771000,
    "sellingAndMarketingExpenses": 0,
    "sellingGeneralAndAdministrativeExpenses": 396771000,
    "otherExpenses": 35602000,
    "operatingExpenses": 432373000,
    "costAndExpenses": 1463262000,
    "interestIncome": 9984000,
    "interestExpense": 0,
    "depreciationAndAmortization": 37433000,
    "ebitda": 369391000,
    "ebitdaratio": 0.205763639,
    "operatingIncome": 331958000,
    "operatingIncomeRatio": 0.1849121556,
    "totalOtherIncomeExpensesNet": 3134000,
    "incomeBeforeTax": 335092000,
    "incomeBeforeTaxRatio": 0.1866579027,
    "incomeTaxExpense": 83160000,
    "netIncome": 251932000,
    "netIncomeRatio": 0.1403348893,
    "eps": 0.42,
    "epsdiluted": 0.41,
    "weightedAverageShsOut": 604450000,
    "weightedAverageShsOutDil": 614652000,
    "link": "https://www.sec.gov/Archives/edgar/data/1058290/000119312512337988/0001193125-12-337988-index.htm",
    "finalLink": "https://www.sec.gov/Archives/edgar/data/1058290/000119312512337988/d391375d10q.htm"
  },
  {
    "date": "2012-03-31",
    "symbol": "CTSH",
    "reportedCurrency": "USD",
    "cik": "0001058290",
    "fillingDate": "2012-05-09",
    "acceptedDate": "2012-05-09 16:36:44",
    "calendarYear": "2012",
    "period": "Q1",
    "revenue": 1711349000,
    "costOfRevenue": 984520000,
    "grossProfit": 726829000,
    "grossProfitRatio": 0.4247111489,
    "researchAndDevelopmentExpenses": 0,
    "generalAndAdministrativeExpenses": 374178000,
    "sellingAndMarketingExpenses": 0,
    "sellingGeneralAndAdministrativeExpenses": 374178000,
    "otherExpenses": 34752000,
    "operatingExpenses": 408930000,
    "costAndExpenses": 1393450000,
    "interestIncome": 11072000,
    "interestExpense": 0,
    "depreciationAndAmortization": 34752000,
    "ebitda": 354524000,
    "ebitdaratio": 0.20716055,
    "operatingIncome": 317899000,
    "operatingIncomeRatio": 0.1857593045,
    "totalOtherIncomeExpensesNet": 4378000,
    "incomeBeforeTax": 322277000,
    "incomeBeforeTaxRatio": 0.1883175203,
    "incomeTaxExpense": 78626000,
    "netIncome": 243651000,
    "netIncomeRatio": 0.1423736479,
    "eps": 0.4,
    "epsdiluted": 0.39,
    "weightedAverageShsOut": 606856000,
    "weightedAverageShsOutDil": 618416000,
    "link": "https://www.sec.gov/Archives/edgar/data/1058290/000119312512222218/0001193125-12-222218-index.htm",
    "finalLink": "https://www.sec.gov/Archives/edgar/data/1058290/000119312512222218/d327228d10q.htm"
  },
  {
    "date": "2011-12-31",
    "symbol": "CTSH",
    "reportedCurrency": "USD",
    "cik": "0001058290",
    "fillingDate": "2012-02-27",
    "acceptedDate": "2012-02-27 16:21:43",
    "calendarYear": "2011",
    "period": "Q4",
    "revenue": 1663707000,
    "costOfRevenue": 970689000,
    "grossProfit": 693018000,
    "grossProfitRatio": 0.4165505104,
    "researchAndDevelopmentExpenses": 0,
    "generalAndAdministrativeExpenses": 352456000,
    "sellingAndMarketingExpenses": 0,
    "sellingGeneralAndAdministrativeExpenses": 352456000,
    "otherExpenses": 32419000,
    "operatingExpenses": 384875000,
    "costAndExpenses": 1355564000,
    "interestIncome": 10868000,
    "interestExpense": 0,
    "depreciationAndAmortization": 34299000,
    "ebitda": 342442000,
    "ebitdaratio": 0.2058307142,
    "operatingIncome": 308143000,
    "operatingIncomeRatio": 0.1852147043,
    "totalOtherIncomeExpensesNet": 14937000,
    "incomeBeforeTax": 323080000,
    "incomeBeforeTaxRatio": 0.1941928477,
    "incomeTaxExpense": 82953000,
    "netIncome": 240127000,
    "netIncomeRatio": 0.1443325057,
    "eps": 0.4,
    "epsdiluted": 0.4,
    "weightedAverageShsOut": 604712000,
    "weightedAverageShsOutDil": 606856000,
    "link": "https://www.sec.gov/Archives/edgar/data/1058290/000119312512081638/0001193125-12-081638-index.htm",
    "finalLink": "https://www.sec.gov/Archives/edgar/data/1058290/000119312512081638/d255156d10k.htm"
  },
  {
    "date": "2011-09-30",
    "symbol": "CTSH",
    "reportedCurrency": "USD",
    "cik": "0001058290",
    "fillingDate": "2011-11-04",
    "acceptedDate": "2011-11-04 17:12:47",
    "calendarYear": "2011",
    "period": "Q3",
    "revenue": 1600954000,
    "costOfRevenue": 924886000,
    "grossProfit": 676068000,
    "grossProfitRatio": 0.4222907092,
    "researchAndDevelopmentExpenses": 0,
    "generalAndAdministrativeExpenses": 353161000,
    "sellingAndMarketingExpenses": 0,
    "sellingGeneralAndAdministrativeExpenses": 353161000,
    "otherExpenses": 29905000,
    "operatingExpenses": 383066000,
    "costAndExpenses": 1307952000,
    "interestIncome": 9970000,
    "interestExpense": 0,
    "depreciationAndAmortization": 29905000,
    "ebitda": 324641000,
    "ebitdaratio": 0.2027797176,
    "operatingIncome": 293002000,
    "operatingIncomeRatio": 0.183017126,
    "totalOtherIncomeExpensesNet": -5038000,
    "incomeBeforeTax": 287964000,
    "incomeBeforeTaxRatio": 0.1798702524,
    "incomeTaxExpense": 60845000,
    "netIncome": 227119000,
    "netIncomeRatio": 0.1418647881,
    "eps": 0.38,
    "epsdiluted": 0.37,
    "weightedAverageShsOut": 605446000,
    "weightedAverageShsOutDil": 618594000,
    "link": "https://www.sec.gov/Archives/edgar/data/1058290/000119312511297691/0001193125-11-297691-index.htm",
    "finalLink": "https://www.sec.gov/Archives/edgar/data/1058290/000119312511297691/d234454d10q.htm"
  },
  {
    "date": "2011-06-30",
    "symbol": "CTSH",
    "reportedCurrency": "USD",
    "cik": "0001058290",
    "fillingDate": "2011-08-04",
    "acceptedDate": "2011-08-04 16:09:04",
    "calendarYear": "2011",
    "period": "Q2",
    "revenue": 1485242000,
    "costOfRevenue": 860871000,
    "grossProfit": 624371000,
    "grossProfitRatio": 0.4203833449,
    "researchAndDevelopmentExpenses": 0,
    "generalAndAdministrativeExpenses": 326718000,
    "sellingAndMarketingExpenses": 0,
    "sellingGeneralAndAdministrativeExpenses": 326718000,
    "otherExpenses": 27695000,
    "operatingExpenses": 354413000,
    "costAndExpenses": 1215284000,
    "interestIncome": 9474000,
    "interestExpense": 0,
    "depreciationAndAmortization": 27695000,
    "ebitda": 299231000,
    "ebitdaratio": 0.2014695248,
    "operatingIncome": 269958000,
    "operatingIncomeRatio": 0.1817602788,
    "totalOtherIncomeExpensesNet": 7647000,
    "incomeBeforeTax": 277605000,
    "incomeBeforeTaxRatio": 0.1869089347,
    "incomeTaxExpense": 69560000,
    "netIncome": 208045000,
    "netIncomeRatio": 0.1400748161,
    "eps": 0.34,
    "epsdiluted": 0.33,
    "weightedAverageShsOut": 607978000,
    "weightedAverageShsOutDil": 622954000,
    "link": "https://www.sec.gov/Archives/edgar/data/1058290/000119312511210323/0001193125-11-210323-index.htm",
    "finalLink": "https://www.sec.gov/Archives/edgar/data/1058290/000119312511210323/d10q.htm"
  },
  {
    "date": "2011-03-31",
    "symbol": "CTSH",
    "reportedCurrency": "USD",
    "cik": "0001058290",
    "fillingDate": "2011-05-05",
    "acceptedDate": "2011-05-05 16:02:22",
    "calendarYear": "2011",
    "period": "Q1",
    "revenue": 1371253000,
    "costOfRevenue": 782176000,
    "grossProfit": 589077000,
    "grossProfitRatio": 0.429590309,
    "researchAndDevelopmentExpenses": 0,
    "generalAndAdministrativeExpenses": 296330000,
    "sellingAndMarketingExpenses": 0,
    "sellingGeneralAndAdministrativeExpenses": 296330000,
    "otherExpenses": 27382000,
    "operatingExpenses": 323712000,
    "costAndExpenses": 1105888000,
    "interestIncome": 8937000,
    "interestExpense": 0,
    "depreciationAndAmortization": 27382000,
    "ebitda": 294329000,
    "ebitdaratio": 0.2146423745,
    "operatingIncome": 265365000,
    "operatingIncomeRatio": 0.1935200871,
    "totalOtherIncomeExpensesNet": 15135000,
    "incomeBeforeTax": 280500000,
    "incomeBeforeTaxRatio": 0.2045574376,
    "incomeTaxExpense": 72173000,
    "netIncome": 208327000,
    "netIncomeRatio": 0.1519245537,
    "eps": 0.34,
    "epsdiluted": 0.33,
    "weightedAverageShsOut": 608082000,
    "weightedAverageShsOutDil": 623606000,
    "link": "https://www.sec.gov/Archives/edgar/data/1058290/000119312511128426/0001193125-11-128426-index.htm",
    "finalLink": "https://www.sec.gov/Archives/edgar/data/1058290/000119312511128426/d10q.htm"
  },
  {
    "date": "2010-12-31",
    "symbol": "CTSH",
    "reportedCurrency": "USD",
    "cik": "0001058290",
    "fillingDate": "2011-02-23",
    "acceptedDate": "2011-02-23 17:01:58",
    "calendarYear": "2010",
    "period": "Q4",
    "revenue": 1310602000,
    "costOfRevenue": 758023000,
    "grossProfit": 552579000,
    "grossProfitRatio": 0.4216222774,
    "researchAndDevelopmentExpenses": 0,
    "generalAndAdministrativeExpenses": 279921000,
    "sellingAndMarketingExpenses": 0,
    "sellingGeneralAndAdministrativeExpenses": 279921000,
    "otherExpenses": 28037000,
    "operatingExpenses": 307958000,
    "costAndExpenses": 1065981000,
    "interestIncome": 6139000,
    "interestExpense": 0,
    "depreciationAndAmortization": 29614000,
    "ebitda": 274235000,
    "ebitdaratio": 0.2092435385,
    "operatingIncome": 244621000,
    "operatingIncomeRatio": 0.1866478153,
    "totalOtherIncomeExpensesNet": 3923000,
    "incomeBeforeTax": 248544000,
    "incomeBeforeTaxRatio": 0.1896410962,
    "incomeTaxExpense": 42378000,
    "netIncome": 206166000,
    "netIncomeRatio": 0.1573063371,
    "eps": 0.34,
    "epsdiluted": 0.34,
    "weightedAverageShsOut": 607268000,
    "weightedAverageShsOutDil": 608082000,
    "link": "https://www.sec.gov/Archives/edgar/data/1058290/000119312511043696/0001193125-11-043696-index.htm",
    "finalLink": "https://www.sec.gov/Archives/edgar/data/1058290/000119312511043696/d10k.htm"
  },
  {
    "date": "2010-09-30",
    "symbol": "CTSH",
    "reportedCurrency": "USD",
    "cik": "0001058290",
    "fillingDate": "2010-11-03",
    "acceptedDate": "2010-11-03 17:02:55",
    "calendarYear": "2010",
    "period": "Q3",
    "revenue": 1216913000,
    "costOfRevenue": 699623000,
    "grossProfit": 517290000,
    "grossProfitRatio": 0.4250837981,
    "researchAndDevelopmentExpenses": 0,
    "generalAndAdministrativeExpenses": 262632000,
    "sellingAndMarketingExpenses": 0,
    "sellingGeneralAndAdministrativeExpenses": 262632000,
    "otherExpenses": 26359000,
    "operatingExpenses": 288991000,
    "costAndExpenses": 988614000,
    "interestIncome": 7053000,
    "interestExpense": 0,
    "depreciationAndAmortization": 26359000,
    "ebitda": 256228000,
    "ebitdaratio": 0.2105557258,
    "operatingIncome": 228299000,
    "operatingIncomeRatio": 0.1876050301,
    "totalOtherIncomeExpensesNet": 14977000,
    "incomeBeforeTax": 243276000,
    "incomeBeforeTaxRatio": 0.1999124013,
    "incomeTaxExpense": 39577000,
    "netIncome": 203699000,
    "netIncomeRatio": 0.1673899449,
    "eps": 0.34,
    "epsdiluted": 0.33,
    "weightedAverageShsOut": 603434000,
    "weightedAverageShsOutDil": 619238000,
    "link": "https://www.sec.gov/Archives/edgar/data/1058290/000119312510246295/0001193125-10-246295-index.htm",
    "finalLink": "https://www.sec.gov/Archives/edgar/data/1058290/000119312510246295/d10q.htm"
  },
  {
    "date": "2010-06-30",
    "symbol": "CTSH",
    "reportedCurrency": "USD",
    "cik": "0001058290",
    "fillingDate": "2010-08-06",
    "acceptedDate": "2010-08-06 16:16:36",
    "calendarYear": "2010",
    "period": "Q2",
    "revenue": 1105154000,
    "costOfRevenue": 641019000,
    "grossProfit": 464135000,
    "grossProfitRatio": 0.419973144,
    "researchAndDevelopmentExpenses": 0,
    "generalAndAdministrativeExpenses": 234547000,
    "sellingAndMarketingExpenses": 0,
    "sellingGeneralAndAdministrativeExpenses": 234547000,
    "otherExpenses": 23673000,
    "operatingExpenses": 258220000,
    "costAndExpenses": 899239000,
    "interestIncome": 6547000,
    "interestExpense": 0,
    "depreciationAndAmortization": 23673000,
    "ebitda": 231163000,
    "ebitdaratio": 0.209168134,
    "operatingIncome": 205915000,
    "operatingIncomeRatio": 0.1863224492,
    "totalOtherIncomeExpensesNet": 2093000,
    "incomeBeforeTax": 208008000,
    "incomeBeforeTaxRatio": 0.1882163029,
    "incomeTaxExpense": 35833000,
    "netIncome": 172175000,
    "netIncomeRatio": 0.1557927673,
    "eps": 0.29,
    "epsdiluted": 0.28,
    "weightedAverageShsOut": 599778000,
    "weightedAverageShsOutDil": 616974000,
    "link": "https://www.sec.gov/Archives/edgar/data/1058290/000119312510181401/0001193125-10-181401-index.htm",
    "finalLink": "https://www.sec.gov/Archives/edgar/data/1058290/000119312510181401/d10q.htm"
  },
  {
    "date": "2010-03-31",
    "symbol": "CTSH",
    "reportedCurrency": "USD",
    "cik": "0001058290",
    "fillingDate": "2010-05-07",
    "acceptedDate": "2010-05-07 16:02:36",
    "calendarYear": "2010",
    "period": "Q1",
    "revenue": 959720000,
    "costOfRevenue": 555904000,
    "grossProfit": 403816000,
    "grossProfitRatio": 0.4207643896,
    "researchAndDevelopmentExpenses": 0,
    "generalAndAdministrativeExpenses": 194993000,
    "sellingAndMarketingExpenses": 0,
    "sellingGeneralAndAdministrativeExpenses": 194993000,
    "otherExpenses": 25806000,
    "operatingExpenses": 220799000,
    "costAndExpenses": 776703000,
    "interestIncome": 6054000,
    "interestExpense": 0,
    "depreciationAndAmortization": 25806000,
    "ebitda": 210398000,
    "ebitdaratio": 0.219228525,
    "operatingIncome": 183017000,
    "operatingIncomeRatio": 0.1906983287,
    "totalOtherIncomeExpensesNet": -4265000,
    "incomeBeforeTax": 178752000,
    "incomeBeforeTaxRatio": 0.1862543242,
    "incomeTaxExpense": 27252000,
    "netIncome": 151500000,
    "netIncomeRatio": 0.1578585421,
    "eps": 0.25,
    "epsdiluted": 0.25,
    "weightedAverageShsOut": 595770000,
    "weightedAverageShsOutDil": 613328000,
    "link": "https://www.sec.gov/Archives/edgar/data/1058290/000119312510112855/0001193125-10-112855-index.htm",
    "finalLink": "https://www.sec.gov/Archives/edgar/data/1058290/000119312510112855/d10q.htm"
  },
  {
    "date": "2009-12-31",
    "symbol": "CTSH",
    "reportedCurrency": "USD",
    "cik": "0001058290",
    "fillingDate": "2010-02-25",
    "acceptedDate": "2010-02-25 15:07:06",
    "calendarYear": "2009",
    "period": "Q4",
    "revenue": 902721000,
    "costOfRevenue": 520796000,
    "grossProfit": 381925000,
    "grossProfitRatio": 0.4230819932,
    "researchAndDevelopmentExpenses": 0,
    "generalAndAdministrativeExpenses": 190678000,
    "sellingAndMarketingExpenses": 0,
    "sellingGeneralAndAdministrativeExpenses": 190678000,
    "otherExpenses": 24339000,
    "operatingExpenses": 215017000,
    "costAndExpenses": 735813000,
    "interestIncome": 6139000,
    "interestExpense": 0,
    "depreciationAndAmortization": 24339000,
    "ebitda": 191247000,
    "ebitdaratio": 0.2118561549,
    "operatingIncome": 166908000,
    "operatingIncomeRatio": 0.1848943361,
    "totalOtherIncomeExpensesNet": 1689000,
    "incomeBeforeTax": 168597000,
    "incomeBeforeTaxRatio": 0.1867653461,
    "incomeTaxExpense": 24593000,
    "netIncome": 144004000,
    "netIncomeRatio": 0.1595221558,
    "eps": 0.24,
    "epsdiluted": 0.24,
    "weightedAverageShsOut": 591204000,
    "weightedAverageShsOutDil": 595770000,
    "link": "https://www.sec.gov/Archives/edgar/data/1058290/000119312510040500/0001193125-10-040500-index.htm",
    "finalLink": "https://www.sec.gov/Archives/edgar/data/1058290/000119312510040500/d10k.htm"
  },
  {
    "date": "2009-09-30",
    "symbol": "CTSH",
    "reportedCurrency": "USD",
    "cik": "0001058290",
    "fillingDate": "2009-11-06",
    "acceptedDate": "2009-11-06 15:43:43",
    "calendarYear": "2009",
    "period": "Q3",
    "revenue": 853488000,
    "costOfRevenue": 475599000,
    "grossProfit": 377889000,
    "grossProfitRatio": 0.4427584219,
    "researchAndDevelopmentExpenses": 0,
    "generalAndAdministrativeExpenses": 193806000,
    "sellingAndMarketingExpenses": 0,
    "sellingGeneralAndAdministrativeExpenses": 193806000,
    "otherExpenses": 22301000,
    "operatingExpenses": 216107000,
    "costAndExpenses": 691706000,
    "interestIncome": 4664000,
    "interestExpense": 0,
    "depreciationAndAmortization": 22301000,
    "ebitda": 184083000,
    "ebitdaratio": 0.215683173,
    "operatingIncome": 161782000,
    "operatingIncomeRatio": 0.1895539246,
    "totalOtherIncomeExpensesNet": 1917000,
    "incomeBeforeTax": 163699000,
    "incomeBeforeTaxRatio": 0.1918000019,
    "incomeTaxExpense": 27127000,
    "netIncome": 136572000,
    "netIncomeRatio": 0.1600163095,
    "eps": 0.23,
    "epsdiluted": 0.23,
    "weightedAverageShsOut": 587328000,
    "weightedAverageShsOutDil": 605164000,
    "link": "https://www.sec.gov/Archives/edgar/data/1058290/000119312509227443/0001193125-09-227443-index.htm",
    "finalLink": "https://www.sec.gov/Archives/edgar/data/1058290/000119312509227443/d10q.htm"
  },
  {
    "date": "2009-06-30",
    "symbol": "CTSH",
    "reportedCurrency": "USD",
    "cik": "0001058290",
    "fillingDate": "2009-08-07",
    "acceptedDate": "2009-08-07 15:11:17",
    "calendarYear": "2009",
    "period": "Q2",
    "revenue": 776592000,
    "costOfRevenue": 433340000,
    "grossProfit": 343252000,
    "grossProfitRatio": 0.4419978573,
    "researchAndDevelopmentExpenses": 0,
    "generalAndAdministrativeExpenses": 170003000,
    "sellingAndMarketingExpenses": 0,
    "sellingGeneralAndAdministrativeExpenses": 170003000,
    "otherExpenses": 21579000,
    "operatingExpenses": 191582000,
    "costAndExpenses": 624922000,
    "interestIncome": 2622000,
    "interestExpense": 0,
    "depreciationAndAmortization": 21579000,
    "ebitda": 173249000,
    "ebitdaratio": 0.2230888291,
    "operatingIncome": 151670000,
    "operatingIncomeRatio": 0.1953020376,
    "totalOtherIncomeExpensesNet": 17496000,
    "incomeBeforeTax": 169166000,
    "incomeBeforeTaxRatio": 0.2178312421,
    "incomeTaxExpense": 27911000,
    "netIncome": 141255000,
    "netIncomeRatio": 0.1818908771,
    "eps": 0.24,
    "epsdiluted": 0.24,
    "weightedAverageShsOut": 584674000,
    "weightedAverageShsOutDil": 598544000,
    "link": "https://www.sec.gov/Archives/edgar/data/1058290/000119312509168966/0001193125-09-168966-index.htm",
    "finalLink": "https://www.sec.gov/Archives/edgar/data/1058290/000119312509168966/d10q.htm"
  },
  {
    "date": "2009-03-31",
    "symbol": "CTSH",
    "reportedCurrency": "USD",
    "cik": "0001058290",
    "fillingDate": "2009-05-08",
    "acceptedDate": "2009-05-08 16:08:40",
    "calendarYear": "2009",
    "period": "Q1",
    "revenue": 745862000,
    "costOfRevenue": 419708000,
    "grossProfit": 326154000,
    "grossProfitRatio": 0.4372846451,
    "researchAndDevelopmentExpenses": 0,
    "generalAndAdministrativeExpenses": 166872000,
    "sellingAndMarketingExpenses": 0,
    "sellingGeneralAndAdministrativeExpenses": 166872000,
    "otherExpenses": 21152000,
    "operatingExpenses": 188024000,
    "costAndExpenses": 607732000,
    "interestIncome": 2470000,
    "interestExpense": 0,
    "depreciationAndAmortization": 21152000,
    "ebitda": 159282000,
    "ebitdaratio": 0.21355425,
    "operatingIncome": 138130000,
    "operatingIncomeRatio": 0.1851951165,
    "totalOtherIncomeExpensesNet": -2641000,
    "incomeBeforeTax": 135489000,
    "incomeBeforeTaxRatio": 0.181654247,
    "incomeTaxExpense": 22357000,
    "netIncome": 113132000,
    "netIncomeRatio": 0.1516795332,
    "eps": 0.19,
    "epsdiluted": 0.19,
    "weightedAverageShsOut": 583226000,
    "weightedAverageShsOutDil": 595986000,
    "link": "https://www.sec.gov/Archives/edgar/data/1058290/000119312509105357/0001193125-09-105357-index.htm",
    "finalLink": "https://www.sec.gov/Archives/edgar/data/1058290/000119312509105357/d10q.htm"
  },
  {
    "date": "2008-12-31",
    "symbol": "CTSH",
    "reportedCurrency": "USD",
    "cik": "0001058290",
    "fillingDate": "2009-03-02",
    "acceptedDate": "2009-03-02 12:28:41",
    "calendarYear": "2008",
    "period": "Q4",
    "revenue": 753045000,
    "costOfRevenue": 419748000,
    "grossProfit": 333297000,
    "grossProfitRatio": 0.4425990479,
    "researchAndDevelopmentExpenses": 0,
    "generalAndAdministrativeExpenses": 169378000,
    "sellingAndMarketingExpenses": 0,
    "sellingGeneralAndAdministrativeExpenses": 169378000,
    "otherExpenses": 21253000,
    "operatingExpenses": 190631000,
    "costAndExpenses": 610379000,
    "interestIncome": 0,
    "interestExpense": 0,
    "depreciationAndAmortization": 21253000,
    "ebitda": 163919000,
    "ebitdaratio": 0.2176749065,
    "operatingIncome": 142666000,
    "operatingIncomeRatio": 0.1894521576,
    "totalOtherIncomeExpensesNet": -6580000,
    "incomeBeforeTax": 136086000,
    "incomeBeforeTaxRatio": 0.1807142999,
    "incomeTaxExpense": 23798000,
    "netIncome": 112288000,
    "netIncomeRatio": 0.1491119389,
    "eps": 0.19,
    "epsdiluted": 0.19,
    "weightedAverageShsOut": 582528000,
    "weightedAverageShsOutDil": 583226000,
    "link": "https://www.sec.gov/Archives/edgar/data/1058290/000119312509042103/0001193125-09-042103-index.htm",
    "finalLink": "https://www.sec.gov/Archives/edgar/data/1058290/000119312509042103/d10k.htm"
  },
  {
    "date": "2008-09-30",
    "symbol": "CTSH",
    "reportedCurrency": "USD",
    "cik": "0001058290",
    "fillingDate": "2008-11-07",
    "acceptedDate": "2008-11-07 15:55:36",
    "calendarYear": "2008",
    "period": "Q3",
    "revenue": 734726000,
    "costOfRevenue": 405936000,
    "grossProfit": 328790000,
    "grossProfitRatio": 0.4475001565,
    "researchAndDevelopmentExpenses": 0,
    "generalAndAdministrativeExpenses": 166685000,
    "sellingAndMarketingExpenses": 0,
    "sellingGeneralAndAdministrativeExpenses": 166685000,
    "otherExpenses": 19474000,
    "operatingExpenses": 186159000,
    "costAndExpenses": 592095000,
    "interestIncome": 5344000,
    "interestExpense": 0,
    "depreciationAndAmortization": 19474000,
    "ebitda": 162105000,
    "ebitdaratio": 0.2206332701,
    "operatingIncome": 142631000,
    "operatingIncomeRatio": 0.1941281512,
    "totalOtherIncomeExpensesNet": -9433000,
    "incomeBeforeTax": 133198000,
    "incomeBeforeTaxRatio": 0.1812893514,
    "incomeTaxExpense": 20370000,
    "netIncome": 112828000,
    "netIncomeRatio": 0.1535647303,
    "eps": 0.19,
    "epsdiluted": 0.19,
    "weightedAverageShsOut": 582682000,
    "weightedAverageShsOutDil": 599610000,
    "link": "https://www.sec.gov/Archives/edgar/data/1058290/000119312508229956/0001193125-08-229956-index.htm",
    "finalLink": "https://www.sec.gov/Archives/edgar/data/1058290/000119312508229956/d10q.htm"
  },
  {
    "date": "2008-06-30",
    "symbol": "CTSH",
    "reportedCurrency": "USD",
    "cik": "0001058290",
    "fillingDate": "2008-08-08",
    "acceptedDate": "2008-08-08 15:54:45",
    "calendarYear": "2008",
    "period": "Q2",
    "revenue": 685427000,
    "costOfRevenue": 380867000,
    "grossProfit": 304560000,
    "grossProfitRatio": 0.4443361583,
    "researchAndDevelopmentExpenses": 0,
    "generalAndAdministrativeExpenses": 167105000,
    "sellingAndMarketingExpenses": 0,
    "sellingGeneralAndAdministrativeExpenses": 167105000,
    "otherExpenses": 17777000,
    "operatingExpenses": 184882000,
    "costAndExpenses": 565749000,
    "interestIncome": 4864000,
    "interestExpense": 0,
    "depreciationAndAmortization": 17777000,
    "ebitda": 137455000,
    "ebitdaratio": 0.2005392259,
    "operatingIncome": 119678000,
    "operatingIncomeRatio": 0.1746035683,
    "totalOtherIncomeExpensesNet": 4379000,
    "incomeBeforeTax": 124057000,
    "incomeBeforeTaxRatio": 0.1809922866,
    "incomeTaxExpense": 20201000,
    "netIncome": 103856000,
    "netIncomeRatio": 0.1515201473,
    "eps": 0.18,
    "epsdiluted": 0.17,
    "weightedAverageShsOut": 579418000,
    "weightedAverageShsOutDil": 598664000,
    "link": "https://www.sec.gov/Archives/edgar/data/1058290/000119312508171888/0001193125-08-171888-index.htm",
    "finalLink": "https://www.sec.gov/Archives/edgar/data/1058290/000119312508171888/d10q.htm"
  },
  {
    "date": "2008-03-31",
    "symbol": "CTSH",
    "reportedCurrency": "USD",
    "cik": "0001058290",
    "fillingDate": "2008-05-12",
    "acceptedDate": "2008-05-12 12:50:09",
    "calendarYear": "2008",
    "period": "Q1",
    "revenue": 643106000,
    "costOfRevenue": 366265000,
    "grossProfit": 276841000,
    "grossProfitRatio": 0.4304749139,
    "researchAndDevelopmentExpenses": 0,
    "generalAndAdministrativeExpenses": 148853000,
    "sellingAndMarketingExpenses": 0,
    "sellingGeneralAndAdministrativeExpenses": 148853000,
    "otherExpenses": 16293000,
    "operatingExpenses": 165146000,
    "costAndExpenses": 531411000,
    "interestIncome": 6220000,
    "interestExpense": 0,
    "depreciationAndAmortization": 16293000,
    "ebitda": 127988000,
    "ebitdaratio": 0.1990154034,
    "operatingIncome": 111695000,
    "operatingIncomeRatio": 0.1736805441,
    "totalOtherIncomeExpensesNet": 10174000,
    "incomeBeforeTax": 121869000,
    "incomeBeforeTaxRatio": 0.1895006422,
    "incomeTaxExpense": 19996000,
    "netIncome": 101873000,
    "netIncomeRatio": 0.1584077897,
    "eps": 0.18,
    "epsdiluted": 0.17,
    "weightedAverageShsOut": 576342000,
    "weightedAverageShsOutDil": 598104000,
    "link": "https://www.sec.gov/Archives/edgar/data/1058290/000119312508111149/0001193125-08-111149-index.htm",
    "finalLink": "https://www.sec.gov/Archives/edgar/data/1058290/000119312508111149/d10q.htm"
  },
  {
    "date": "2007-12-31",
    "symbol": "CTSH",
    "reportedCurrency": "USD",
    "cik": "0001058290",
    "fillingDate": "2008-02-28",
    "acceptedDate": "2008-02-28 17:19:03",
    "calendarYear": "2007",
    "period": "Q4",
    "revenue": 599956000,
    "costOfRevenue": 341514000,
    "grossProfit": 258442000,
    "grossProfitRatio": 0.4307682563,
    "researchAndDevelopmentExpenses": 0,
    "generalAndAdministrativeExpenses": 137588000,
    "sellingAndMarketingExpenses": 0,
    "sellingGeneralAndAdministrativeExpenses": 137588000,
    "otherExpenses": 14735000,
    "operatingExpenses": 152323000,
    "costAndExpenses": 493837000,
    "interestIncome": 0,
    "interestExpense": 0,
    "depreciationAndAmortization": 14735000,
    "ebitda": 120854000,
    "ebitdaratio": 0.2014381055,
    "operatingIncome": 106119000,
    "operatingIncomeRatio": 0.1768779711,
    "totalOtherIncomeExpensesNet": 8640000,
    "incomeBeforeTax": 114759000,
    "incomeBeforeTaxRatio": 0.1912790271,
    "incomeTaxExpense": 18503000,
    "netIncome": 96256000,
    "netIncomeRatio": 0.1604384322,
    "eps": 0.17,
    "epsdiluted": 0.17,
    "weightedAverageShsOut": 576342000,
    "weightedAverageShsOutDil": 576342000,
    "link": "https://www.sec.gov/Archives/edgar/data/1058290/000119312508042031/0001193125-08-042031-index.htm",
    "finalLink": "https://www.sec.gov/Archives/edgar/data/1058290/000119312508042031/d10k.htm"
  },
  {
    "date": "2007-09-30",
    "symbol": "CTSH",
    "reportedCurrency": "USD",
    "cik": "0001058290",
    "fillingDate": "2007-11-09",
    "acceptedDate": "2007-11-09 14:05:55",
    "calendarYear": "2007",
    "period": "Q3",
    "revenue": 558837000,
    "costOfRevenue": 317286000,
    "grossProfit": 241551000,
    "grossProfitRatio": 0.4322387387,
    "researchAndDevelopmentExpenses": 0,
    "generalAndAdministrativeExpenses": 126551000,
    "sellingAndMarketingExpenses": 0,
    "sellingGeneralAndAdministrativeExpenses": 126551000,
    "otherExpenses": 13870000,
    "operatingExpenses": 140421000,
    "costAndExpenses": 457707000,
    "interestIncome": 7917000,
    "interestExpense": 0,
    "depreciationAndAmortization": 13870000,
    "ebitda": 115000000,
    "ebitdaratio": 0.2057845132,
    "operatingIncome": 101130000,
    "operatingIncomeRatio": 0.1809651115,
    "totalOtherIncomeExpensesNet": 10561000,
    "incomeBeforeTax": 111691000,
    "incomeBeforeTaxRatio": 0.1998632875,
    "incomeTaxExpense": 15537000,
    "netIncome": 96154000,
    "netIncomeRatio": 0.1720609051,
    "eps": 0.17,
    "epsdiluted": 0.16,
    "weightedAverageShsOut": 579118000,
    "weightedAverageShsOutDil": 609128000,
    "link": "https://www.sec.gov/Archives/edgar/data/1058290/000119312507242060/0001193125-07-242060-index.htm",
    "finalLink": "https://www.sec.gov/Archives/edgar/data/1058290/000119312507242060/d10q.htm"
  },
  {
    "date": "2007-06-30",
    "symbol": "CTSH",
    "reportedCurrency": "USD",
    "cik": "0001058290",
    "fillingDate": "2007-08-08",
    "acceptedDate": "2007-08-08 17:08:29",
    "calendarYear": "2007",
    "period": "Q2",
    "revenue": 516514000,
    "costOfRevenue": 292326000,
    "grossProfit": 224188000,
    "grossProfitRatio": 0.43404051,
    "researchAndDevelopmentExpenses": 0,
    "generalAndAdministrativeExpenses": 120464000,
    "sellingAndMarketingExpenses": 0,
    "sellingGeneralAndAdministrativeExpenses": 120464000,
    "otherExpenses": 13053000,
    "operatingExpenses": 133517000,
    "costAndExpenses": 425843000,
    "interestIncome": 6450000,
    "interestExpense": 0,
    "depreciationAndAmortization": 13053000,
    "ebitda": 103724000,
    "ebitdaratio": 0.2008154668,
    "operatingIncome": 90671000,
    "operatingIncomeRatio": 0.1755441285,
    "totalOtherIncomeExpensesNet": 6979000,
    "incomeBeforeTax": 97650000,
    "incomeBeforeTaxRatio": 0.189055863,
    "incomeTaxExpense": 15373000,
    "netIncome": 82277000,
    "netIncomeRatio": 0.1592928749,
    "eps": 0.14,
    "epsdiluted": 0.14,
    "weightedAverageShsOut": 576208000,
    "weightedAverageShsOutDil": 608192000,
    "link": "https://www.sec.gov/Archives/edgar/data/1058290/000119312507175752/0001193125-07-175752-index.htm",
    "finalLink": "https://www.sec.gov/Archives/edgar/data/1058290/000119312507175752/d10q.htm"
  },
  {
    "date": "2007-03-31",
    "symbol": "CTSH",
    "reportedCurrency": "USD",
    "cik": "0001058290",
    "fillingDate": "2007-05-10",
    "acceptedDate": "2007-05-10 13:29:29",
    "calendarYear": "2007",
    "period": "Q1",
    "revenue": 460270000,
    "costOfRevenue": 254909000,
    "grossProfit": 205361000,
    "grossProfitRatio": 0.4461750712,
    "researchAndDevelopmentExpenses": 0,
    "generalAndAdministrativeExpenses": 109499000,
    "sellingAndMarketingExpenses": 0,
    "sellingGeneralAndAdministrativeExpenses": 109499000,
    "otherExpenses": 12260000,
    "operatingExpenses": 121759000,
    "costAndExpenses": 376668000,
    "interestIncome": 6671000,
    "interestExpense": 0,
    "depreciationAndAmortization": 12260000,
    "ebitda": 95862000,
    "ebitdaratio": 0.2082734047,
    "operatingIncome": 83602000,
    "operatingIncomeRatio": 0.1816368653,
    "totalOtherIncomeExpensesNet": 6654000,
    "incomeBeforeTax": 90256000,
    "incomeBeforeTaxRatio": 0.1960935972,
    "incomeTaxExpense": 14810000,
    "netIncome": 75446000,
    "netIncomeRatio": 0.1639168314,
    "eps": 0.13,
    "epsdiluted": 0.12,
    "weightedAverageShsOut": 571608000,
    "weightedAverageShsOutDil": 607032000,
    "link": "https://www.sec.gov/Archives/edgar/data/1058290/000119312507109850/0001193125-07-109850-index.htm",
    "finalLink": "https://www.sec.gov/Archives/edgar/data/1058290/000119312507109850/d10q.htm"
  },
  {
    "date": "2006-12-31",
    "symbol": "CTSH",
    "reportedCurrency": "USD",
    "cik": "0001058290",
    "fillingDate": "2007-02-16",
    "acceptedDate": "2007-02-16 16:20:14",
    "calendarYear": "2006",
    "period": "Q4",
    "revenue": 424430000,
    "costOfRevenue": 232588000,
    "grossProfit": 191842000,
    "grossProfitRatio": 0.4519991518,
    "researchAndDevelopmentExpenses": 0,
    "generalAndAdministrativeExpenses": 105019000,
    "sellingAndMarketingExpenses": 0,
    "sellingGeneralAndAdministrativeExpenses": 105019000,
    "otherExpenses": 10471000,
    "operatingExpenses": 115490000,
    "costAndExpenses": 348078000,
    "interestIncome": 0,
    "interestExpense": 0,
    "depreciationAndAmortization": 10471000,
    "ebitda": 86823000,
    "ebitdaratio": 0.2045637679,
    "operatingIncome": 76352000,
    "operatingIncomeRatio": 0.179893033,
    "totalOtherIncomeExpensesNet": 5935000,
    "incomeBeforeTax": 82287000,
    "incomeBeforeTaxRatio": 0.1938764932,
    "incomeTaxExpense": 12754000,
    "netIncome": 69533000,
    "netIncomeRatio": 0.1638267794,
    "eps": 0.12,
    "epsdiluted": 0.12,
    "weightedAverageShsOut": 568094000,
    "weightedAverageShsOutDil": 571608000,
    "link": "https://www.sec.gov/Archives/edgar/data/1058290/000119312507034095/0001193125-07-034095-index.htm",
    "finalLink": "https://www.sec.gov/Archives/edgar/data/1058290/000119312507034095/d10k.htm"
  },
  {
    "date": "2006-09-30",
    "symbol": "CTSH",
    "reportedCurrency": "USD",
    "cik": "0001058290",
    "fillingDate": "2006-11-08",
    "acceptedDate": "2006-11-08 17:26:24",
    "calendarYear": "2006",
    "period": "Q3",
    "revenue": 377522000,
    "costOfRevenue": 208427000,
    "grossProfit": 169095000,
    "grossProfitRatio": 0.4479076716,
    "researchAndDevelopmentExpenses": 0,
    "generalAndAdministrativeExpenses": 91470000,
    "sellingAndMarketingExpenses": 0,
    "sellingGeneralAndAdministrativeExpenses": 91470000,
    "otherExpenses": 8861000,
    "operatingExpenses": 100331000,
    "costAndExpenses": 308758000,
    "interestIncome": 4787000,
    "interestExpense": 0,
    "depreciationAndAmortization": 8861000,
    "ebitda": 77625000,
    "ebitdaratio": 0.2056171561,
    "operatingIncome": 68764000,
    "operatingIncomeRatio": 0.1821456763,
    "totalOtherIncomeExpensesNet": 4176000,
    "incomeBeforeTax": 72940000,
    "incomeBeforeTaxRatio": 0.1932072833,
    "incomeTaxExpense": 11913000,
    "netIncome": 61027000,
    "netIncomeRatio": 0.1616515064,
    "eps": 0.11,
    "epsdiluted": 0.1,
    "weightedAverageShsOut": 564810000,
    "weightedAverageShsOutDil": 603342000,
    "link": "https://www.sec.gov/Archives/edgar/data/1058290/000119312506228588/0001193125-06-228588-index.htm",
    "finalLink": "https://www.sec.gov/Archives/edgar/data/1058290/000119312506228588/d10q.htm"
  },
  {
    "date": "2006-06-30",
    "symbol": "CTSH",
    "reportedCurrency": "USD",
    "cik": "0001058290",
    "fillingDate": "2006-08-09",
    "acceptedDate": "2006-08-09 16:10:25",
    "calendarYear": "2006",
    "period": "Q2",
    "revenue": 336836000,
    "costOfRevenue": 188320000,
    "grossProfit": 148516000,
    "grossProfitRatio": 0.4409148666,
    "researchAndDevelopmentExpenses": 0,
    "generalAndAdministrativeExpenses": 80044000,
    "sellingAndMarketingExpenses": 0,
    "sellingGeneralAndAdministrativeExpenses": 80044000,
    "otherExpenses": 7801000,
    "operatingExpenses": 87845000,
    "costAndExpenses": 276165000,
    "interestIncome": 3853000,
    "interestExpense": 0,
    "depreciationAndAmortization": 7801000,
    "ebitda": 68472000,
    "ebitdaratio": 0.2032799344,
    "operatingIncome": 60671000,
    "operatingIncomeRatio": 0.1801202959,
    "totalOtherIncomeExpensesNet": 5361000,
    "incomeBeforeTax": 66032000,
    "incomeBeforeTaxRatio": 0.1960360532,
    "incomeTaxExpense": 10961000,
    "netIncome": 55071000,
    "netIncomeRatio": 0.1634949946,
    "eps": 0.098,
    "epsdiluted": 0.0915,
    "weightedAverageShsOut": 562168000,
    "weightedAverageShsOutDil": 601972000,
    "link": "https://www.sec.gov/Archives/edgar/data/1058290/000119312506167721/0001193125-06-167721-index.htm",
    "finalLink": "https://www.sec.gov/Archives/edgar/data/1058290/000119312506167721/d10q.htm"
  },
  {
    "date": "2006-03-31",
    "symbol": "CTSH",
    "reportedCurrency": "USD",
    "cik": "0001058290",
    "fillingDate": "2006-05-09",
    "acceptedDate": "2006-05-09 17:14:51",
    "calendarYear": "2006",
    "period": "Q1",
    "revenue": 285479000,
    "costOfRevenue": 158588000,
    "grossProfit": 126891000,
    "grossProfitRatio": 0.444484533,
    "researchAndDevelopmentExpenses": 0,
    "generalAndAdministrativeExpenses": 66705000,
    "sellingAndMarketingExpenses": 0,
    "sellingGeneralAndAdministrativeExpenses": 66705000,
    "otherExpenses": 7030000,
    "operatingExpenses": 73735000,
    "costAndExpenses": 232323000,
    "interestIncome": 3437000,
    "interestExpense": 0,
    "depreciationAndAmortization": 7030000,
    "ebitda": 60186000,
    "ebitdaratio": 0.2108246141,
    "operatingIncome": 53156000,
    "operatingIncomeRatio": 0.1861993352,
    "totalOtherIncomeExpensesNet": 3396000,
    "incomeBeforeTax": 56552000,
    "incomeBeforeTaxRatio": 0.1980951313,
    "incomeTaxExpense": 9388000,
    "netIncome": 47164000,
    "netIncomeRatio": 0.1652100505,
    "eps": 0.0844,
    "epsdiluted": 0.0789,
    "weightedAverageShsOut": 558660000,
    "weightedAverageShsOutDil": 597416000,
    "link": "https://www.sec.gov/Archives/edgar/data/1058290/000119312506105651/0001193125-06-105651-index.htm",
    "finalLink": "https://www.sec.gov/Archives/edgar/data/1058290/000119312506105651/d10q.htm"
  },
  {
    "date": "2005-12-31",
    "symbol": "CTSH",
    "reportedCurrency": "USD",
    "cik": "0001058290",
    "fillingDate": "2006-03-15",
    "acceptedDate": "2006-03-15 15:37:09",
    "calendarYear": "2005",
    "period": "Q4",
    "revenue": 256902000,
    "costOfRevenue": 135978000,
    "grossProfit": 120924000,
    "grossProfitRatio": 0.4707008898,
    "researchAndDevelopmentExpenses": 0,
    "generalAndAdministrativeExpenses": 64604000,
    "sellingAndMarketingExpenses": 0,
    "sellingGeneralAndAdministrativeExpenses": 64604000,
    "otherExpenses": 5280000,
    "operatingExpenses": 69884000,
    "costAndExpenses": 205862000,
    "interestIncome": 0,
    "interestExpense": 0,
    "depreciationAndAmortization": 5280000,
    "ebitda": 56320000,
    "ebitdaratio": 0.2192275654,
    "operatingIncome": 51040000,
    "operatingIncomeRatio": 0.1986749811,
    "totalOtherIncomeExpensesNet": 2123000,
    "incomeBeforeTax": 53163000,
    "incomeBeforeTaxRatio": 0.2069388327,
    "incomeTaxExpense": -4510000,
    "netIncome": 57673000,
    "netIncomeRatio": 0.2244941651,
    "eps": 0.1,
    "epsdiluted": 0.1,
    "weightedAverageShsOut": 554472000,
    "weightedAverageShsOutDil": 558660000,
    "link": "https://www.sec.gov/Archives/edgar/data/1058290/000119312506054940/0001193125-06-054940-index.htm",
    "finalLink": "https://www.sec.gov/Archives/edgar/data/1058290/000119312506054940/d10k.htm"
  },
  {
    "date": "2005-09-30",
    "symbol": "CTSH",
    "reportedCurrency": "USD",
    "cik": "0001058290",
    "fillingDate": "2005-11-08",
    "acceptedDate": "2005-11-08 16:39:03",
    "calendarYear": "2005",
    "period": "Q3",
    "revenue": 235536000,
    "costOfRevenue": 128175000,
    "grossProfit": 107361000,
    "grossProfitRatio": 0.4558156715,
    "researchAndDevelopmentExpenses": 0,
    "generalAndAdministrativeExpenses": 54759000,
    "sellingAndMarketingExpenses": 0,
    "sellingGeneralAndAdministrativeExpenses": 54759000,
    "otherExpenses": 5581000,
    "operatingExpenses": 60340000,
    "costAndExpenses": 188515000,
    "interestIncome": 2221000,
    "interestExpense": 0,
    "depreciationAndAmortization": 5581000,
    "ebitda": 52602000,
    "ebitdaratio": 0.2233289179,
    "operatingIncome": 47021000,
    "operatingIncomeRatio": 0.1996340262,
    "totalOtherIncomeExpensesNet": 2351000,
    "incomeBeforeTax": 49372000,
    "incomeBeforeTaxRatio": 0.2096155153,
    "incomeTaxExpense": 8789000,
    "netIncome": 40583000,
    "netIncomeRatio": 0.172300625,
    "eps": 0.074,
    "epsdiluted": 0.0689,
    "weightedAverageShsOut": 548744000,
    "weightedAverageShsOutDil": 589124000,
    "link": "https://www.sec.gov/Archives/edgar/data/1058290/000119312505219848/0001193125-05-219848-index.htm",
    "finalLink": "https://www.sec.gov/Archives/edgar/data/1058290/000119312505219848/d10q.htm"
  },
  {
    "date": "2005-06-30",
    "symbol": "CTSH",
    "reportedCurrency": "USD",
    "cik": "0001058290",
    "fillingDate": "2005-08-08",
    "acceptedDate": "2005-08-08 16:33:55",
    "calendarYear": "2005",
    "period": "Q2",
    "revenue": 211711000,
    "costOfRevenue": 117768000,
    "grossProfit": 93943000,
    "grossProfitRatio": 0.4437322577,
    "researchAndDevelopmentExpenses": 0,
    "generalAndAdministrativeExpenses": 46126000,
    "sellingAndMarketingExpenses": 0,
    "sellingGeneralAndAdministrativeExpenses": 46126000,
    "otherExpenses": 5449000,
    "operatingExpenses": 51575000,
    "costAndExpenses": 169343000,
    "interestIncome": 2061000,
    "interestExpense": 0,
    "depreciationAndAmortization": 5449000,
    "ebitda": 47817000,
    "ebitdaratio": 0.2258597805,
    "operatingIncome": 42368000,
    "operatingIncomeRatio": 0.2001218642,
    "totalOtherIncomeExpensesNet": 1466000,
    "incomeBeforeTax": 43834000,
    "incomeBeforeTaxRatio": 0.2070463982,
    "incomeTaxExpense": 7802000,
    "netIncome": 36032000,
    "netIncomeRatio": 0.1701942743,
    "eps": 0.0664,
    "epsdiluted": 0.0615,
    "weightedAverageShsOut": 542748000,
    "weightedAverageShsOutDil": 586216000,
    "link": "https://www.sec.gov/Archives/edgar/data/1058290/000119312505160812/0001193125-05-160812-index.htm",
    "finalLink": "https://www.sec.gov/Archives/edgar/data/1058290/000119312505160812/d10q.htm"
  },
  {
    "date": "2005-03-31",
    "symbol": "CTSH",
    "reportedCurrency": "USD",
    "cik": "0001058290",
    "fillingDate": "2005-05-10",
    "acceptedDate": "2005-05-10 12:31:19",
    "calendarYear": "2005",
    "period": "Q1",
    "revenue": 181681000,
    "costOfRevenue": 97994000,
    "grossProfit": 83687000,
    "grossProfitRatio": 0.4606260423,
    "researchAndDevelopmentExpenses": 0,
    "generalAndAdministrativeExpenses": 41410000,
    "sellingAndMarketingExpenses": 0,
    "sellingGeneralAndAdministrativeExpenses": 41410000,
    "otherExpenses": 5090000,
    "operatingExpenses": 46500000,
    "costAndExpenses": 144494000,
    "interestIncome": 1840000,
    "interestExpense": 0,
    "depreciationAndAmortization": 5090000,
    "ebitda": 42277000,
    "ebitdaratio": 0.2326990714,
    "operatingIncome": 37187000,
    "operatingIncomeRatio": 0.2046829333,
    "totalOtherIncomeExpensesNet": 1716000,
    "incomeBeforeTax": 38903000,
    "incomeBeforeTaxRatio": 0.2141280596,
    "incomeTaxExpense": 6925000,
    "netIncome": 31978000,
    "netIncomeRatio": 0.1760118009,
    "eps": 0.0594,
    "epsdiluted": 0.0548,
    "weightedAverageShsOut": 537940000,
    "weightedAverageShsOutDil": 583284000,
    "link": "https://www.sec.gov/Archives/edgar/data/1058290/000095012305005998/0000950123-05-005998-index.htm",
    "finalLink": "https://www.sec.gov/Archives/edgar/data/1058290/000095012305005998/y08834e10vq.htm"
  },
  {
    "date": "2004-12-31",
    "symbol": "CTSH",
    "reportedCurrency": "USD",
    "cik": "0001058290",
    "fillingDate": "2005-03-16",
    "acceptedDate": "2005-03-16 15:07:48",
    "calendarYear": "2004",
    "period": "Q4",
    "revenue": 172781000,
    "costOfRevenue": 94657000,
    "grossProfit": 78124000,
    "grossProfitRatio": 0.4521561977,
    "researchAndDevelopmentExpenses": 0,
    "generalAndAdministrativeExpenses": 38182000,
    "sellingAndMarketingExpenses": 0,
    "sellingGeneralAndAdministrativeExpenses": 38182000,
    "otherExpenses": 4671000,
    "operatingExpenses": 42853000,
    "costAndExpenses": 137510000,
    "interestIncome": 0,
    "interestExpense": 0,
    "depreciationAndAmortization": 4671000,
    "ebitda": 39942000,
    "ebitdaratio": 0.2311712515,
    "operatingIncome": 35271000,
    "operatingIncomeRatio": 0.204137029,
    "totalOtherIncomeExpensesNet": 1584000,
    "incomeBeforeTax": 36855000,
    "incomeBeforeTaxRatio": 0.2133047036,
    "incomeTaxExpense": 6253000,
    "netIncome": 30602000,
    "netIncomeRatio": 0.1771143818,
    "eps": 0.0569,
    "epsdiluted": 0.0569,
    "weightedAverageShsOut": 532864000,
    "weightedAverageShsOutDil": 537940000,
    "link": "https://www.sec.gov/Archives/edgar/data/1058290/000095012305003226/0000950123-05-003226-index.htm",
    "finalLink": "https://www.sec.gov/Archives/edgar/data/1058290/000095012305003226/y06838e10vk.htm"
  },
  {
    "date": "2004-09-30",
    "symbol": "CTSH",
    "reportedCurrency": "USD",
    "cik": "0001058290",
    "fillingDate": "2004-11-08",
    "acceptedDate": "2004-11-08 17:12:40",
    "calendarYear": "2004",
    "period": "Q3",
    "revenue": 155429000,
    "costOfRevenue": 84585000,
    "grossProfit": 70844000,
    "grossProfitRatio": 0.4557965373,
    "researchAndDevelopmentExpenses": 0,
    "generalAndAdministrativeExpenses": 35889000,
    "sellingAndMarketingExpenses": 0,
    "sellingGeneralAndAdministrativeExpenses": 35889000,
    "otherExpenses": 4083000,
    "operatingExpenses": 39972000,
    "costAndExpenses": 124557000,
    "interestIncome": 1267000,
    "interestExpense": 0,
    "depreciationAndAmortization": 4083000,
    "ebitda": 34955000,
    "ebitdaratio": 0.2248936814,
    "operatingIncome": 30872000,
    "operatingIncomeRatio": 0.1986244523,
    "totalOtherIncomeExpensesNet": 1015000,
    "incomeBeforeTax": 31887000,
    "incomeBeforeTaxRatio": 0.2051547652,
    "incomeTaxExpense": 5835000,
    "netIncome": 26052000,
    "netIncomeRatio": 0.1676135084,
    "eps": 0.0494,
    "epsdiluted": 0.0456,
    "weightedAverageShsOut": 526988000,
    "weightedAverageShsOutDil": 570884000,
    "link": "https://www.sec.gov/Archives/edgar/data/1058290/000095012304013194/0000950123-04-013194-index.htm",
    "finalLink": "https://www.sec.gov/Archives/edgar/data/1058290/000095012304013194/y68510e10vq.htm"
  },
  {
    "date": "2004-06-30",
    "symbol": "CTSH",
    "reportedCurrency": "USD",
    "cik": "0001058290",
    "fillingDate": "2004-08-06",
    "acceptedDate": "2004-08-06 16:03:24",
    "calendarYear": "2004",
    "period": "Q2",
    "revenue": 138719000,
    "costOfRevenue": 75558000,
    "grossProfit": 63161000,
    "grossProfitRatio": 0.4553161427,
    "researchAndDevelopmentExpenses": 0,
    "generalAndAdministrativeExpenses": 31543000,
    "sellingAndMarketingExpenses": 0,
    "sellingGeneralAndAdministrativeExpenses": 31543000,
    "otherExpenses": 3828000,
    "operatingExpenses": 35371000,
    "costAndExpenses": 110929000,
    "interestIncome": 815000,
    "interestExpense": 0,
    "depreciationAndAmortization": 3828000,
    "ebitda": 31618000,
    "ebitdaratio": 0.227928402,
    "operatingIncome": 27790000,
    "operatingIncomeRatio": 0.2003330474,
    "totalOtherIncomeExpensesNet": 735000,
    "incomeBeforeTax": 28525000,
    "incomeBeforeTaxRatio": 0.2056315285,
    "incomeTaxExpense": 4724000,
    "netIncome": 23801000,
    "netIncomeRatio": 0.1715770731,
    "eps": 0.0457,
    "epsdiluted": 0.0422,
    "weightedAverageShsOut": 520468000,
    "weightedAverageShsOutDil": 564656000,
    "link": "https://www.sec.gov/Archives/edgar/data/1058290/000095012304009379/0000950123-04-009379-index.htm",
    "finalLink": "https://www.sec.gov/Archives/edgar/data/1058290/000095012304009379/y99906e10vq.htm"
  },
  {
    "date": "2004-03-31",
    "symbol": "CTSH",
    "reportedCurrency": "USD",
    "cik": "0001058290",
    "fillingDate": "2004-05-07",
    "acceptedDate": "2004-05-07 16:28:26",
    "calendarYear": "2004",
    "period": "Q1",
    "revenue": 119744000,
    "costOfRevenue": 65010000,
    "grossProfit": 54734000,
    "grossProfitRatio": 0.4570917958,
    "researchAndDevelopmentExpenses": 0,
    "generalAndAdministrativeExpenses": 27182000,
    "sellingAndMarketingExpenses": 0,
    "sellingGeneralAndAdministrativeExpenses": 27182000,
    "otherExpenses": 3865000,
    "operatingExpenses": 31047000,
    "costAndExpenses": 96057000,
    "interestIncome": 0,
    "interestExpense": 0,
    "depreciationAndAmortization": 3865000,
    "ebitda": 27552000,
    "ebitdaratio": 0.2300908605,
    "operatingIncome": 23687000,
    "operatingIncomeRatio": 0.1978136692,
    "totalOtherIncomeExpensesNet": 1141000,
    "incomeBeforeTax": 24828000,
    "incomeBeforeTaxRatio": 0.2073423303,
    "incomeTaxExpense": 5040000,
    "netIncome": 19788000,
    "netIncomeRatio": 0.1652525387,
    "eps": 0.0384,
    "epsdiluted": 0.0349,
    "weightedAverageShsOut": 515524000,
    "weightedAverageShsOutDil": 566604000,
    "link": "https://www.sec.gov/Archives/edgar/data/1058290/000090310004000200/0000903100-04-000200-index.htm",
    "finalLink": "https://www.sec.gov/Archives/edgar/data/1058290/000090310004000200/form10q_33104.txt"
  },
  {
    "date": "2003-12-31",
    "symbol": "CTSH",
    "reportedCurrency": "USD",
    "cik": "0001058290",
    "fillingDate": "2004-03-12",
    "acceptedDate": "2004-03-12 17:00:09",
    "calendarYear": "2003",
    "period": "Q4",
    "revenue": 108158000,
    "costOfRevenue": 58598000,
    "grossProfit": 49560000,
    "grossProfitRatio": 0.4582185321,
    "researchAndDevelopmentExpenses": 0,
    "generalAndAdministrativeExpenses": 24635000,
    "sellingAndMarketingExpenses": 0,
    "sellingGeneralAndAdministrativeExpenses": 24635000,
    "otherExpenses": 1529000,
    "operatingExpenses": 26164000,
    "costAndExpenses": 84762000,
    "interestIncome": 0,
    "interestExpense": 0,
    "depreciationAndAmortization": 3539000,
    "ebitda": 24439000,
    "ebitdaratio": 0.2259564711,
    "operatingIncome": 21386000,
    "operatingIncomeRatio": 0.197729248,
    "totalOtherIncomeExpensesNet": 691000,
    "incomeBeforeTax": 22077000,
    "incomeBeforeTaxRatio": 0.2041180495,
    "incomeTaxExpense": 4352000,
    "netIncome": 17725000,
    "netIncomeRatio": 0.1638806191,
    "eps": 0.0344,
    "epsdiluted": 0.0344,
    "weightedAverageShsOut": 511432000,
    "weightedAverageShsOutDil": 515520000,
    "link": "https://www.sec.gov/Archives/edgar/data/1058290/000090310004000126/0000903100-04-000126-index.htm",
    "finalLink": "https://www.sec.gov/Archives/edgar/data/1058290/000090310004000126/form10k_123103.txt"
  },
  {
    "date": "2003-09-30",
    "symbol": "CTSH",
    "reportedCurrency": "USD",
    "cik": "0001058290",
    "fillingDate": "2003-11-12",
    "acceptedDate": "2003-11-12 12:02:09",
    "calendarYear": "2003",
    "period": "Q3",
    "revenue": 98111000,
    "costOfRevenue": 52968000,
    "grossProfit": 45143000,
    "grossProfitRatio": 0.4601216989,
    "researchAndDevelopmentExpenses": 0,
    "generalAndAdministrativeExpenses": 22861000,
    "sellingAndMarketingExpenses": 0,
    "sellingGeneralAndAdministrativeExpenses": 22861000,
    "otherExpenses": 3008000,
    "operatingExpenses": 25869000,
    "costAndExpenses": 78837000,
    "interestIncome": 0,
    "interestExpense": 0,
    "depreciationAndAmortization": 3008000,
    "ebitda": 22282000,
    "ebitdaratio": 0.22711011,
    "operatingIncome": 19274000,
    "operatingIncomeRatio": 0.1964509586,
    "totalOtherIncomeExpensesNet": 596000,
    "incomeBeforeTax": 19870000,
    "incomeBeforeTaxRatio": 0.2025257107,
    "incomeTaxExpense": 3910000,
    "netIncome": 15960000,
    "netIncomeRatio": 0.1626728909,
    "eps": 0.0317,
    "epsdiluted": 0.0289,
    "weightedAverageShsOut": 503216000,
    "weightedAverageShsOutDil": 552656000,
    "link": "https://www.sec.gov/Archives/edgar/data/1058290/000090310003000375/0000903100-03-000375-index.htm",
    "finalLink": "https://www.sec.gov/Archives/edgar/data/1058290/000090310003000375/form10q_9302003.txt"
  },
  {
    "date": "2003-06-30",
    "symbol": "CTSH",
    "reportedCurrency": "USD",
    "cik": "0001058290",
    "fillingDate": "2003-08-13",
    "acceptedDate": "2003-08-13 16:41:49",
    "calendarYear": "2003",
    "period": "Q2",
    "revenue": 87446000,
    "costOfRevenue": 47199000,
    "grossProfit": 40247000,
    "grossProfitRatio": 0.4602497541,
    "researchAndDevelopmentExpenses": 0,
    "generalAndAdministrativeExpenses": 20352000,
    "sellingAndMarketingExpenses": 0,
    "sellingGeneralAndAdministrativeExpenses": 20352000,
    "otherExpenses": 2767000,
    "operatingExpenses": 23119000,
    "costAndExpenses": 70318000,
    "interestIncome": 0,
    "interestExpense": 0,
    "depreciationAndAmortization": 2767000,
    "ebitda": 19895000,
    "ebitdaratio": 0.2275118359,
    "operatingIncome": 17128000,
    "operatingIncomeRatio": 0.1958694509,
    "totalOtherIncomeExpensesNet": 418000,
    "incomeBeforeTax": 17546000,
    "incomeBeforeTaxRatio": 0.2006495437,
    "incomeTaxExpense": 4044000,
    "netIncome": 13502000,
    "netIncomeRatio": 0.1544038607,
    "eps": 0.0273,
    "epsdiluted": 0.0255,
    "weightedAverageShsOut": 495080000,
    "weightedAverageShsOutDil": 529912000,
    "link": "https://www.sec.gov/Archives/edgar/data/1058290/000090310003000261/0000903100-03-000261-index.htm",
    "finalLink": "https://www.sec.gov/Archives/edgar/data/1058290/000090310003000261/form10q_63003.txt"
  },
  {
    "date": "2003-03-31",
    "symbol": "CTSH",
    "reportedCurrency": "USD",
    "cik": "0001058290",
    "fillingDate": "2003-05-14",
    "acceptedDate": "2003-05-14 14:21:54",
    "calendarYear": "2003",
    "period": "Q1",
    "revenue": 74516000,
    "costOfRevenue": 40959000,
    "grossProfit": 33557000,
    "grossProfitRatio": 0.4503328144,
    "researchAndDevelopmentExpenses": 0,
    "generalAndAdministrativeExpenses": 16411000,
    "sellingAndMarketingExpenses": 0,
    "sellingGeneralAndAdministrativeExpenses": 16411000,
    "otherExpenses": 2622000,
    "operatingExpenses": 19033000,
    "costAndExpenses": 59992000,
    "interestIncome": 0,
    "interestExpense": 0,
    "depreciationAndAmortization": 2622000,
    "ebitda": 17146000,
    "ebitdaratio": 0.2300982339,
    "operatingIncome": 14524000,
    "operatingIncomeRatio": 0.19491116,
    "totalOtherIncomeExpensesNet": -1786000,
    "incomeBeforeTax": 12738000,
    "incomeBeforeTaxRatio": 0.1709431531,
    "incomeTaxExpense": 2560000,
    "netIncome": 10178000,
    "netIncomeRatio": 0.1365881153,
    "eps": 0.0207,
    "epsdiluted": 0.0193,
    "weightedAverageShsOut": 490552000,
    "weightedAverageShsOutDil": 527944000,
    "link": "https://www.sec.gov/Archives/edgar/data/1058290/000090310003000118/0000903100-03-000118-index.htm",
    "finalLink": "https://www.sec.gov/Archives/edgar/data/1058290/000090310003000118/form10q33103.txt"
  },
  {
    "date": "2002-12-31",
    "symbol": "CTSH",
    "reportedCurrency": "USD",
    "cik": "0001058290",
    "fillingDate": "2003-03-14",
    "acceptedDate": "2003-03-14 16:58:46",
    "calendarYear": "2002",
    "period": "Q4",
    "revenue": 67011000,
    "costOfRevenue": 36194000,
    "grossProfit": 30817000,
    "grossProfitRatio": 0.4598797212,
    "researchAndDevelopmentExpenses": 0,
    "generalAndAdministrativeExpenses": 15412000,
    "sellingAndMarketingExpenses": 0,
    "sellingGeneralAndAdministrativeExpenses": 15412000,
    "otherExpenses": 2163000,
    "operatingExpenses": 17575000,
    "costAndExpenses": 53769000,
    "interestIncome": 0,
    "interestExpense": 0,
    "depreciationAndAmortization": 2163000,
    "ebitda": 15405000,
    "ebitdaratio": 0.2298876304,
    "operatingIncome": 13242000,
    "operatingIncomeRatio": 0.1976093477,
    "totalOtherIncomeExpensesNet": -1323000,
    "incomeBeforeTax": 11919000,
    "incomeBeforeTaxRatio": 0.1778663205,
    "incomeTaxExpense": 2780000,
    "netIncome": 9139000,
    "netIncomeRatio": 0.1363805942,
    "eps": 0.0186,
    "epsdiluted": 0.0186,
    "weightedAverageShsOut": 483168000,
    "weightedAverageShsOutDil": 490552000,
    "link": "https://www.sec.gov/Archives/edgar/data/1058290/000090310003000057/0000903100-03-000057-index.htm",
    "finalLink": "https://www.sec.gov/Archives/edgar/data/1058290/000090310003000057/form10k-123102.txt"
  },
  {
    "date": "2002-09-30",
    "symbol": "CTSH",
    "reportedCurrency": "USD",
    "cik": "0001058290",
    "fillingDate": "2002-11-14",
    "acceptedDate": "2002-11-14 16:15:56",
    "calendarYear": "2002",
    "period": "Q3",
    "revenue": 61233000,
    "costOfRevenue": 32970000,
    "grossProfit": 28263000,
    "grossProfitRatio": 0.4615648425,
    "researchAndDevelopmentExpenses": 0,
    "generalAndAdministrativeExpenses": 14150000,
    "sellingAndMarketingExpenses": 0,
    "sellingGeneralAndAdministrativeExpenses": 14150000,
    "otherExpenses": 2005000,
    "operatingExpenses": 16155000,
    "costAndExpenses": 49125000,
    "interestIncome": 0,
    "interestExpense": 0,
    "depreciationAndAmortization": 2005000,
    "ebitda": 14113000,
    "ebitdaratio": 0.2304802966,
    "operatingIncome": 12108000,
    "operatingIncomeRatio": 0.1977365146,
    "totalOtherIncomeExpensesNet": 495000,
    "incomeBeforeTax": 12603000,
    "incomeBeforeTaxRatio": 0.205820391,
    "incomeTaxExpense": 2936000,
    "netIncome": 9667000,
    "netIncomeRatio": 0.1578723891,
    "eps": 0.0203,
    "epsdiluted": 0.0188,
    "weightedAverageShsOut": 476688000,
    "weightedAverageShsOutDil": 514824000,
    "link": "https://www.sec.gov/Archives/edgar/data/1058290/000095012302010940/0000950123-02-010940-index.htm",
    "finalLink": "https://www.sec.gov/Archives/edgar/data/1058290/000095012302010940/y65805e10vq.txt"
  },
  {
    "date": "2002-06-30",
    "symbol": "CTSH",
    "reportedCurrency": "USD",
    "cik": "0001058290",
    "fillingDate": "2002-08-08",
    "acceptedDate": "2002-08-08 11:57:47",
    "calendarYear": "2002",
    "period": "Q2",
    "revenue": 54358000,
    "costOfRevenue": 29348000,
    "grossProfit": 25010000,
    "grossProfitRatio": 0.4600978697,
    "researchAndDevelopmentExpenses": 0,
    "generalAndAdministrativeExpenses": 12561000,
    "sellingAndMarketingExpenses": 0,
    "sellingGeneralAndAdministrativeExpenses": 12561000,
    "otherExpenses": 1747000,
    "operatingExpenses": 14308000,
    "costAndExpenses": 43656000,
    "interestIncome": 0,
    "interestExpense": 0,
    "depreciationAndAmortization": 1747000,
    "ebitda": 12449000,
    "ebitdaratio": 0.2290187277,
    "operatingIncome": 10702000,
    "operatingIncomeRatio": 0.1968799441,
    "totalOtherIncomeExpensesNet": 451000,
    "incomeBeforeTax": 11153000,
    "incomeBeforeTaxRatio": 0.2051767909,
    "incomeTaxExpense": 2506000,
    "netIncome": 8647000,
    "netIncomeRatio": 0.1590750212,
    "eps": 0.0184,
    "epsdiluted": 0.0171,
    "weightedAverageShsOut": 469896000,
    "weightedAverageShsOutDil": 505320000,
    "link": "https://www.sec.gov/Archives/edgar/data/1058290/000090310002000265/0000903100-02-000265-index.htm",
    "finalLink": "https://www.sec.gov/Archives/edgar/data/1058290/000090310002000265/form_10q-63002.txt"
  },
  {
    "date": "2002-03-31",
    "symbol": "CTSH",
    "reportedCurrency": "USD",
    "cik": "0001058290",
    "fillingDate": "2002-05-13",
    "acceptedDate": "2002-05-13 16:20:42",
    "calendarYear": "2002",
    "period": "Q1",
    "revenue": 46484000,
    "costOfRevenue": 24189000,
    "grossProfit": 22295000,
    "grossProfitRatio": 0.4796273987,
    "researchAndDevelopmentExpenses": 0,
    "generalAndAdministrativeExpenses": 11222000,
    "sellingAndMarketingExpenses": 0,
    "sellingGeneralAndAdministrativeExpenses": 11222000,
    "otherExpenses": 1927000,
    "operatingExpenses": 13149000,
    "costAndExpenses": 37338000,
    "interestIncome": 0,
    "interestExpense": 0,
    "depreciationAndAmortization": 1927000,
    "ebitda": 11073000,
    "ebitdaratio": 0.2382109973,
    "operatingIncome": 9146000,
    "operatingIncomeRatio": 0.196755873,
    "totalOtherIncomeExpensesNet": 270000,
    "incomeBeforeTax": 9416000,
    "incomeBeforeTaxRatio": 0.2025643232,
    "incomeTaxExpense": 2307000,
    "netIncome": 7109000,
    "netIncomeRatio": 0.152934343,
    "eps": 0.0153,
    "epsdiluted": 0.0144,
    "weightedAverageShsOut": 464760000,
    "weightedAverageShsOutDil": 493608000,
    "link": "https://www.sec.gov/Archives/edgar/data/1058290/000090310002000144/0000903100-02-000144-index.htm",
    "finalLink": "https://www.sec.gov/Archives/edgar/data/1058290/000090310002000144/form_10q33102.txt"
  },
  {
    "date": "2001-12-31",
    "symbol": "CTSH",
    "reportedCurrency": "USD",
    "cik": "0001058290",
    "fillingDate": "2002-03-11",
    "acceptedDate": "2002-03-11 00:00:00",
    "calendarYear": "2001",
    "period": "Q4",
    "revenue": 43461000,
    "costOfRevenue": 21989000,
    "grossProfit": 21472000,
    "grossProfitRatio": 0.4940521387,
    "researchAndDevelopmentExpenses": 0,
    "generalAndAdministrativeExpenses": 10636000,
    "sellingAndMarketingExpenses": 0,
    "sellingGeneralAndAdministrativeExpenses": 10636000,
    "otherExpenses": 1802000,
    "operatingExpenses": 12438000,
    "costAndExpenses": 34427000,
    "interestIncome": 0,
    "interestExpense": 0,
    "depreciationAndAmortization": 1801000,
    "ebitda": 12954000,
    "ebitdaratio": 0.29806033,
    "operatingIncome": 9034000,
    "operatingIncomeRatio": 0.2078645222,
    "totalOtherIncomeExpensesNet": -1623000,
    "incomeBeforeTax": 7411000,
    "incomeBeforeTaxRatio": 0.1705206967,
    "incomeTaxExpense": 2771000,
    "netIncome": 4640000,
    "netIncomeRatio": 0.1067623847,
    "eps": 0.01,
    "epsdiluted": 0.01,
    "weightedAverageShsOut": 464760000,
    "weightedAverageShsOutDil": 464760000,
    "link": "https://www.sec.gov/Archives/edgar/data/1058290/000090310002000082/0000903100-02-000082-index.htm",
    "finalLink": "https://www.sec.gov/Archives/edgar/data/1058290/000090310002000082/form10-k_123101.txt"
  },
  {
    "date": "2001-09-30",
    "symbol": "CTSH",
    "reportedCurrency": "USD",
    "cik": "0001058290",
    "fillingDate": "2001-11-13",
    "acceptedDate": "2001-11-13 00:00:00",
    "calendarYear": "2001",
    "period": "Q3",
    "revenue": 45502000,
    "costOfRevenue": 23109000,
    "grossProfit": 22393000,
    "grossProfitRatio": 0.492132214,
    "researchAndDevelopmentExpenses": 0,
    "generalAndAdministrativeExpenses": 11441000,
    "sellingAndMarketingExpenses": 0,
    "sellingGeneralAndAdministrativeExpenses": 11441000,
    "otherExpenses": 1629000,
    "operatingExpenses": 13070000,
    "costAndExpenses": 36179000,
    "interestIncome": 0,
    "interestExpense": 0,
    "depreciationAndAmortization": 1629000,
    "ebitda": 10952000,
    "ebitdaratio": 0.2406927168,
    "operatingIncome": 9323000,
    "operatingIncomeRatio": 0.2048920927,
    "totalOtherIncomeExpensesNet": 434000,
    "incomeBeforeTax": 9757000,
    "incomeBeforeTaxRatio": 0.2144301349,
    "incomeTaxExpense": 3649000,
    "netIncome": 6108000,
    "netIncomeRatio": 0.1342358578,
    "eps": 0.0133,
    "epsdiluted": 0.0124,
    "weightedAverageShsOut": 460416000,
    "weightedAverageShsOutDil": 492360000,
    "link": "https://www.sec.gov/Archives/edgar/data/1058290/000090310001500194/0000903100-01-500194-index.htm",
    "finalLink": "https://www.sec.gov/Archives/edgar/data/1058290/000090310001500194/form10q_93001.txt"
  },
  {
    "date": "2001-06-30",
    "symbol": "CTSH",
    "reportedCurrency": "USD",
    "cik": "0001058290",
    "fillingDate": "2001-08-10",
    "acceptedDate": "2001-08-10 00:00:00",
    "calendarYear": "2001",
    "period": "Q2",
    "revenue": 45411000,
    "costOfRevenue": 23381000,
    "grossProfit": 22030000,
    "grossProfitRatio": 0.4851247495,
    "researchAndDevelopmentExpenses": 0,
    "generalAndAdministrativeExpenses": 11657000,
    "sellingAndMarketingExpenses": 0,
    "sellingGeneralAndAdministrativeExpenses": 11657000,
    "otherExpenses": 1499000,
    "operatingExpenses": 13156000,
    "costAndExpenses": 36537000,
    "interestIncome": 0,
    "interestExpense": 0,
    "depreciationAndAmortization": 1499000,
    "ebitda": 10373000,
    "ebitdaratio": 0.228424831,
    "operatingIncome": 8874000,
    "operatingIncomeRatio": 0.1954152078,
    "totalOtherIncomeExpensesNet": 467000,
    "incomeBeforeTax": 9341000,
    "incomeBeforeTaxRatio": 0.2056990597,
    "incomeTaxExpense": 3494000,
    "netIncome": 5847000,
    "netIncomeRatio": 0.1287573495,
    "eps": 0.0129,
    "epsdiluted": 0.0119,
    "weightedAverageShsOut": 453912000,
    "weightedAverageShsOutDil": 491136000,
    "link": "https://www.sec.gov/Archives/edgar/data/1058290/000090310001500092/0000903100-01-500092-index.htm",
    "finalLink": "https://www.sec.gov/Archives/edgar/data/1058290/000090310001500092/form10-q60101.txt"
  },
  {
    "date": "2001-03-31",
    "symbol": "CTSH",
    "reportedCurrency": "USD",
    "cik": "0001058290",
    "fillingDate": "2001-05-11",
    "acceptedDate": "2001-05-11 00:00:00",
    "calendarYear": "2001",
    "period": "Q1",
    "revenue": 43404000,
    "costOfRevenue": 22369000,
    "grossProfit": 21035000,
    "grossProfitRatio": 0.4846327527,
    "researchAndDevelopmentExpenses": 0,
    "generalAndAdministrativeExpenses": 11208000,
    "sellingAndMarketingExpenses": 0,
    "sellingGeneralAndAdministrativeExpenses": 11208000,
    "otherExpenses": 1438000,
    "operatingExpenses": 12646000,
    "costAndExpenses": 35015000,
    "interestIncome": 0,
    "interestExpense": 0,
    "depreciationAndAmortization": 1438000,
    "ebitda": 9827000,
    "ebitdaratio": 0.2264077044,
    "operatingIncome": 8389000,
    "operatingIncomeRatio": 0.1932771173,
    "totalOtherIncomeExpensesNet": 501000,
    "incomeBeforeTax": 8890000,
    "incomeBeforeTaxRatio": 0.2048198323,
    "incomeTaxExpense": 3325000,
    "netIncome": 5565000,
    "netIncomeRatio": 0.1282139895,
    "eps": 0.0124,
    "epsdiluted": 0.0115,
    "weightedAverageShsOut": 448752000,
    "weightedAverageShsOutDil": 485568000,
    "link": "https://www.sec.gov/Archives/edgar/data/1058290/000090310001500025/0000903100-01-500025-index.htm",
    "finalLink": "https://www.sec.gov/Archives/edgar/data/1058290/000090310001500025/cognizant10-q_33101.txt"
  },
  {
    "date": "2000-12-31",
    "symbol": "CTSH",
    "reportedCurrency": "USD",
    "cik": "0001058290",
    "fillingDate": "2001-03-15",
    "acceptedDate": "2001-03-15 00:00:00",
    "calendarYear": "2000",
    "period": "Q4",
    "revenue": 41053000,
    "costOfRevenue": 21012000,
    "grossProfit": 20041000,
    "grossProfitRatio": 0.4881738241,
    "researchAndDevelopmentExpenses": 0,
    "generalAndAdministrativeExpenses": 10891000,
    "sellingAndMarketingExpenses": 0,
    "sellingGeneralAndAdministrativeExpenses": 10891000,
    "otherExpenses": 1265000,
    "operatingExpenses": 12156000,
    "costAndExpenses": 33168000,
    "interestIncome": 0,
    "interestExpense": 0,
    "depreciationAndAmortization": 1265000,
    "ebitda": 9150000,
    "ebitdaratio": 0.2228826152,
    "operatingIncome": 7885000,
    "operatingIncomeRatio": 0.1920687891,
    "totalOtherIncomeExpensesNet": 771000,
    "incomeBeforeTax": 8656000,
    "incomeBeforeTaxRatio": 0.2108493898,
    "incomeTaxExpense": 3237000,
    "netIncome": 5419000,
    "netIncomeRatio": 0.1320000974,
    "eps": 0.0121,
    "epsdiluted": 0.0121,
    "weightedAverageShsOut": 447504000,
    "weightedAverageShsOutDil": 448752000,
    "link": "https://www.sec.gov/Archives/edgar/data/1058290/000090310001000038/0000903100-01-000038-index.htm",
    "finalLink": "https://www.sec.gov/Archives/edgar/data/1058290/000090310001000038/0000903100-01-000038-0001.txt"
  },
  {
    "date": "2000-09-30",
    "symbol": "CTSH",
    "reportedCurrency": "USD",
    "cik": "0001058290",
    "fillingDate": "2000-11-09",
    "acceptedDate": "2000-11-09 00:00:00",
    "calendarYear": "2000",
    "period": "Q3",
    "revenue": 37107000,
    "costOfRevenue": 19110000,
    "grossProfit": 17997000,
    "grossProfitRatio": 0.4850028297,
    "researchAndDevelopmentExpenses": 0,
    "generalAndAdministrativeExpenses": 9673000,
    "sellingAndMarketingExpenses": 0,
    "sellingGeneralAndAdministrativeExpenses": 9673000,
    "otherExpenses": 1245000,
    "operatingExpenses": 10918000,
    "costAndExpenses": 30028000,
    "interestIncome": 0,
    "interestExpense": 0,
    "depreciationAndAmortization": 1245000,
    "ebitda": 8324000,
    "ebitdaratio": 0.2243242515,
    "operatingIncome": 7079000,
    "operatingIncomeRatio": 0.1907726305,
    "totalOtherIncomeExpensesNet": 565000,
    "incomeBeforeTax": 7644000,
    "incomeBeforeTaxRatio": 0.2059988681,
    "incomeTaxExpense": 2859000,
    "netIncome": 4785000,
    "netIncomeRatio": 0.1289514108,
    "eps": 0.0107,
    "epsdiluted": 0.0099,
    "weightedAverageShsOut": 446016000,
    "weightedAverageShsOutDil": 482616000,
    "link": "https://www.sec.gov/Archives/edgar/data/1058290/000101535700000191/0001015357-00-000191-index.htm",
    "finalLink": "https://www.sec.gov/Archives/edgar/data/1058290/000101535700000191/0001015357-00-000191-0001.txt"
  },
  {
    "date": "2000-06-30",
    "symbol": "CTSH",
    "reportedCurrency": "USD",
    "cik": "0001058290",
    "fillingDate": "2000-08-08",
    "acceptedDate": "2000-08-08 00:00:00",
    "calendarYear": "2000",
    "period": "Q2",
    "revenue": 31801000,
    "costOfRevenue": 16376000,
    "grossProfit": 15425000,
    "grossProfitRatio": 0.48504764,
    "researchAndDevelopmentExpenses": 0,
    "generalAndAdministrativeExpenses": 8358000,
    "sellingAndMarketingExpenses": 0,
    "sellingGeneralAndAdministrativeExpenses": 8358000,
    "otherExpenses": 1026000,
    "operatingExpenses": 9384000,
    "costAndExpenses": 25760000,
    "interestIncome": 0,
    "interestExpense": 0,
    "depreciationAndAmortization": 1026000,
    "ebitda": 7067000,
    "ebitdaratio": 0.2222257162,
    "operatingIncome": 6041000,
    "operatingIncomeRatio": 0.1899625798,
    "totalOtherIncomeExpensesNet": 376000,
    "incomeBeforeTax": 6417000,
    "incomeBeforeTaxRatio": 0.2017861074,
    "incomeTaxExpense": 2400000,
    "netIncome": 4017000,
    "netIncomeRatio": 0.1263167825,
    "eps": 0.009,
    "epsdiluted": 0.0083,
    "weightedAverageShsOut": 444840000,
    "weightedAverageShsOutDil": 484200000,
    "link": "https://www.sec.gov/Archives/edgar/data/1058290/000101535700000110/0001015357-00-000110-index.htm",
    "finalLink": "https://www.sec.gov/Archives/edgar/data/1058290/000101535700000110/0001015357-00-000110-0001.txt"
  },
  {
    "date": "2000-03-31",
    "symbol": "CTSH",
    "reportedCurrency": "USD",
    "cik": "0001058290",
    "fillingDate": "2000-05-11",
    "acceptedDate": "2000-05-11 00:00:00",
    "calendarYear": "2000",
    "period": "Q1",
    "revenue": 27070000,
    "costOfRevenue": 13939000,
    "grossProfit": 13131000,
    "grossProfitRatio": 0.4850757296,
    "researchAndDevelopmentExpenses": 0,
    "generalAndAdministrativeExpenses": 7037000,
    "sellingAndMarketingExpenses": 0,
    "sellingGeneralAndAdministrativeExpenses": 7037000,
    "otherExpenses": 971000,
    "operatingExpenses": 8008000,
    "costAndExpenses": 21947000,
    "interestIncome": 0,
    "interestExpense": 0,
    "depreciationAndAmortization": 971000,
    "ebitda": 6094000,
    "ebitdaratio": 0.2251200591,
    "operatingIncome": 5123000,
    "operatingIncomeRatio": 0.1892500924,
    "totalOtherIncomeExpensesNet": 406000,
    "incomeBeforeTax": 5529000,
    "incomeBeforeTaxRatio": 0.2042482453,
    "incomeTaxExpense": 2068000,
    "netIncome": 3461000,
    "netIncomeRatio": 0.1278537126,
    "eps": 0.0078,
    "epsdiluted": 0.0071,
    "weightedAverageShsOut": 444000000,
    "weightedAverageShsOutDil": 484488000,
    "link": "https://www.sec.gov/Archives/edgar/data/1058290/000101535700000072/0001015357-00-000072-index.html",
    "finalLink": "https://www.sec.gov/Archives/edgar/data/1058290/000101535700000072/"
  },
  {
    "date": "1999-12-31",
    "symbol": "CTSH",
    "reportedCurrency": "USD",
    "cik": "0001058290",
    "fillingDate": "2000-03-07",
    "acceptedDate": "2000-03-07 00:00:00",
    "calendarYear": "1999",
    "period": "Q4",
    "revenue": 24100000,
    "costOfRevenue": 12500000,
    "grossProfit": 11600000,
    "grossProfitRatio": 0.4813278008,
    "researchAndDevelopmentExpenses": 0,
    "generalAndAdministrativeExpenses": 6300000,
    "sellingAndMarketingExpenses": 0,
    "sellingGeneralAndAdministrativeExpenses": 6300000,
    "otherExpenses": 800000,
    "operatingExpenses": 7100000,
    "costAndExpenses": 19600000,
    "interestIncome": 0,
    "interestExpense": 0,
    "depreciationAndAmortization": 800000,
    "ebitda": 5300000,
    "ebitdaratio": 0.2199170124,
    "operatingIncome": 4500000,
    "operatingIncomeRatio": 0.1867219917,
    "totalOtherIncomeExpensesNet": 300000,
    "incomeBeforeTax": 4800000,
    "incomeBeforeTaxRatio": 0.1991701245,
    "incomeTaxExpense": 1800000,
    "netIncome": 3000000,
    "netIncomeRatio": 0.1244813278,
    "eps": 0.0068,
    "epsdiluted": 0.0068,
    "weightedAverageShsOut": 444000000,
    "weightedAverageShsOutDil": 444000000,
    "link": "https://www.sec.gov/Archives/edgar/data/1058290/000101535700000035/0001015357-00-000035-index.html",
    "finalLink": "https://www.sec.gov/Archives/edgar/data/1058290/000101535700000035/"
  },
  {
    "date": "1999-09-30",
    "symbol": "CTSH",
    "reportedCurrency": "USD",
    "cik": "0001058290",
    "fillingDate": "1999-11-08",
    "acceptedDate": "1999-11-08 00:00:00",
    "calendarYear": "1999",
    "period": "Q3",
    "revenue": 22900000,
    "costOfRevenue": 11800000,
    "grossProfit": 11100000,
    "grossProfitRatio": 0.4847161572,
    "researchAndDevelopmentExpenses": 0,
    "generalAndAdministrativeExpenses": 6000000,
    "sellingAndMarketingExpenses": 0,
    "sellingGeneralAndAdministrativeExpenses": 6000000,
    "otherExpenses": 900000,
    "operatingExpenses": 6900000,
    "costAndExpenses": 18700000,
    "interestIncome": 0,
    "interestExpense": 0,
    "depreciationAndAmortization": 900000,
    "ebitda": 5100000,
    "ebitdaratio": 0.2227074236,
    "operatingIncome": 4200000,
    "operatingIncomeRatio": 0.1834061135,
    "totalOtherIncomeExpensesNet": 400000,
    "incomeBeforeTax": 4600000,
    "incomeBeforeTaxRatio": 0.2008733624,
    "incomeTaxExpense": 1700000,
    "netIncome": 2900000,
    "netIncomeRatio": 0.1266375546,
    "eps": 0.0067,
    "epsdiluted": 0.0062,
    "weightedAverageShsOut": 435435435,
    "weightedAverageShsOutDil": 464445868,
    "link": "https://www.sec.gov/Archives/edgar/data/1058290/000101535799000119/0001015357-99-000119-index.html",
    "finalLink": "https://www.sec.gov/Archives/edgar/data/1058290/000101535799000119/"
  },
  {
    "date": "1999-06-30",
    "symbol": "CTSH",
    "reportedCurrency": "USD",
    "cik": "0001058290",
    "fillingDate": "1999-08-10",
    "acceptedDate": "1999-08-10 00:00:00",
    "calendarYear": "1999",
    "period": "Q2",
    "revenue": 21500000,
    "costOfRevenue": 11100000,
    "grossProfit": 10400000,
    "grossProfitRatio": 0.4837209302,
    "researchAndDevelopmentExpenses": 0,
    "generalAndAdministrativeExpenses": 5800000,
    "sellingAndMarketingExpenses": 0,
    "sellingGeneralAndAdministrativeExpenses": 5800000,
    "otherExpenses": 700000,
    "operatingExpenses": 6500000,
    "costAndExpenses": 17600000,
    "interestIncome": 0,
    "interestExpense": 0,
    "depreciationAndAmortization": 700000,
    "ebitda": 4598000,
    "ebitdaratio": 0.2138604651,
    "operatingIncome": 3900000,
    "operatingIncomeRatio": 0.1813953488,
    "totalOtherIncomeExpensesNet": 200000,
    "incomeBeforeTax": 4100000,
    "incomeBeforeTaxRatio": 0.1906976744,
    "incomeTaxExpense": 1500000,
    "netIncome": 2600000,
    "netIncomeRatio": 0.1209302326,
    "eps": 0.0058,
    "epsdiluted": 0.0058,
    "weightedAverageShsOut": 446160446,
    "weightedAverageShsOutDil": 446160446,
    "link": "https://www.sec.gov/Archives/edgar/data/1058290/000101535799000101/0001015357-99-000101-index.html",
    "finalLink": "https://www.sec.gov/Archives/edgar/data/1058290/000101535799000101/"
  },
  {
    "date": "1999-03-31",
    "symbol": "CTSH",
    "reportedCurrency": "USD",
    "cik": "0001058290",
    "fillingDate": "1999-05-14",
    "acceptedDate": "1999-05-14 00:00:00",
    "calendarYear": "1999",
    "period": "Q1",
    "revenue": 20400000,
    "costOfRevenue": 10700000,
    "grossProfit": 9700000,
    "grossProfitRatio": 0.4754901961,
    "researchAndDevelopmentExpenses": 0,
    "generalAndAdministrativeExpenses": 5000000,
    "sellingAndMarketingExpenses": 0,
    "sellingGeneralAndAdministrativeExpenses": 5000000,
    "otherExpenses": 600000,
    "operatingExpenses": 5600000,
    "costAndExpenses": 16300000,
    "interestIncome": 0,
    "interestExpense": 0,
    "depreciationAndAmortization": 600000,
    "ebitda": 4726000,
    "ebitdaratio": 0.2316666667,
    "operatingIncome": 4100000,
    "operatingIncomeRatio": 0.2009803922,
    "totalOtherIncomeExpensesNet": 300000,
    "incomeBeforeTax": 4400000,
    "incomeBeforeTaxRatio": 0.2156862745,
    "incomeTaxExpense": 1600000,
    "netIncome": 2800000,
    "netIncomeRatio": 0.137254902,
    "eps": 0.0064,
    "epsdiluted": 0.0061,
    "weightedAverageShsOut": 439687688,
    "weightedAverageShsOutDil": 461693696,
    "link": "https://www.sec.gov/Archives/edgar/data/1058290/000101535799000070/0001015357-99-000070-index.html",
    "finalLink": "https://www.sec.gov/Archives/edgar/data/1058290/"
  },
  {
    "date": "1998-12-31",
    "symbol": "CTSH",
    "reportedCurrency": "USD",
    "cik": "0001058290",
    "fillingDate": "1999-03-19",
    "acceptedDate": "1999-03-19 00:00:00",
    "calendarYear": "1998",
    "period": "Q4",
    "revenue": 19500000,
    "costOfRevenue": 9700000,
    "grossProfit": 9800000,
    "grossProfitRatio": 0.5025641026,
    "researchAndDevelopmentExpenses": 0,
    "generalAndAdministrativeExpenses": 5300000,
    "sellingAndMarketingExpenses": 0,
    "sellingGeneralAndAdministrativeExpenses": 5300000,
    "otherExpenses": 600000,
    "operatingExpenses": 5900000,
    "costAndExpenses": 15600000,
    "interestIncome": 0,
    "interestExpense": 0,
    "depreciationAndAmortization": 600000,
    "ebitda": 4500000,
    "ebitdaratio": 0.2307692308,
    "operatingIncome": 3900000,
    "operatingIncomeRatio": 0.2,
    "totalOtherIncomeExpensesNet": 100000,
    "incomeBeforeTax": 4000000,
    "incomeBeforeTaxRatio": 0.2051282051,
    "incomeTaxExpense": 1500000,
    "netIncome": 2500000,
    "netIncomeRatio": 0.1282051282,
    "eps": 0.0056,
    "epsdiluted": 0.0056,
    "weightedAverageShsOut": 439687688,
    "weightedAverageShsOutDil": 448430493,
    "link": "https://www.sec.gov/Archives/edgar/data/1058290/000101535799000036/0001015357-99-000036-index.html",
    "finalLink": "https://www.sec.gov/Archives/edgar/data/1058290/"
  },
  {
    "date": "1998-09-30",
    "symbol": "CTSH",
    "reportedCurrency": "USD",
    "cik": "0001058290",
    "fillingDate": "1998-11-12",
    "acceptedDate": "1998-11-12 00:00:00",
    "calendarYear": "1998",
    "period": "Q3",
    "revenue": 16200000,
    "costOfRevenue": 8900000,
    "grossProfit": 7300000,
    "grossProfitRatio": 0.450617284,
    "researchAndDevelopmentExpenses": 0,
    "generalAndAdministrativeExpenses": 4300000,
    "sellingAndMarketingExpenses": 0,
    "sellingGeneralAndAdministrativeExpenses": 4300000,
    "otherExpenses": 600000,
    "operatingExpenses": 4900000,
    "costAndExpenses": 13800000,
    "interestIncome": 0,
    "interestExpense": 0,
    "depreciationAndAmortization": 600000,
    "ebitda": 3000000,
    "ebitdaratio": 0.1851851852,
    "operatingIncome": 2400000,
    "operatingIncomeRatio": 0.1481481481,
    "totalOtherIncomeExpensesNet": 300000,
    "incomeBeforeTax": 2700000,
    "incomeBeforeTaxRatio": 0.1666666667,
    "incomeTaxExpense": 1000000,
    "netIncome": 1700000,
    "netIncomeRatio": 0.1049382716,
    "eps": 0.0042,
    "epsdiluted": 0.0037,
    "weightedAverageShsOut": 408408408,
    "weightedAverageShsOutDil": 453756840,
    "link": "https://www.sec.gov/Archives/edgar/data/1058290/000101535798000092/0001015357-98-000092-index.html",
    "finalLink": "https://www.sec.gov/Archives/edgar/data/1058290/"
  },
  {
    "date": "1998-06-30",
    "symbol": "CTSH",
    "reportedCurrency": "USD",
    "cik": "0001058290",
    "fillingDate": "1998-08-12",
    "acceptedDate": "1998-08-12 00:00:00",
    "calendarYear": "1998",
    "period": "Q2",
    "revenue": 12700000,
    "costOfRevenue": 7300000,
    "grossProfit": 5400000,
    "grossProfitRatio": 0.4251968504,
    "researchAndDevelopmentExpenses": 0,
    "generalAndAdministrativeExpenses": 3200000,
    "sellingAndMarketingExpenses": 0,
    "sellingGeneralAndAdministrativeExpenses": 3200000,
    "otherExpenses": 500000,
    "operatingExpenses": 3700000,
    "costAndExpenses": 11000000,
    "interestIncome": 0,
    "interestExpense": 0,
    "depreciationAndAmortization": 500000,
    "ebitda": 2200000,
    "ebitdaratio": 0.1732283465,
    "operatingIncome": 1700000,
    "operatingIncomeRatio": 0.1338582677,
    "totalOtherIncomeExpensesNet": 0,
    "incomeBeforeTax": 1700000,
    "incomeBeforeTaxRatio": 0.1338582677,
    "incomeTaxExpense": 600000,
    "netIncome": 1100000,
    "netIncomeRatio": 0.0866141732,
    "eps": 0.0033,
    "epsdiluted": 0.0033,
    "weightedAverageShsOut": 330330330,
    "weightedAverageShsOutDil": 330330330,
    "link": "https://www.sec.gov/Archives/edgar/data/1058290/000101535798000075/0001015357-98-000075-index.html",
    "finalLink": "https://www.sec.gov/Archives/edgar/data/1058290/"
  },
  {
    "date": "1998-03-31",
    "symbol": "CTSH",
    "reportedCurrency": "USD",
    "cik": "0001058290",
    "fillingDate": "1998-03-31",
    "acceptedDate": "1998-03-30 19:00:00",
    "calendarYear": "1998",
    "period": "Q1",
    "revenue": 10200000,
    "costOfRevenue": 0,
    "grossProfit": 10200000,
    "grossProfitRatio": 1,
    "researchAndDevelopmentExpenses": 0,
    "generalAndAdministrativeExpenses": 0,
    "sellingAndMarketingExpenses": 0,
    "sellingGeneralAndAdministrativeExpenses": 0,
    "otherExpenses": 0,
    "operatingExpenses": 0,
    "costAndExpenses": 0,
    "interestIncome": 0,
    "interestExpense": 0,
    "depreciationAndAmortization": 0,
    "ebitda": 10200000,
    "ebitdaratio": 1,
    "operatingIncome": 10200000,
    "operatingIncomeRatio": 1,
    "totalOtherIncomeExpensesNet": -10200000,
    "incomeBeforeTax": 0,
    "incomeBeforeTaxRatio": 0,
    "incomeTaxExpense": -700000,
    "netIncome": 700000,
    "netIncomeRatio": 0.068627451,
    "eps": 0.0016,
    "epsdiluted": 0.0016,
    "weightedAverageShsOut": 437472000,
    "weightedAverageShsOutDil": 437472000,
    "link": "",
    "finalLink": ""
  }
]