[
  {
    "date": "2025-06-30",
    "symbol": "CTVA",
    "reportedCurrency": "USD",
    "cik": "0001755672",
    "fillingDate": "2025-08-07",
    "acceptedDate": "2025-08-07 17:03:59",
    "calendarYear": "2025",
    "period": "Q2",
    "revenue": 6456000000,
    "costOfRevenue": 2932000000,
    "grossProfit": 3524000000,
    "grossProfitRatio": 0.5458488228,
    "researchAndDevelopmentExpenses": 375000000,
    "generalAndAdministrativeExpenses": 1156000000,
    "sellingAndMarketingExpenses": 0,
    "sellingGeneralAndAdministrativeExpenses": 1156000000,
    "otherExpenses": 161000000,
    "operatingExpenses": 1692000000,
    "costAndExpenses": 4624000000,
    "interestIncome": 31000000,
    "interestExpense": 52000000,
    "depreciationAndAmortization": 301000000,
    "ebitda": 2157000000,
    "ebitdaratio": 0.3341078067,
    "operatingIncome": 1832000000,
    "operatingIncomeRatio": 0.2837670384,
    "totalOtherIncomeExpensesNet": -28000000,
    "incomeBeforeTax": 1804000000,
    "incomeBeforeTaxRatio": 0.2794299876,
    "incomeTaxExpense": 422000000,
    "netIncome": 1314000000,
    "netIncomeRatio": 0.2035315985,
    "eps": 1.93,
    "epsdiluted": 1.92,
    "weightedAverageShsOut": 681700000,
    "weightedAverageShsOutDil": 683100000,
    "link": "https://www.sec.gov/Archives/edgar/data/1755672/000175567225000017/0001755672-25-000017-index.htm",
    "finalLink": "https://www.sec.gov/Archives/edgar/data/30554/000175567225000017/ctva-20250630.htm"
  },
  {
    "date": "2025-03-31",
    "symbol": "CTVA",
    "reportedCurrency": "USD",
    "cik": "0001755672",
    "fillingDate": "2025-05-08",
    "acceptedDate": "2025-05-08 16:58:36",
    "calendarYear": "2025",
    "period": "Q1",
    "revenue": 4417000000,
    "costOfRevenue": 2342000000,
    "grossProfit": 2075000000,
    "grossProfitRatio": 0.469775866,
    "researchAndDevelopmentExpenses": 335000000,
    "generalAndAdministrativeExpenses": 751000000,
    "sellingAndMarketingExpenses": 0,
    "sellingGeneralAndAdministrativeExpenses": 751000000,
    "otherExpenses": 162000000,
    "operatingExpenses": 1248000000,
    "costAndExpenses": 3590000000,
    "interestIncome": 32000000,
    "interestExpense": 36000000,
    "depreciationAndAmortization": 296000000,
    "ebitda": 1116000000,
    "ebitdaratio": 0.2526601766,
    "operatingIncome": 827000000,
    "operatingIncomeRatio": 0.1872311524,
    "totalOtherIncomeExpensesNet": -43000000,
    "incomeBeforeTax": 784000000,
    "incomeBeforeTaxRatio": 0.177496038,
    "incomeTaxExpense": 117000000,
    "netIncome": 652000000,
    "netIncomeRatio": 0.147611501,
    "eps": 0.95,
    "epsdiluted": 0.95,
    "weightedAverageShsOut": 684900000,
    "weightedAverageShsOutDil": 686600000,
    "link": "https://www.sec.gov/Archives/edgar/data/1755672/000175567225000011/0001755672-25-000011-index.htm",
    "finalLink": "https://www.sec.gov/Archives/edgar/data/30554/000175567225000011/ctva-20250331.htm"
  },
  {
    "date": "2024-12-31",
    "symbol": "CTVA",
    "reportedCurrency": "USD",
    "cik": "0001755672",
    "fillingDate": "2025-02-14",
    "acceptedDate": "2025-02-14 17:10:33",
    "calendarYear": "2024",
    "period": "Q4",
    "revenue": 3978000000,
    "costOfRevenue": 2496000000,
    "grossProfit": 1482000000,
    "grossProfitRatio": 0.3725490196,
    "researchAndDevelopmentExpenses": 365000000,
    "generalAndAdministrativeExpenses": 0,
    "sellingAndMarketingExpenses": 0,
    "sellingGeneralAndAdministrativeExpenses": 626000000,
    "otherExpenses": 164000000,
    "operatingExpenses": 1155000000,
    "costAndExpenses": 3651000000,
    "interestIncome": 39000000,
    "interestExpense": 60000000,
    "depreciationAndAmortization": 302000000,
    "ebitda": 450000000,
    "ebitdaratio": 0.1131221719,
    "operatingIncome": 327000000,
    "operatingIncomeRatio": 0.0822021116,
    "totalOtherIncomeExpensesNet": -239000000,
    "incomeBeforeTax": 88000000,
    "incomeBeforeTaxRatio": 0.0221216692,
    "incomeTaxExpense": 138000000,
    "netIncome": -41000000,
    "netIncomeRatio": -0.0103066868,
    "eps": -0.06,
    "epsdiluted": -0.06,
    "weightedAverageShsOut": 687300000,
    "weightedAverageShsOutDil": 687300000,
    "link": "https://www.sec.gov/Archives/edgar/data/1755672/000175567225000005/0001755672-25-000005-index.htm",
    "finalLink": "https://www.sec.gov/Archives/edgar/data/30554/000175567225000005/ctva-20241231.htm"
  },
  {
    "date": "2024-09-30",
    "symbol": "CTVA",
    "reportedCurrency": "USD",
    "cik": "0001755672",
    "fillingDate": "2024-11-07",
    "acceptedDate": "2024-11-07 17:19:17",
    "calendarYear": "2024",
    "period": "Q3",
    "revenue": 2326000000,
    "costOfRevenue": 1565000000,
    "grossProfit": 761000000,
    "grossProfitRatio": 0.3271711092,
    "researchAndDevelopmentExpenses": 348000000,
    "generalAndAdministrativeExpenses": 708000000,
    "sellingAndMarketingExpenses": 0,
    "sellingGeneralAndAdministrativeExpenses": 708000000,
    "otherExpenses": 170000000,
    "operatingExpenses": 1226000000,
    "costAndExpenses": 2791000000,
    "interestIncome": 33000000,
    "interestExpense": 66000000,
    "depreciationAndAmortization": 306000000,
    "ebitda": -261000000,
    "ebitdaratio": -0.1122098022,
    "operatingIncome": -465000000,
    "operatingIncomeRatio": -0.1999140155,
    "totalOtherIncomeExpensesNet": -168000000,
    "incomeBeforeTax": -633000000,
    "incomeBeforeTaxRatio": -0.2721410146,
    "incomeTaxExpense": -114000000,
    "netIncome": -524000000,
    "netIncomeRatio": -0.2252794497,
    "eps": -0.76,
    "epsdiluted": -0.76,
    "weightedAverageShsOut": 691100000,
    "weightedAverageShsOutDil": 691100000,
    "link": "https://www.sec.gov/Archives/edgar/data/1755672/000175567224000024/0001755672-24-000024-index.htm",
    "finalLink": "https://www.sec.gov/Archives/edgar/data/30554/000175567224000024/ctva-20240930.htm"
  },
  {
    "date": "2024-06-30",
    "symbol": "CTVA",
    "reportedCurrency": "USD",
    "cik": "0001755672",
    "fillingDate": "2024-08-01",
    "acceptedDate": "2024-08-01 17:19:22",
    "calendarYear": "2024",
    "period": "Q2",
    "revenue": 6112000000,
    "costOfRevenue": 2918000000,
    "grossProfit": 3194000000,
    "grossProfitRatio": 0.522578534,
    "researchAndDevelopmentExpenses": 357000000,
    "generalAndAdministrativeExpenses": 1054000000,
    "sellingAndMarketingExpenses": 0,
    "sellingGeneralAndAdministrativeExpenses": 1054000000,
    "otherExpenses": 174000000,
    "operatingExpenses": 1585000000,
    "costAndExpenses": 4503000000,
    "interestIncome": 25000000,
    "interestExpense": 66000000,
    "depreciationAndAmortization": 312000000,
    "ebitda": 1716000000,
    "ebitdaratio": 0.2807591623,
    "operatingIncome": 1609000000,
    "operatingIncomeRatio": 0.2632526178,
    "totalOtherIncomeExpensesNet": -271000000,
    "incomeBeforeTax": 1338000000,
    "incomeBeforeTaxRatio": 0.2189136126,
    "incomeTaxExpense": 282000000,
    "netIncome": 1053000000,
    "netIncomeRatio": 0.1722840314,
    "eps": 1.51,
    "epsdiluted": 1.51,
    "weightedAverageShsOut": 695900000,
    "weightedAverageShsOutDil": 698100000,
    "link": "https://www.sec.gov/Archives/edgar/data/1755672/000175567224000019/0001755672-24-000019-index.htm",
    "finalLink": "https://www.sec.gov/Archives/edgar/data/30554/000175567224000019/ctva-20240630.htm"
  },
  {
    "date": "2024-03-31",
    "symbol": "CTVA",
    "reportedCurrency": "USD",
    "cik": "0001755672",
    "fillingDate": "2024-05-02",
    "acceptedDate": "2024-05-02 14:24:20",
    "calendarYear": "2024",
    "period": "Q1",
    "revenue": 4492000000,
    "costOfRevenue": 2550000000,
    "grossProfit": 1942000000,
    "grossProfitRatio": 0.4323241318,
    "researchAndDevelopmentExpenses": 332000000,
    "generalAndAdministrativeExpenses": 736000000,
    "sellingAndMarketingExpenses": 0,
    "sellingGeneralAndAdministrativeExpenses": 736000000,
    "otherExpenses": 177000000,
    "operatingExpenses": 1245000000,
    "costAndExpenses": 3795000000,
    "interestIncome": 35000000,
    "interestExpense": 41000000,
    "depreciationAndAmortization": 307000000,
    "ebitda": 830000000,
    "ebitdaratio": 0.1847729297,
    "operatingIncome": 697000000,
    "operatingIncomeRatio": 0.1551647373,
    "totalOtherIncomeExpensesNet": -215000000,
    "incomeBeforeTax": 482000000,
    "incomeBeforeTaxRatio": 0.10730187,
    "incomeTaxExpense": 106000000,
    "netIncome": 419000000,
    "netIncomeRatio": 0.0932769368,
    "eps": 0.6,
    "epsdiluted": 0.6,
    "weightedAverageShsOut": 700400000,
    "weightedAverageShsOutDil": 702800000,
    "link": "https://www.sec.gov/Archives/edgar/data/1755672/000175567224000013/0001755672-24-000013-index.htm",
    "finalLink": "https://www.sec.gov/Archives/edgar/data/30554/000175567224000013/ctva-20240331.htm"
  },
  {
    "date": "2023-12-31",
    "symbol": "CTVA",
    "reportedCurrency": "USD",
    "cik": "0001755672",
    "fillingDate": "2024-02-08",
    "acceptedDate": "2024-02-08 14:13:18",
    "calendarYear": "2023",
    "period": "Q4",
    "revenue": 3707000000,
    "costOfRevenue": 2366000000,
    "grossProfit": 1341000000,
    "grossProfitRatio": 0.3617480442,
    "researchAndDevelopmentExpenses": 357000000,
    "generalAndAdministrativeExpenses": 0,
    "sellingAndMarketingExpenses": 0,
    "sellingGeneralAndAdministrativeExpenses": 644000000,
    "otherExpenses": 175000000,
    "operatingExpenses": 1176000000,
    "costAndExpenses": 3542000000,
    "interestIncome": 130000000,
    "interestExpense": 62000000,
    "depreciationAndAmortization": 312000000,
    "ebitda": 51000000,
    "ebitdaratio": 0.0137577556,
    "operatingIncome": 165000000,
    "operatingIncomeRatio": 0.0445103858,
    "totalOtherIncomeExpensesNet": -488000000,
    "incomeBeforeTax": -323000000,
    "incomeBeforeTaxRatio": -0.0871324521,
    "incomeTaxExpense": -92000000,
    "netIncome": -253000000,
    "netIncomeRatio": -0.0682492582,
    "eps": -0.36,
    "epsdiluted": -0.36,
    "weightedAverageShsOut": 704000000,
    "weightedAverageShsOutDil": 704000000,
    "link": "https://www.sec.gov/Archives/edgar/data/1755672/000175567224000004/0001755672-24-000004-index.htm",
    "finalLink": "https://www.sec.gov/Archives/edgar/data/30554/000175567224000004/ctva-20231231.htm"
  },
  {
    "date": "2023-09-30",
    "symbol": "CTVA",
    "reportedCurrency": "USD",
    "cik": "0001755672",
    "fillingDate": "2023-11-09",
    "acceptedDate": "2023-11-09 12:16:02",
    "calendarYear": "2023",
    "period": "Q3",
    "revenue": 2590000000,
    "costOfRevenue": 1646000000,
    "grossProfit": 944000000,
    "grossProfitRatio": 0.3644787645,
    "researchAndDevelopmentExpenses": 335000000,
    "generalAndAdministrativeExpenses": 700000000,
    "sellingAndMarketingExpenses": 0,
    "sellingGeneralAndAdministrativeExpenses": 700000000,
    "otherExpenses": 174000000,
    "operatingExpenses": 1209000000,
    "costAndExpenses": 2855000000,
    "interestIncome": 59000000,
    "interestExpense": 58000000,
    "depreciationAndAmortization": 306000000,
    "ebitda": -80000000,
    "ebitdaratio": -0.0308880309,
    "operatingIncome": -265000000,
    "operatingIncomeRatio": -0.1023166023,
    "totalOtherIncomeExpensesNet": -179000000,
    "incomeBeforeTax": -444000000,
    "incomeBeforeTaxRatio": -0.1714285714,
    "incomeTaxExpense": -129000000,
    "netIncome": -321000000,
    "netIncomeRatio": -0.1239382239,
    "eps": -0.45,
    "epsdiluted": -0.45,
    "weightedAverageShsOut": 708400000,
    "weightedAverageShsOutDil": 708400000,
    "link": "https://www.sec.gov/Archives/edgar/data/1755672/000175567223000025/0001755672-23-000025-index.htm",
    "finalLink": "https://www.sec.gov/Archives/edgar/data/30554/000175567223000025/ctva-20230930.htm"
  },
  {
    "date": "2023-06-30",
    "symbol": "CTVA",
    "reportedCurrency": "USD",
    "cik": "0001755672",
    "fillingDate": "2023-08-04",
    "acceptedDate": "2023-08-04 10:42:55",
    "calendarYear": "2023",
    "period": "Q2",
    "revenue": 6045000000,
    "costOfRevenue": 3137000000,
    "grossProfit": 2908000000,
    "grossProfitRatio": 0.4810587262,
    "researchAndDevelopmentExpenses": 329000000,
    "generalAndAdministrativeExpenses": 1075000000,
    "sellingAndMarketingExpenses": 0,
    "sellingGeneralAndAdministrativeExpenses": 1075000000,
    "otherExpenses": 174000000,
    "operatingExpenses": 1578000000,
    "costAndExpenses": 4715000000,
    "interestIncome": 54000000,
    "interestExpense": 82000000,
    "depreciationAndAmortization": 306000000,
    "ebitda": 1472000000,
    "ebitdaratio": 0.2435070306,
    "operatingIncome": 1330000000,
    "operatingIncomeRatio": 0.2200165426,
    "totalOtherIncomeExpensesNet": -246000000,
    "incomeBeforeTax": 1084000000,
    "incomeBeforeTaxRatio": 0.1793217535,
    "incomeTaxExpense": 204000000,
    "netIncome": 714000000,
    "netIncomeRatio": 0.1181141439,
    "eps": 1,
    "epsdiluted": 1,
    "weightedAverageShsOut": 710800000,
    "weightedAverageShsOutDil": 713700000,
    "link": "https://www.sec.gov/Archives/edgar/data/1755672/000175567223000018/0001755672-23-000018-index.htm",
    "finalLink": "https://www.sec.gov/Archives/edgar/data/30554/000175567223000018/ctva-20230630.htm"
  },
  {
    "date": "2023-03-31",
    "symbol": "CTVA",
    "reportedCurrency": "USD",
    "cik": "0001755672",
    "fillingDate": "2023-05-04",
    "acceptedDate": "2023-05-04 11:40:12",
    "calendarYear": "2023",
    "period": "Q1",
    "revenue": 4884000000,
    "costOfRevenue": 2771000000,
    "grossProfit": 2113000000,
    "grossProfitRatio": 0.4326371826,
    "researchAndDevelopmentExpenses": 316000000,
    "generalAndAdministrativeExpenses": 757000000,
    "sellingAndMarketingExpenses": 0,
    "sellingGeneralAndAdministrativeExpenses": 757000000,
    "otherExpenses": 160000000,
    "operatingExpenses": 1233000000,
    "costAndExpenses": 4004000000,
    "interestIncome": 40000000,
    "interestExpense": 31000000,
    "depreciationAndAmortization": 287000000,
    "ebitda": 1094000000,
    "ebitdaratio": 0.223996724,
    "operatingIncome": 880000000,
    "operatingIncomeRatio": 0.1801801802,
    "totalOtherIncomeExpensesNet": -104000000,
    "incomeBeforeTax": 776000000,
    "incomeBeforeTaxRatio": 0.1588861589,
    "incomeTaxExpense": 169000000,
    "netIncome": 595000000,
    "netIncomeRatio": 0.1218263718,
    "eps": 0.83,
    "epsdiluted": 0.83,
    "weightedAverageShsOut": 712900000,
    "weightedAverageShsOutDil": 716200000,
    "link": "https://www.sec.gov/Archives/edgar/data/1755672/000175567223000011/0001755672-23-000011-index.htm",
    "finalLink": "https://www.sec.gov/Archives/edgar/data/30554/000175567223000011/ctva-20230331.htm"
  },
  {
    "date": "2022-12-31",
    "symbol": "CTVA",
    "reportedCurrency": "USD",
    "cik": "0001755672",
    "fillingDate": "2023-02-09",
    "acceptedDate": "2023-02-09 10:33:13",
    "calendarYear": "2022",
    "period": "Q4",
    "revenue": 3825000000,
    "costOfRevenue": 2510000000,
    "grossProfit": 1315000000,
    "grossProfitRatio": 0.3437908497,
    "researchAndDevelopmentExpenses": 340000000,
    "generalAndAdministrativeExpenses": 0,
    "sellingAndMarketingExpenses": 0,
    "sellingGeneralAndAdministrativeExpenses": 764000000,
    "otherExpenses": 166000000,
    "operatingExpenses": 1270000000,
    "costAndExpenses": 3780000000,
    "interestIncome": 49000000,
    "interestExpense": 36000000,
    "depreciationAndAmortization": 304000000,
    "ebitda": 137000000,
    "ebitdaratio": 0.0358169935,
    "operatingIncome": 45000000,
    "operatingIncomeRatio": 0.0117647059,
    "totalOtherIncomeExpensesNet": -248000000,
    "incomeBeforeTax": -203000000,
    "incomeBeforeTaxRatio": -0.0530718954,
    "incomeTaxExpense": -162000000,
    "netIncome": -55000000,
    "netIncomeRatio": -0.014379085,
    "eps": -0.08,
    "epsdiluted": -0.08,
    "weightedAverageShsOut": 714700000,
    "weightedAverageShsOutDil": 714700000,
    "link": "https://www.sec.gov/Archives/edgar/data/1755672/000175567223000005/0001755672-23-000005-index.htm",
    "finalLink": "https://www.sec.gov/Archives/edgar/data/30554/000175567223000005/ctva-20221231.htm"
  },
  {
    "date": "2022-09-30",
    "symbol": "CTVA",
    "reportedCurrency": "USD",
    "cik": "0001755672",
    "fillingDate": "2022-11-04",
    "acceptedDate": "2022-11-04 13:06:51",
    "calendarYear": "2022",
    "period": "Q3",
    "revenue": 2777000000,
    "costOfRevenue": 1879000000,
    "grossProfit": 898000000,
    "grossProfitRatio": 0.3233705438,
    "researchAndDevelopmentExpenses": 312000000,
    "generalAndAdministrativeExpenses": 657000000,
    "sellingAndMarketingExpenses": 0,
    "sellingGeneralAndAdministrativeExpenses": 657000000,
    "otherExpenses": 178000000,
    "operatingExpenses": 1147000000,
    "costAndExpenses": 3026000000,
    "interestIncome": 36000000,
    "interestExpense": 18000000,
    "depreciationAndAmortization": 310000000,
    "ebitda": -68000000,
    "ebitdaratio": -0.0244868563,
    "operatingIncome": -249000000,
    "operatingIncomeRatio": -0.0896651062,
    "totalOtherIncomeExpensesNet": -147000000,
    "incomeBeforeTax": -396000000,
    "incomeBeforeTaxRatio": -0.142599928,
    "incomeTaxExpense": -74000000,
    "netIncome": -331000000,
    "netIncomeRatio": -0.1191933741,
    "eps": -0.46,
    "epsdiluted": -0.46,
    "weightedAverageShsOut": 718700000,
    "weightedAverageShsOutDil": 718700000,
    "link": "https://www.sec.gov/Archives/edgar/data/1755672/000175567222000026/0001755672-22-000026-index.htm",
    "finalLink": "https://www.sec.gov/Archives/edgar/data/30554/000175567222000026/ctva-20220930.htm"
  },
  {
    "date": "2022-06-30",
    "symbol": "CTVA",
    "reportedCurrency": "USD",
    "cik": "0001755672",
    "fillingDate": "2022-08-05",
    "acceptedDate": "2022-08-05 16:03:12",
    "calendarYear": "2022",
    "period": "Q2",
    "revenue": 6252000000,
    "costOfRevenue": 3323000000,
    "grossProfit": 2929000000,
    "grossProfitRatio": 0.4684900832,
    "researchAndDevelopmentExpenses": 296000000,
    "generalAndAdministrativeExpenses": 0,
    "sellingAndMarketingExpenses": 0,
    "sellingGeneralAndAdministrativeExpenses": 1017000000,
    "otherExpenses": 179000000,
    "operatingExpenses": 1492000000,
    "costAndExpenses": 4815000000,
    "interestIncome": 24000000,
    "interestExpense": 16000000,
    "depreciationAndAmortization": 302000000,
    "ebitda": 1645000000,
    "ebitdaratio": 0.2631158029,
    "operatingIncome": 1437000000,
    "operatingIncomeRatio": 0.2298464491,
    "totalOtherIncomeExpensesNet": -110000000,
    "incomeBeforeTax": 1327000000,
    "incomeBeforeTaxRatio": 0.2122520793,
    "incomeTaxExpense": 325000000,
    "netIncome": 969000000,
    "netIncomeRatio": 0.1549904031,
    "eps": 1.34,
    "epsdiluted": 1.33,
    "weightedAverageShsOut": 723000000,
    "weightedAverageShsOutDil": 726700000,
    "link": "https://www.sec.gov/Archives/edgar/data/1755672/000175567222000020/0001755672-22-000020-index.htm",
    "finalLink": "https://www.sec.gov/Archives/edgar/data/30554/000175567222000020/dd-20220630.htm"
  },
  {
    "date": "2022-03-31",
    "symbol": "CTVA",
    "reportedCurrency": "USD",
    "cik": "0001755672",
    "fillingDate": "2022-05-05",
    "acceptedDate": "2022-05-05 16:08:13",
    "calendarYear": "2022",
    "period": "Q1",
    "revenue": 4601000000,
    "costOfRevenue": 2724000000,
    "grossProfit": 1877000000,
    "grossProfitRatio": 0.4079547924,
    "researchAndDevelopmentExpenses": 268000000,
    "generalAndAdministrativeExpenses": 735000000,
    "sellingAndMarketingExpenses": 0,
    "sellingGeneralAndAdministrativeExpenses": 735000000,
    "otherExpenses": 179000000,
    "operatingExpenses": 1182000000,
    "costAndExpenses": 3906000000,
    "interestIncome": 15000000,
    "interestExpense": 9000000,
    "depreciationAndAmortization": 307000000,
    "ebitda": 1014000000,
    "ebitdaratio": 0.2203868724,
    "operatingIncome": 695000000,
    "operatingIncomeRatio": 0.1510541187,
    "totalOtherIncomeExpensesNet": 3000000,
    "incomeBeforeTax": 698000000,
    "incomeBeforeTaxRatio": 0.1517061508,
    "incomeTaxExpense": 121000000,
    "netIncome": 564000000,
    "netIncomeRatio": 0.1225820474,
    "eps": 0.78,
    "epsdiluted": 0.78,
    "weightedAverageShsOut": 727000000,
    "weightedAverageShsOutDil": 730900000,
    "link": "https://www.sec.gov/Archives/edgar/data/1755672/000175567222000011/0001755672-22-000011-index.htm",
    "finalLink": "https://www.sec.gov/Archives/edgar/data/30554/000175567222000011/dd-20220331.htm"
  },
  {
    "date": "2021-12-31",
    "symbol": "CTVA",
    "reportedCurrency": "USD",
    "cik": "0001755672",
    "fillingDate": "2022-02-10",
    "acceptedDate": "2022-02-10 16:09:53",
    "calendarYear": "2021",
    "period": "Q4",
    "revenue": 3479000000,
    "costOfRevenue": 2232000000,
    "grossProfit": 1247000000,
    "grossProfitRatio": 0.3584363323,
    "researchAndDevelopmentExpenses": 316000000,
    "generalAndAdministrativeExpenses": 0,
    "sellingAndMarketingExpenses": 0,
    "sellingGeneralAndAdministrativeExpenses": 806000000,
    "otherExpenses": 179000000,
    "operatingExpenses": 1301000000,
    "costAndExpenses": 3533000000,
    "interestIncome": 19000000,
    "interestExpense": 8000000,
    "depreciationAndAmortization": 317000000,
    "ebitda": 570000000,
    "ebitdaratio": 0.163840184,
    "operatingIncome": -54000000,
    "operatingIncomeRatio": -0.0155217016,
    "totalOtherIncomeExpensesNet": 299000000,
    "incomeBeforeTax": 245000000,
    "incomeBeforeTaxRatio": 0.0704225352,
    "incomeTaxExpense": 90000000,
    "netIncome": 159000000,
    "netIncomeRatio": 0.0457027882,
    "eps": 0.22,
    "epsdiluted": 0.22,
    "weightedAverageShsOut": 729200000,
    "weightedAverageShsOutDil": 735100000,
    "link": "https://www.sec.gov/Archives/edgar/data/1755672/000175567222000005/0001755672-22-000005-index.htm",
    "finalLink": "https://www.sec.gov/Archives/edgar/data/30554/000175567222000005/ctva-20211231.htm"
  },
  {
    "date": "2021-09-30",
    "symbol": "CTVA",
    "reportedCurrency": "USD",
    "cik": "0001755672",
    "fillingDate": "2021-11-04",
    "acceptedDate": "2021-11-04 17:03:12",
    "calendarYear": "2021",
    "period": "Q3",
    "revenue": 2371000000,
    "costOfRevenue": 1558000000,
    "grossProfit": 813000000,
    "grossProfitRatio": 0.342893294,
    "researchAndDevelopmentExpenses": 297000000,
    "generalAndAdministrativeExpenses": 672000000,
    "sellingAndMarketingExpenses": 0,
    "sellingGeneralAndAdministrativeExpenses": 672000000,
    "otherExpenses": 180000000,
    "operatingExpenses": 1149000000,
    "costAndExpenses": 2707000000,
    "interestIncome": 19000000,
    "interestExpense": 8000000,
    "depreciationAndAmortization": 309000000,
    "ebitda": 325000000,
    "ebitdaratio": 0.137072965,
    "operatingIncome": -336000000,
    "operatingIncomeRatio": -0.1417123577,
    "totalOtherIncomeExpensesNet": 344000000,
    "incomeBeforeTax": 8000000,
    "incomeBeforeTaxRatio": 0.0033741038,
    "incomeTaxExpense": -28000000,
    "netIncome": 30000000,
    "netIncomeRatio": 0.0126528891,
    "eps": 0.0409,
    "epsdiluted": 0.04,
    "weightedAverageShsOut": 733800000,
    "weightedAverageShsOutDil": 739500000,
    "link": "https://www.sec.gov/Archives/edgar/data/1755672/000175567221000027/0001755672-21-000027-index.htm",
    "finalLink": "https://www.sec.gov/Archives/edgar/data/30554/000175567221000027/dd-20210930.htm"
  },
  {
    "date": "2021-06-30",
    "symbol": "CTVA",
    "reportedCurrency": "USD",
    "cik": "0001755672",
    "fillingDate": "2021-08-06",
    "acceptedDate": "2021-08-06 16:08:53",
    "calendarYear": "2021",
    "period": "Q2",
    "revenue": 5627000000,
    "costOfRevenue": 3010000000,
    "grossProfit": 2617000000,
    "grossProfitRatio": 0.465079083,
    "researchAndDevelopmentExpenses": 293000000,
    "generalAndAdministrativeExpenses": 998000000,
    "sellingAndMarketingExpenses": 0,
    "sellingGeneralAndAdministrativeExpenses": 998000000,
    "otherExpenses": 180000000,
    "operatingExpenses": 1471000000,
    "costAndExpenses": 4481000000,
    "interestIncome": 18000000,
    "interestExpense": 7000000,
    "depreciationAndAmortization": 313000000,
    "ebitda": 1622000000,
    "ebitdaratio": 0.2882530656,
    "operatingIncome": 1146000000,
    "operatingIncomeRatio": 0.2036609206,
    "totalOtherIncomeExpensesNet": 156000000,
    "incomeBeforeTax": 1302000000,
    "incomeBeforeTaxRatio": 0.2313843967,
    "incomeTaxExpense": 284000000,
    "netIncome": 970000000,
    "netIncomeRatio": 0.1723831527,
    "eps": 1.32,
    "epsdiluted": 1.31,
    "weightedAverageShsOut": 737300000,
    "weightedAverageShsOutDil": 743300000,
    "link": "https://www.sec.gov/Archives/edgar/data/1755672/000175567221000022/0001755672-21-000022-index.htm",
    "finalLink": "https://www.sec.gov/Archives/edgar/data/30554/000175567221000022/dd-20210630.htm"
  },
  {
    "date": "2021-03-31",
    "symbol": "CTVA",
    "reportedCurrency": "USD",
    "cik": "0001755672",
    "fillingDate": "2021-05-05",
    "acceptedDate": "2021-05-05 16:27:46",
    "calendarYear": "2021",
    "period": "Q1",
    "revenue": 4178000000,
    "costOfRevenue": 2420000000,
    "grossProfit": 1758000000,
    "grossProfitRatio": 0.4207754907,
    "researchAndDevelopmentExpenses": 281000000,
    "generalAndAdministrativeExpenses": 733000000,
    "sellingAndMarketingExpenses": 0,
    "sellingGeneralAndAdministrativeExpenses": 733000000,
    "otherExpenses": 183000000,
    "operatingExpenses": 1197000000,
    "costAndExpenses": 3617000000,
    "interestIncome": 21000000,
    "interestExpense": 7000000,
    "depreciationAndAmortization": 304000000,
    "ebitda": 1102000000,
    "ebitdaratio": 0.2637625658,
    "operatingIncome": 561000000,
    "operatingIncomeRatio": 0.1342747726,
    "totalOtherIncomeExpensesNet": 230000000,
    "incomeBeforeTax": 791000000,
    "incomeBeforeTaxRatio": 0.1893250359,
    "incomeTaxExpense": 178000000,
    "netIncome": 600000000,
    "netIncomeRatio": 0.1436093825,
    "eps": 0.81,
    "epsdiluted": 0.8,
    "weightedAverageShsOut": 743400000,
    "weightedAverageShsOutDil": 749600000,
    "link": "https://www.sec.gov/Archives/edgar/data/1755672/000175567221000012/0001755672-21-000012-index.htm",
    "finalLink": "https://www.sec.gov/Archives/edgar/data/30554/000175567221000012/dd-20210331.htm"
  },
  {
    "date": "2020-12-31",
    "symbol": "CTVA",
    "reportedCurrency": "USD",
    "cik": "0001755672",
    "fillingDate": "2021-02-11",
    "acceptedDate": "2021-02-11 16:11:55",
    "calendarYear": "2020",
    "period": "Q4",
    "revenue": 3207000000,
    "costOfRevenue": 2112000000,
    "grossProfit": 1095000000,
    "grossProfitRatio": 0.3414405987,
    "researchAndDevelopmentExpenses": 305000000,
    "generalAndAdministrativeExpenses": 0,
    "sellingAndMarketingExpenses": 0,
    "sellingGeneralAndAdministrativeExpenses": 724000000,
    "otherExpenses": 181000000,
    "operatingExpenses": 1210000000,
    "costAndExpenses": 3322000000,
    "interestIncome": 18000000,
    "interestExpense": 10000000,
    "depreciationAndAmortization": 309000000,
    "ebitda": 249000000,
    "ebitdaratio": 0.0776426567,
    "operatingIncome": -115000000,
    "operatingIncomeRatio": -0.0358590583,
    "totalOtherIncomeExpensesNet": 45000000,
    "incomeBeforeTax": -70000000,
    "incomeBeforeTaxRatio": -0.0218272529,
    "incomeTaxExpense": -169000000,
    "netIncome": 41000000,
    "netIncomeRatio": 0.0127845338,
    "eps": 0.0549,
    "epsdiluted": 0.05,
    "weightedAverageShsOut": 746300000,
    "weightedAverageShsOutDil": 749700000,
    "link": "https://www.sec.gov/Archives/edgar/data/1755672/000175567221000008/0001755672-21-000008-index.htm",
    "finalLink": "https://www.sec.gov/Archives/edgar/data/30554/000175567221000008/ctva-20201231.htm"
  },
  {
    "date": "2020-09-30",
    "symbol": "CTVA",
    "reportedCurrency": "USD",
    "cik": "0001755672",
    "fillingDate": "2020-11-05",
    "acceptedDate": "2020-11-05 16:17:13",
    "calendarYear": "2020",
    "period": "Q3",
    "revenue": 1863000000,
    "costOfRevenue": 1297000000,
    "grossProfit": 566000000,
    "grossProfitRatio": 0.3038110574,
    "researchAndDevelopmentExpenses": 284000000,
    "generalAndAdministrativeExpenses": 597000000,
    "sellingAndMarketingExpenses": 0,
    "sellingGeneralAndAdministrativeExpenses": 597000000,
    "otherExpenses": 162000000,
    "operatingExpenses": 1043000000,
    "costAndExpenses": 2340000000,
    "interestIncome": 11000000,
    "interestExpense": 11000000,
    "depreciationAndAmortization": 285000000,
    "ebitda": -211000000,
    "ebitdaratio": -0.1132581857,
    "operatingIncome": -477000000,
    "operatingIncomeRatio": -0.2560386473,
    "totalOtherIncomeExpensesNet": -30000000,
    "incomeBeforeTax": -507000000,
    "incomeBeforeTaxRatio": -0.2721417069,
    "incomeTaxExpense": -117000000,
    "netIncome": -392000000,
    "netIncomeRatio": -0.2104133119,
    "eps": -0.52,
    "epsdiluted": -0.52,
    "weightedAverageShsOut": 749500000,
    "weightedAverageShsOutDil": 749500000,
    "link": "https://www.sec.gov/Archives/edgar/data/1755672/000175567220000026/0001755672-20-000026-index.htm",
    "finalLink": "https://www.sec.gov/Archives/edgar/data/30554/000175567220000026/dd-20200930.htm"
  },
  {
    "date": "2020-06-30",
    "symbol": "CTVA",
    "reportedCurrency": "USD",
    "cik": "0001755672",
    "fillingDate": "2020-08-06",
    "acceptedDate": "2020-08-06 14:39:32",
    "calendarYear": "2020",
    "period": "Q2",
    "revenue": 5191000000,
    "costOfRevenue": 2829000000,
    "grossProfit": 2362000000,
    "grossProfitRatio": 0.4550183009,
    "researchAndDevelopmentExpenses": 273000000,
    "generalAndAdministrativeExpenses": 965000000,
    "sellingAndMarketingExpenses": 0,
    "sellingGeneralAndAdministrativeExpenses": 965000000,
    "otherExpenses": 176000000,
    "operatingExpenses": 1414000000,
    "costAndExpenses": 4243000000,
    "interestIncome": 9000000,
    "interestExpense": 14000000,
    "depreciationAndAmortization": 300000000,
    "ebitda": 1158000000,
    "ebitdaratio": 0.2230784049,
    "operatingIncome": 948000000,
    "operatingIncomeRatio": 0.1826237719,
    "totalOtherIncomeExpensesNet": -104000000,
    "incomeBeforeTax": 844000000,
    "incomeBeforeTaxRatio": 0.1625890965,
    "incomeTaxExpense": 78000000,
    "netIncome": 760000000,
    "netIncomeRatio": 0.1464072433,
    "eps": 1.01,
    "epsdiluted": 1.01,
    "weightedAverageShsOut": 749200000,
    "weightedAverageShsOutDil": 751600000,
    "link": "https://www.sec.gov/Archives/edgar/data/1755672/000175567220000021/0001755672-20-000021-index.htm",
    "finalLink": "https://www.sec.gov/Archives/edgar/data/30554/000175567220000021/corteva-630202010xq.htm"
  },
  {
    "date": "2020-03-31",
    "symbol": "CTVA",
    "reportedCurrency": "USD",
    "cik": "0001755672",
    "fillingDate": "2020-05-07",
    "acceptedDate": "2020-05-07 13:41:15",
    "calendarYear": "2020",
    "period": "Q1",
    "revenue": 3956000000,
    "costOfRevenue": 2269000000,
    "grossProfit": 1687000000,
    "grossProfitRatio": 0.4264408493,
    "researchAndDevelopmentExpenses": 280000000,
    "generalAndAdministrativeExpenses": 0,
    "sellingAndMarketingExpenses": 0,
    "sellingGeneralAndAdministrativeExpenses": 757000000,
    "otherExpenses": 163000000,
    "operatingExpenses": 1200000000,
    "costAndExpenses": 3469000000,
    "interestIncome": 18000000,
    "interestExpense": 10000000,
    "depreciationAndAmortization": 283000000,
    "ebitda": 701000000,
    "ebitdaratio": 0.1771991911,
    "operatingIncome": 487000000,
    "operatingIncomeRatio": 0.1231041456,
    "totalOtherIncomeExpensesNet": -79000000,
    "incomeBeforeTax": 408000000,
    "incomeBeforeTaxRatio": 0.1031344793,
    "incomeTaxExpense": 127000000,
    "netIncome": 272000000,
    "netIncomeRatio": 0.0687563195,
    "eps": 0.36,
    "epsdiluted": 0.36,
    "weightedAverageShsOut": 749900000,
    "weightedAverageShsOutDil": 752500000,
    "link": "https://www.sec.gov/Archives/edgar/data/1755672/000175567220000014/0001755672-20-000014-index.htm",
    "finalLink": "https://www.sec.gov/Archives/edgar/data/30554/000175567220000014/corteva-331202010xq.htm"
  },
  {
    "date": "2019-12-31",
    "symbol": "CTVA",
    "reportedCurrency": "USD",
    "cik": "0001755672",
    "fillingDate": "2020-02-14",
    "acceptedDate": "2020-02-14 07:29:08",
    "calendarYear": "2019",
    "period": "Q4",
    "revenue": 2983000000,
    "costOfRevenue": 1968000000,
    "grossProfit": 1015000000,
    "grossProfitRatio": 0.3402614817,
    "researchAndDevelopmentExpenses": 290000000,
    "generalAndAdministrativeExpenses": 747000000,
    "sellingAndMarketingExpenses": 0,
    "sellingGeneralAndAdministrativeExpenses": 747000000,
    "otherExpenses": 161000000,
    "operatingExpenses": 1198000000,
    "costAndExpenses": 3166000000,
    "interestIncome": 13000000,
    "interestExpense": 24000000,
    "depreciationAndAmortization": 289000000,
    "ebitda": 126000000,
    "ebitdaratio": 0.0422393564,
    "operatingIncome": -183000000,
    "operatingIncomeRatio": -0.0613476366,
    "totalOtherIncomeExpensesNet": -4000000,
    "incomeBeforeTax": -187000000,
    "incomeBeforeTaxRatio": -0.0626885686,
    "incomeTaxExpense": -145000000,
    "netIncome": -21000000,
    "netIncomeRatio": -0.0070398927,
    "eps": -0.028,
    "epsdiluted": -0.03,
    "weightedAverageShsOut": 749600000,
    "weightedAverageShsOutDil": 749600000,
    "link": "https://www.sec.gov/Archives/edgar/data/1755672/000175567220000006/0001755672-20-000006-index.htm",
    "finalLink": "https://www.sec.gov/Archives/edgar/data/30554/000175567220000006/ctva-12x31x201910xk.htm"
  },
  {
    "date": "2019-09-30",
    "symbol": "CTVA",
    "reportedCurrency": "USD",
    "cik": "0001755672",
    "fillingDate": "2019-10-31",
    "acceptedDate": "2019-10-31 16:08:43",
    "calendarYear": "2019",
    "period": "Q3",
    "revenue": 1911000000,
    "costOfRevenue": 1349000000,
    "grossProfit": 562000000,
    "grossProfitRatio": 0.2940868655,
    "researchAndDevelopmentExpenses": 289000000,
    "generalAndAdministrativeExpenses": 646000000,
    "sellingAndMarketingExpenses": 0,
    "sellingGeneralAndAdministrativeExpenses": 646000000,
    "otherExpenses": 100000000,
    "operatingExpenses": 1035000000,
    "costAndExpenses": 2384000000,
    "interestIncome": 13000000,
    "interestExpense": 19000000,
    "depreciationAndAmortization": 226000000,
    "ebitda": -386000000,
    "ebitdaratio": -0.2019884877,
    "operatingIncome": -473000000,
    "operatingIncomeRatio": -0.2475143904,
    "totalOtherIncomeExpensesNet": -158000000,
    "incomeBeforeTax": -631000000,
    "incomeBeforeTaxRatio": -0.3301936159,
    "incomeTaxExpense": -104000000,
    "netIncome": -494000000,
    "netIncomeRatio": -0.2585034014,
    "eps": -0.66,
    "epsdiluted": -0.66,
    "weightedAverageShsOut": 749500000,
    "weightedAverageShsOutDil": 749500000,
    "link": "https://www.sec.gov/Archives/edgar/data/1755672/000175567219000028/0001755672-19-000028-index.htm",
    "finalLink": "https://www.sec.gov/Archives/edgar/data/30554/000175567219000028/corteva-930201910xq.htm"
  },
  {
    "date": "2019-06-30",
    "symbol": "CTVA",
    "reportedCurrency": "USD",
    "cik": "0001755672",
    "fillingDate": "2019-08-06",
    "acceptedDate": "2019-08-06 16:51:45",
    "calendarYear": "2019",
    "period": "Q2",
    "revenue": 5556000000,
    "costOfRevenue": 3047000000,
    "grossProfit": 2509000000,
    "grossProfitRatio": 0.4515838733,
    "researchAndDevelopmentExpenses": 269000000,
    "generalAndAdministrativeExpenses": 937000000,
    "sellingAndMarketingExpenses": 0,
    "sellingGeneralAndAdministrativeExpenses": 937000000,
    "otherExpenses": 113000000,
    "operatingExpenses": 1319000000,
    "costAndExpenses": 4366000000,
    "interestIncome": 17000000,
    "interestExpense": 34000000,
    "depreciationAndAmortization": 358000000,
    "ebitda": 1145000000,
    "ebitdaratio": 0.2060835133,
    "operatingIncome": 1190000000,
    "operatingIncomeRatio": 0.2141828654,
    "totalOtherIncomeExpensesNet": -437000000,
    "incomeBeforeTax": 753000000,
    "incomeBeforeTaxRatio": 0.1355291577,
    "incomeTaxExpense": 270000000,
    "netIncome": -608000000,
    "netIncomeRatio": -0.1094312455,
    "eps": -0.81,
    "epsdiluted": -0.81,
    "weightedAverageShsOut": 749400000,
    "weightedAverageShsOutDil": 750000000,
    "link": "https://www.sec.gov/Archives/edgar/data/1755672/000175567219000014/0001755672-19-000014-index.htm",
    "finalLink": "https://www.sec.gov/Archives/edgar/data/30554/000175567219000014/corteva-630201910xquse.htm"
  },
  {
    "date": "2019-03-31",
    "symbol": "CTVA",
    "reportedCurrency": "USD",
    "cik": "0001755672",
    "fillingDate": "2019-05-31",
    "acceptedDate": "2019-05-31 11:00:01",
    "calendarYear": "2019",
    "period": "Q1",
    "revenue": 6288000000,
    "costOfRevenue": 2211000000,
    "grossProfit": 1185000000,
    "grossProfitRatio": 0.1884541985,
    "researchAndDevelopmentExpenses": 355000000,
    "generalAndAdministrativeExpenses": 970000000,
    "sellingAndMarketingExpenses": -235000000,
    "sellingGeneralAndAdministrativeExpenses": 735000000,
    "otherExpenses": 101000000,
    "operatingExpenses": 1135000000,
    "costAndExpenses": 3346000000,
    "interestIncome": 16000000,
    "interestExpense": 59000000,
    "depreciationAndAmortization": 258000000,
    "ebitda": 534000000,
    "ebitdaratio": 0.0849236641,
    "operatingIncome": 50000000,
    "operatingIncomeRatio": 0.0079516539,
    "totalOtherIncomeExpensesNet": -301000000,
    "incomeBeforeTax": 49000000,
    "incomeBeforeTaxRatio": 0.0077926209,
    "incomeTaxExpense": -40000000,
    "netIncome": 164000000,
    "netIncomeRatio": 0.0260814249,
    "eps": 0.12,
    "epsdiluted": 0.22,
    "weightedAverageShsOut": 750000000,
    "weightedAverageShsOutDil": 750000000,
    "link": "https://www.sec.gov/Archives/edgar/data/1755672/000175567219000004/0001755672-19-000004-index.htm",
    "finalLink": "https://www.sec.gov/Archives/edgar/data/1755672/000175567219000004/ctva-331201910xq.htm"
  },
  {
    "date": "2018-12-31",
    "symbol": "CTVA",
    "reportedCurrency": "USD",
    "cik": "0001755672",
    "fillingDate": "2018-12-31",
    "acceptedDate": "2018-12-30 19:00:00",
    "calendarYear": "2018",
    "period": "Q4",
    "revenue": 2815000000,
    "costOfRevenue": 597000000,
    "grossProfit": 2218000000,
    "grossProfitRatio": 0.7879218472,
    "researchAndDevelopmentExpenses": 379000000,
    "generalAndAdministrativeExpenses": 555000000,
    "sellingAndMarketingExpenses": 0,
    "sellingGeneralAndAdministrativeExpenses": 555000000,
    "otherExpenses": -142000000,
    "operatingExpenses": 835000000,
    "costAndExpenses": 1432000000,
    "interestIncome": 0,
    "interestExpense": 0,
    "depreciationAndAmortization": 698000000,
    "ebitda": 1861000000,
    "ebitdaratio": 0.6611012433,
    "operatingIncome": 1383000000,
    "operatingIncomeRatio": 0.4912966252,
    "totalOtherIncomeExpensesNet": -45000000,
    "incomeBeforeTax": 1338000000,
    "incomeBeforeTaxRatio": 0.4753108348,
    "incomeTaxExpense": 595000000,
    "netIncome": -457000000,
    "netIncomeRatio": -0.1623445826,
    "eps": -0.61,
    "epsdiluted": 0,
    "weightedAverageShsOut": 0,
    "weightedAverageShsOutDil": 0,
    "link": "",
    "finalLink": ""
  },
  {
    "date": "2018-09-30",
    "symbol": "CTVA",
    "reportedCurrency": "USD",
    "cik": "0001755672",
    "fillingDate": "2018-09-30",
    "acceptedDate": "2018-09-30 00:00:00",
    "calendarYear": "2018",
    "period": "Q3",
    "revenue": 1947000000,
    "costOfRevenue": 1485000000,
    "grossProfit": 462000000,
    "grossProfitRatio": 0.2372881356,
    "researchAndDevelopmentExpenses": 325000000,
    "generalAndAdministrativeExpenses": 633000000,
    "sellingAndMarketingExpenses": 0,
    "sellingGeneralAndAdministrativeExpenses": 633000000,
    "otherExpenses": 88000000,
    "operatingExpenses": 1046000000,
    "costAndExpenses": 2531000000,
    "interestIncome": 12000000,
    "interestExpense": 82000000,
    "depreciationAndAmortization": 634000000,
    "ebitda": -4886000000,
    "ebitdaratio": -2.5095017976,
    "operatingIncome": -584000000,
    "operatingIncomeRatio": -0.2999486389,
    "totalOtherIncomeExpensesNet": -5066000000,
    "incomeBeforeTax": -5650000000,
    "incomeBeforeTaxRatio": -2.9019003595,
    "incomeTaxExpense": -8000000,
    "netIncome": -5121000000,
    "netIncomeRatio": -2.6302003082,
    "eps": -6.84,
    "epsdiluted": -6.83,
    "weightedAverageShsOut": 749400000,
    "weightedAverageShsOutDil": 749400000,
    "link": "",
    "finalLink": ""
  },
  {
    "date": "2018-06-30",
    "symbol": "CTVA",
    "reportedCurrency": "USD",
    "cik": "0001755672",
    "fillingDate": "2018-06-30",
    "acceptedDate": "2018-06-30 00:00:00",
    "calendarYear": "2018",
    "period": "Q2",
    "revenue": 5731000000,
    "costOfRevenue": 3687000000,
    "grossProfit": 2044000000,
    "grossProfitRatio": 0.3566567789,
    "researchAndDevelopmentExpenses": 354000000,
    "generalAndAdministrativeExpenses": 965000000,
    "sellingAndMarketingExpenses": 0,
    "sellingGeneralAndAdministrativeExpenses": 965000000,
    "otherExpenses": 107000000,
    "operatingExpenses": 1426000000,
    "costAndExpenses": 5113000000,
    "interestIncome": 24000000,
    "interestExpense": 88000000,
    "depreciationAndAmortization": 667000000,
    "ebitda": 1159000000,
    "ebitdaratio": 0.2022334671,
    "operatingIncome": 618000000,
    "operatingIncomeRatio": 0.1078345838,
    "totalOtherIncomeExpensesNet": -310000000,
    "incomeBeforeTax": 308000000,
    "incomeBeforeTaxRatio": 0.0537428023,
    "incomeTaxExpense": -67000000,
    "netIncome": 694000000,
    "netIncomeRatio": 0.1210957948,
    "eps": 0.93,
    "epsdiluted": 0.93,
    "weightedAverageShsOut": 749400000,
    "weightedAverageShsOutDil": 749400000,
    "link": "",
    "finalLink": ""
  },
  {
    "date": "2018-03-31",
    "symbol": "CTVA",
    "reportedCurrency": "USD",
    "cik": "0001755672",
    "fillingDate": "2018-03-31",
    "acceptedDate": "2018-03-30 20:00:00",
    "calendarYear": "2018",
    "period": "Q1",
    "revenue": 6699000000,
    "costOfRevenue": 4847000000,
    "grossProfit": 1852000000,
    "grossProfitRatio": 0.276459173,
    "researchAndDevelopmentExpenses": 382000000,
    "generalAndAdministrativeExpenses": 959000000,
    "sellingAndMarketingExpenses": 0,
    "sellingGeneralAndAdministrativeExpenses": 959000000,
    "otherExpenses": 268000000,
    "operatingExpenses": 1609000000,
    "costAndExpenses": 6456000000,
    "interestIncome": 0,
    "interestExpense": 80000000,
    "depreciationAndAmortization": 647000000,
    "ebitda": 538000000,
    "ebitdaratio": 0.0803104941,
    "operatingIncome": 243000000,
    "operatingIncomeRatio": 0.0362740708,
    "totalOtherIncomeExpensesNet": -432000000,
    "incomeBeforeTax": -189000000,
    "incomeBeforeTaxRatio": -0.0282131661,
    "incomeTaxExpense": 27000000,
    "netIncome": -221000000,
    "netIncomeRatio": -0.0329899985,
    "eps": -0.3,
    "epsdiluted": -0.29,
    "weightedAverageShsOut": 749400000,
    "weightedAverageShsOutDil": 749400000,
    "link": "",
    "finalLink": ""
  },
  {
    "date": "2017-12-31",
    "symbol": "CTVA",
    "reportedCurrency": "USD",
    "cik": "0001755672",
    "fillingDate": "2017-12-31",
    "acceptedDate": "2017-12-31 00:00:00",
    "calendarYear": "2017",
    "period": "Q4",
    "revenue": 2827000000,
    "costOfRevenue": 1914000000,
    "grossProfit": 913000000,
    "grossProfitRatio": 0.3229571984,
    "researchAndDevelopmentExpenses": 383000000,
    "generalAndAdministrativeExpenses": 0,
    "sellingAndMarketingExpenses": 0,
    "sellingGeneralAndAdministrativeExpenses": 643000000,
    "otherExpenses": 0,
    "operatingExpenses": 1026000000,
    "costAndExpenses": 2940000000,
    "interestIncome": 14000000,
    "interestExpense": 0,
    "depreciationAndAmortization": 77000000,
    "ebitda": -113000000,
    "ebitdaratio": -0.0399717015,
    "operatingIncome": -190000000,
    "operatingIncomeRatio": -0.0672090555,
    "totalOtherIncomeExpensesNet": -280000000,
    "incomeBeforeTax": -470000000,
    "incomeBeforeTaxRatio": -0.1662539795,
    "incomeTaxExpense": -2650000000,
    "netIncome": 2196000000,
    "netIncomeRatio": 0.7767951892,
    "eps": 2.94,
    "epsdiluted": 2.94,
    "weightedAverageShsOut": 747200000,
    "weightedAverageShsOutDil": 747200000,
    "link": null,
    "finalLink": null
  },
  {
    "date": "2017-09-30",
    "symbol": "CTVA",
    "reportedCurrency": "USD",
    "cik": "0001755672",
    "fillingDate": "2017-09-30",
    "acceptedDate": "2017-09-29 20:00:00",
    "calendarYear": "2017",
    "period": "Q3",
    "revenue": 1868000000,
    "costOfRevenue": 1332000000,
    "grossProfit": 536000000,
    "grossProfitRatio": 0.2869379015,
    "researchAndDevelopmentExpenses": 387000000,
    "generalAndAdministrativeExpenses": 0,
    "sellingAndMarketingExpenses": 0,
    "sellingGeneralAndAdministrativeExpenses": 668000000,
    "otherExpenses": 0,
    "operatingExpenses": 1055000000,
    "costAndExpenses": 2551000000,
    "interestIncome": 50000000,
    "interestExpense": 0,
    "depreciationAndAmortization": 60000000,
    "ebitda": -519000000,
    "ebitdaratio": -0.2778372591,
    "operatingIncome": -579000000,
    "operatingIncomeRatio": -0.3099571734,
    "totalOtherIncomeExpensesNet": -54000000,
    "incomeBeforeTax": -633000000,
    "incomeBeforeTaxRatio": -0.3388650964,
    "incomeTaxExpense": 213000000,
    "netIncome": -848000000,
    "netIncomeRatio": -0.4539614561,
    "eps": -1.13,
    "epsdiluted": -1.13,
    "weightedAverageShsOut": 748814970,
    "weightedAverageShsOutDil": 748814970,
    "link": null,
    "finalLink": null
  },
  {
    "date": "2017-06-30",
    "symbol": "CTVA",
    "reportedCurrency": "USD",
    "cik": "0001755672",
    "fillingDate": "2017-06-30",
    "acceptedDate": "2017-06-29 20:00:00",
    "calendarYear": "2017",
    "period": "Q2",
    "revenue": 4772500000,
    "costOfRevenue": 2578000000,
    "grossProfit": 2194500000,
    "grossProfitRatio": 0.4598218963,
    "researchAndDevelopmentExpenses": 369500000,
    "generalAndAdministrativeExpenses": 0,
    "sellingAndMarketingExpenses": 0,
    "sellingGeneralAndAdministrativeExpenses": 830500000,
    "otherExpenses": 0,
    "operatingExpenses": 1200000000,
    "costAndExpenses": 3778000000,
    "interestIncome": 69000000,
    "interestExpense": 0,
    "depreciationAndAmortization": 66500000,
    "ebitda": 994500000,
    "ebitdaratio": 0.2083813515,
    "operatingIncome": 994500000,
    "operatingIncomeRatio": 0.2083813515,
    "totalOtherIncomeExpensesNet": -630000000,
    "incomeBeforeTax": 364500000,
    "incomeBeforeTaxRatio": 0.0763750655,
    "incomeTaxExpense": 242000000,
    "netIncome": 593000000,
    "netIncomeRatio": 0.1242535359,
    "eps": 0.79,
    "epsdiluted": 0.79,
    "weightedAverageShsOut": 748850000,
    "weightedAverageShsOutDil": 748850000,
    "link": null,
    "finalLink": null
  },
  {
    "date": "2017-03-31",
    "symbol": "CTVA",
    "reportedCurrency": "USD",
    "cik": "0001755672",
    "fillingDate": "2017-03-31",
    "acceptedDate": "2017-03-30 20:00:00",
    "calendarYear": "2017",
    "period": "Q1",
    "revenue": 4772500000,
    "costOfRevenue": 2578000000,
    "grossProfit": 2194500000,
    "grossProfitRatio": 0.4598218963,
    "researchAndDevelopmentExpenses": 369500000,
    "generalAndAdministrativeExpenses": 0,
    "sellingAndMarketingExpenses": 0,
    "sellingGeneralAndAdministrativeExpenses": 830500000,
    "otherExpenses": 0,
    "operatingExpenses": 1200000000,
    "costAndExpenses": 3778000000,
    "interestIncome": 69000000,
    "interestExpense": 0,
    "depreciationAndAmortization": 66500000,
    "ebitda": 994500000,
    "ebitdaratio": 0.2083813515,
    "operatingIncome": 994500000,
    "operatingIncomeRatio": 0.2083813515,
    "totalOtherIncomeExpensesNet": -630000000,
    "incomeBeforeTax": 364500000,
    "incomeBeforeTaxRatio": 0.0763750655,
    "incomeTaxExpense": 242000000,
    "netIncome": 593000000,
    "netIncomeRatio": 0.1242535359,
    "eps": 0.79,
    "epsdiluted": 0.79,
    "weightedAverageShsOut": 749125000,
    "weightedAverageShsOutDil": 749125000,
    "link": null,
    "finalLink": null
  }
]