[
  {
    "date": "2025-06-30",
    "symbol": "CVS",
    "reportedCurrency": "USD",
    "cik": "0000064803",
    "fillingDate": "2025-07-31",
    "acceptedDate": "2025-07-31 06:34:19",
    "calendarYear": "2025",
    "period": "Q2",
    "revenue": 98915000000,
    "costOfRevenue": 85322000000,
    "grossProfit": 13593000000,
    "grossProfitRatio": 0.137421018,
    "researchAndDevelopmentExpenses": 0,
    "generalAndAdministrativeExpenses": 0,
    "sellingAndMarketingExpenses": 0,
    "sellingGeneralAndAdministrativeExpenses": 0,
    "otherExpenses": 11212000000,
    "operatingExpenses": 11212000000,
    "costAndExpenses": 96534000000,
    "interestIncome": 0,
    "interestExpense": 763000000,
    "depreciationAndAmortization": 0,
    "ebitda": 2410000000,
    "ebitdaratio": 0.0243643532,
    "operatingIncome": 2381000000,
    "operatingIncomeRatio": 0.0240711722,
    "totalOtherIncomeExpensesNet": -734000000,
    "incomeBeforeTax": 1647000000,
    "incomeBeforeTaxRatio": 0.0166506597,
    "incomeTaxExpense": 634000000,
    "netIncome": 1021000000,
    "netIncomeRatio": 0.0103219936,
    "eps": 0.81,
    "epsdiluted": 0.8,
    "weightedAverageShsOut": 1266000000,
    "weightedAverageShsOutDil": 1270000000,
    "link": "https://www.sec.gov/Archives/edgar/data/64803/000006480325000024/0000064803-25-000024-index.htm",
    "finalLink": "https://www.sec.gov/Archives/edgar/data/64803/000006480325000024/cvs-20250630.htm"
  },
  {
    "date": "2025-03-31",
    "symbol": "CVS",
    "reportedCurrency": "USD",
    "cik": "0000064803",
    "fillingDate": "2025-05-01",
    "acceptedDate": "2025-05-01 06:35:46",
    "calendarYear": "2025",
    "period": "Q1",
    "revenue": 94588000000,
    "costOfRevenue": 80192000000,
    "grossProfit": 14396000000,
    "grossProfitRatio": 0.152196896,
    "researchAndDevelopmentExpenses": 0,
    "generalAndAdministrativeExpenses": 0,
    "sellingAndMarketingExpenses": 0,
    "sellingGeneralAndAdministrativeExpenses": 0,
    "otherExpenses": 11022000000,
    "operatingExpenses": 11022000000,
    "costAndExpenses": 91214000000,
    "interestIncome": 0,
    "interestExpense": 785000000,
    "depreciationAndAmortization": 1154000000,
    "ebitda": 4556000000,
    "ebitdaratio": 0.0481667865,
    "operatingIncome": 3374000000,
    "operatingIncomeRatio": 0.0356704867,
    "totalOtherIncomeExpensesNet": -757000000,
    "incomeBeforeTax": 2617000000,
    "incomeBeforeTaxRatio": 0.0276673574,
    "incomeTaxExpense": 835000000,
    "netIncome": 1779000000,
    "netIncomeRatio": 0.0188078826,
    "eps": 1.41,
    "epsdiluted": 1.41,
    "weightedAverageShsOut": 1261000000,
    "weightedAverageShsOutDil": 1264000000,
    "link": "https://www.sec.gov/Archives/edgar/data/64803/000006480325000013/0000064803-25-000013-index.htm",
    "finalLink": "https://www.sec.gov/Archives/edgar/data/64803/000006480325000013/cvs-20250331.htm"
  },
  {
    "date": "2024-12-31",
    "symbol": "CVS",
    "reportedCurrency": "USD",
    "cik": "0000064803",
    "fillingDate": "2025-02-12",
    "acceptedDate": "2025-02-12 06:47:38",
    "calendarYear": "2024",
    "period": "Q4",
    "revenue": 97710000000,
    "costOfRevenue": 84811000000,
    "grossProfit": 12899000000,
    "grossProfitRatio": 0.1320131,
    "researchAndDevelopmentExpenses": 0,
    "generalAndAdministrativeExpenses": 0,
    "sellingAndMarketingExpenses": 0,
    "sellingGeneralAndAdministrativeExpenses": 0,
    "otherExpenses": 10531000000,
    "operatingExpenses": 10531000000,
    "costAndExpenses": 95342000000,
    "interestIncome": 0,
    "interestExpense": 758000000,
    "depreciationAndAmortization": 1147000000,
    "ebitda": 4027000000,
    "ebitdaratio": 0.0412137959,
    "operatingIncome": 2368000000,
    "operatingIncomeRatio": 0.0242349811,
    "totalOtherIncomeExpensesNet": -242000000,
    "incomeBeforeTax": 2126000000,
    "incomeBeforeTaxRatio": 0.0217582643,
    "incomeTaxExpense": 503000000,
    "netIncome": 1644000000,
    "netIncomeRatio": 0.0168252994,
    "eps": 1.31,
    "epsdiluted": 1.3,
    "weightedAverageShsOut": 1259000000,
    "weightedAverageShsOutDil": 1261000000,
    "link": "https://www.sec.gov/Archives/edgar/data/64803/000006480325000007/0000064803-25-000007-index.htm",
    "finalLink": "https://www.sec.gov/Archives/edgar/data/64803/000006480325000007/cvs-20241231.htm"
  },
  {
    "date": "2024-09-30",
    "symbol": "CVS",
    "reportedCurrency": "USD",
    "cik": "0000064803",
    "fillingDate": "2024-11-06",
    "acceptedDate": "2024-11-06 06:35:35",
    "calendarYear": "2024",
    "period": "Q3",
    "revenue": 95428000000,
    "costOfRevenue": 82870000000,
    "grossProfit": 12558000000,
    "grossProfitRatio": 0.1315965964,
    "researchAndDevelopmentExpenses": 0,
    "generalAndAdministrativeExpenses": 0,
    "sellingAndMarketingExpenses": 0,
    "sellingGeneralAndAdministrativeExpenses": 0,
    "otherExpenses": 11726000000,
    "operatingExpenses": 11726000000,
    "costAndExpenses": 94596000000,
    "interestIncome": 0,
    "interestExpense": 752000000,
    "depreciationAndAmortization": 1161000000,
    "ebitda": 2018000000,
    "ebitdaratio": 0.0211468332,
    "operatingIncome": 832000000,
    "operatingIncomeRatio": 0.0087186151,
    "totalOtherIncomeExpensesNet": -727000000,
    "incomeBeforeTax": 105000000,
    "incomeBeforeTaxRatio": 0.001100306,
    "incomeTaxExpense": 34000000,
    "netIncome": 87000000,
    "netIncomeRatio": 0.0009116821,
    "eps": 0.0691,
    "epsdiluted": 0.0691,
    "weightedAverageShsOut": 1259000000,
    "weightedAverageShsOutDil": 1259000000,
    "link": "https://www.sec.gov/Archives/edgar/data/64803/000006480324000034/0000064803-24-000034-index.htm",
    "finalLink": "https://www.sec.gov/Archives/edgar/data/64803/000006480324000034/cvs-20240930.htm"
  },
  {
    "date": "2024-06-30",
    "symbol": "CVS",
    "reportedCurrency": "USD",
    "cik": "0000064803",
    "fillingDate": "2024-08-07",
    "acceptedDate": "2024-08-07 06:35:29",
    "calendarYear": "2024",
    "period": "Q2",
    "revenue": 91234000000,
    "costOfRevenue": 77851000000,
    "grossProfit": 13383000000,
    "grossProfitRatio": 0.1466887345,
    "researchAndDevelopmentExpenses": 0,
    "generalAndAdministrativeExpenses": 0,
    "sellingAndMarketingExpenses": 0,
    "sellingGeneralAndAdministrativeExpenses": 0,
    "otherExpenses": 10338000000,
    "operatingExpenses": 10338000000,
    "costAndExpenses": 88189000000,
    "interestIncome": 0,
    "interestExpense": 732000000,
    "depreciationAndAmortization": 1151000000,
    "ebitda": 4220000000,
    "ebitdaratio": 0.0462546858,
    "operatingIncome": 3045000000,
    "operatingIncomeRatio": 0.0333757152,
    "totalOtherIncomeExpensesNet": -708000000,
    "incomeBeforeTax": 2337000000,
    "incomeBeforeTaxRatio": 0.0256154504,
    "incomeTaxExpense": 569000000,
    "netIncome": 1770000000,
    "netIncomeRatio": 0.019400662,
    "eps": 1.41,
    "epsdiluted": 1.41,
    "weightedAverageShsOut": 1256000000,
    "weightedAverageShsOutDil": 1259000000,
    "link": "https://www.sec.gov/Archives/edgar/data/64803/000006480324000029/0000064803-24-000029-index.htm",
    "finalLink": "https://www.sec.gov/Archives/edgar/data/64803/000006480324000029/cvs-20240630.htm"
  },
  {
    "date": "2024-03-31",
    "symbol": "CVS",
    "reportedCurrency": "USD",
    "cik": "0000064803",
    "fillingDate": "2024-05-01",
    "acceptedDate": "2024-05-01 06:40:00",
    "calendarYear": "2024",
    "period": "Q1",
    "revenue": 88437000000,
    "costOfRevenue": 75876000000,
    "grossProfit": 12561000000,
    "grossProfitRatio": 0.1420333118,
    "researchAndDevelopmentExpenses": 0,
    "generalAndAdministrativeExpenses": 0,
    "sellingAndMarketingExpenses": 0,
    "sellingGeneralAndAdministrativeExpenses": 0,
    "otherExpenses": 10290000000,
    "operatingExpenses": 10290000000,
    "costAndExpenses": 86166000000,
    "interestIncome": 0,
    "interestExpense": 716000000,
    "depreciationAndAmortization": 1138000000,
    "ebitda": 3434000000,
    "ebitdaratio": 0.0388299015,
    "operatingIncome": 2271000000,
    "operatingIncomeRatio": 0.0256792971,
    "totalOtherIncomeExpensesNet": -691000000,
    "incomeBeforeTax": 1580000000,
    "incomeBeforeTaxRatio": 0.0178658254,
    "incomeTaxExpense": 456000000,
    "netIncome": 1113000000,
    "netIncomeRatio": 0.0125852302,
    "eps": 0.88,
    "epsdiluted": 0.88,
    "weightedAverageShsOut": 1260000000,
    "weightedAverageShsOutDil": 1267000000,
    "link": "https://www.sec.gov/Archives/edgar/data/64803/000006480324000016/0000064803-24-000016-index.htm",
    "finalLink": "https://www.sec.gov/Archives/edgar/data/64803/000006480324000016/cvs-20240331.htm"
  },
  {
    "date": "2023-12-31",
    "symbol": "CVS",
    "reportedCurrency": "USD",
    "cik": "0000064803",
    "fillingDate": "2024-02-07",
    "acceptedDate": "2024-02-07 06:52:35",
    "calendarYear": "2023",
    "period": "Q4",
    "revenue": 93813000000,
    "costOfRevenue": 79937000000,
    "grossProfit": 13876000000,
    "grossProfitRatio": 0.1479112703,
    "researchAndDevelopmentExpenses": 0,
    "generalAndAdministrativeExpenses": 0,
    "sellingAndMarketingExpenses": 0,
    "sellingGeneralAndAdministrativeExpenses": 0,
    "otherExpenses": 10503000000,
    "operatingExpenses": 10503000000,
    "costAndExpenses": 90440000000,
    "interestIncome": 0,
    "interestExpense": 690000000,
    "depreciationAndAmortization": 1134000000,
    "ebitda": 4529000000,
    "ebitdaratio": 0.0482768913,
    "operatingIncome": 3373000000,
    "operatingIncomeRatio": 0.0359545052,
    "totalOtherIncomeExpensesNet": -668000000,
    "incomeBeforeTax": 2705000000,
    "incomeBeforeTaxRatio": 0.0288339569,
    "incomeTaxExpense": 658000000,
    "netIncome": 2046000000,
    "netIncomeRatio": 0.0218093441,
    "eps": 1.59,
    "epsdiluted": 1.59,
    "weightedAverageShsOut": 1288000000,
    "weightedAverageShsOutDil": 1293000000,
    "link": "https://www.sec.gov/Archives/edgar/data/64803/000006480324000007/0000064803-24-000007-index.htm",
    "finalLink": "https://www.sec.gov/Archives/edgar/data/64803/000006480324000007/cvs-20231231.htm"
  },
  {
    "date": "2023-09-30",
    "symbol": "CVS",
    "reportedCurrency": "USD",
    "cik": "0000064803",
    "fillingDate": "2023-11-01",
    "acceptedDate": "2023-11-01 06:38:24",
    "calendarYear": "2023",
    "period": "Q3",
    "revenue": 89764000000,
    "costOfRevenue": 76187000000,
    "grossProfit": 13577000000,
    "grossProfitRatio": 0.1512521724,
    "researchAndDevelopmentExpenses": 0,
    "generalAndAdministrativeExpenses": 0,
    "sellingAndMarketingExpenses": 0,
    "sellingGeneralAndAdministrativeExpenses": 0,
    "otherExpenses": 9887000000,
    "operatingExpenses": 9887000000,
    "costAndExpenses": 86074000000,
    "interestIncome": 0,
    "interestExpense": 693000000,
    "depreciationAndAmortization": 1127000000,
    "ebitda": 4839000000,
    "ebitdaratio": 0.0539080255,
    "operatingIncome": 3690000000,
    "operatingIncomeRatio": 0.0411077938,
    "totalOtherIncomeExpensesNet": -671000000,
    "incomeBeforeTax": 3019000000,
    "incomeBeforeTaxRatio": 0.0336326367,
    "incomeTaxExpense": 754000000,
    "netIncome": 2261000000,
    "netIncomeRatio": 0.0251882715,
    "eps": 1.76,
    "epsdiluted": 1.75,
    "weightedAverageShsOut": 1287000000,
    "weightedAverageShsOutDil": 1290000000,
    "link": "https://www.sec.gov/Archives/edgar/data/64803/000006480323000047/0000064803-23-000047-index.htm",
    "finalLink": "https://www.sec.gov/Archives/edgar/data/64803/000006480323000047/cvs-20230930.htm"
  },
  {
    "date": "2023-06-30",
    "symbol": "CVS",
    "reportedCurrency": "USD",
    "cik": "0000064803",
    "fillingDate": "2023-08-02",
    "acceptedDate": "2023-08-02 06:36:58",
    "calendarYear": "2023",
    "period": "Q2",
    "revenue": 88921000000,
    "costOfRevenue": 75318000000,
    "grossProfit": 13603000000,
    "grossProfitRatio": 0.1529784865,
    "researchAndDevelopmentExpenses": 0,
    "generalAndAdministrativeExpenses": 0,
    "sellingAndMarketingExpenses": 0,
    "sellingGeneralAndAdministrativeExpenses": 0,
    "otherExpenses": 10369000000,
    "operatingExpenses": 10369000000,
    "costAndExpenses": 85687000000,
    "interestIncome": 0,
    "interestExpense": 686000000,
    "depreciationAndAmortization": 1104000000,
    "ebitda": 4360000000,
    "ebitdaratio": 0.0490322871,
    "operatingIncome": 3234000000,
    "operatingIncomeRatio": 0.0363693616,
    "totalOtherIncomeExpensesNet": -664000000,
    "incomeBeforeTax": 2570000000,
    "incomeBeforeTaxRatio": 0.0289020591,
    "incomeTaxExpense": 656000000,
    "netIncome": 1901000000,
    "netIncomeRatio": 0.021378527,
    "eps": 1.48,
    "epsdiluted": 1.48,
    "weightedAverageShsOut": 1283000000,
    "weightedAverageShsOutDil": 1287000000,
    "link": "https://www.sec.gov/Archives/edgar/data/64803/000006480323000033/0000064803-23-000033-index.htm",
    "finalLink": "https://www.sec.gov/Archives/edgar/data/64803/000006480323000033/cvs-20230630.htm"
  },
  {
    "date": "2023-03-31",
    "symbol": "CVS",
    "reportedCurrency": "USD",
    "cik": "0000064803",
    "fillingDate": "2023-05-03",
    "acceptedDate": "2023-05-03 06:38:46",
    "calendarYear": "2023",
    "period": "Q1",
    "revenue": 85278000000,
    "costOfRevenue": 71903000000,
    "grossProfit": 13375000000,
    "grossProfitRatio": 0.1568399822,
    "researchAndDevelopmentExpenses": 0,
    "generalAndAdministrativeExpenses": 0,
    "sellingAndMarketingExpenses": 0,
    "sellingGeneralAndAdministrativeExpenses": 0,
    "otherExpenses": 9929000000,
    "operatingExpenses": 9929000000,
    "costAndExpenses": 81832000000,
    "interestIncome": 0,
    "interestExpense": 589000000,
    "depreciationAndAmortization": 1001000000,
    "ebitda": 4469000000,
    "ebitdaratio": 0.0524050752,
    "operatingIncome": 3446000000,
    "operatingIncomeRatio": 0.0404090152,
    "totalOtherIncomeExpensesNet": -567000000,
    "incomeBeforeTax": 2879000000,
    "incomeBeforeTaxRatio": 0.0337601726,
    "incomeTaxExpense": 737000000,
    "netIncome": 2136000000,
    "netIncomeRatio": 0.0250474917,
    "eps": 1.66,
    "epsdiluted": 1.65,
    "weightedAverageShsOut": 1283000000,
    "weightedAverageShsOutDil": 1291000000,
    "link": "https://www.sec.gov/Archives/edgar/data/64803/000006480323000016/0000064803-23-000016-index.htm",
    "finalLink": "https://www.sec.gov/Archives/edgar/data/64803/000006480323000016/cvs-20230331.htm"
  },
  {
    "date": "2022-12-31",
    "symbol": "CVS",
    "reportedCurrency": "USD",
    "cik": "0000064803",
    "fillingDate": "2023-02-08",
    "acceptedDate": "2023-02-08 06:37:38",
    "calendarYear": "2022",
    "period": "Q4",
    "revenue": 83846000000,
    "costOfRevenue": 70033000000,
    "grossProfit": 13813000000,
    "grossProfitRatio": 0.1647425041,
    "researchAndDevelopmentExpenses": 0,
    "generalAndAdministrativeExpenses": 0,
    "sellingAndMarketingExpenses": 0,
    "sellingGeneralAndAdministrativeExpenses": 0,
    "otherExpenses": 10195000000,
    "operatingExpenses": 10195000000,
    "costAndExpenses": 80228000000,
    "interestIncome": 0,
    "interestExpense": 552000000,
    "depreciationAndAmortization": 1049000000,
    "ebitda": 4710000000,
    "ebitdaratio": 0.056174415,
    "operatingIncome": 3618000000,
    "operatingIncomeRatio": 0.0431505379,
    "totalOtherIncomeExpensesNet": -509000000,
    "incomeBeforeTax": 3109000000,
    "incomeBeforeTaxRatio": 0.0370798846,
    "incomeTaxExpense": 809000000,
    "netIncome": 2302000000,
    "netIncomeRatio": 0.0274550962,
    "eps": 1.78,
    "epsdiluted": 1.77,
    "weightedAverageShsOut": 1310000000,
    "weightedAverageShsOutDil": 1319000000,
    "link": "https://www.sec.gov/Archives/edgar/data/64803/000006480323000009/0000064803-23-000009-index.htm",
    "finalLink": "https://www.sec.gov/Archives/edgar/data/64803/000006480323000009/cvs-20221231.htm"
  },
  {
    "date": "2022-09-30",
    "symbol": "CVS",
    "reportedCurrency": "USD",
    "cik": "0000064803",
    "fillingDate": "2022-11-02",
    "acceptedDate": "2022-11-02 06:36:26",
    "calendarYear": "2022",
    "period": "Q3",
    "revenue": 81159000000,
    "costOfRevenue": 67766000000,
    "grossProfit": 13393000000,
    "grossProfitRatio": 0.1650217474,
    "researchAndDevelopmentExpenses": 0,
    "generalAndAdministrativeExpenses": 0,
    "sellingAndMarketingExpenses": 0,
    "sellingGeneralAndAdministrativeExpenses": 0,
    "otherExpenses": 17312000000,
    "operatingExpenses": 17312000000,
    "costAndExpenses": 85078000000,
    "interestIncome": 0,
    "interestExpense": 566000000,
    "depreciationAndAmortization": 1050000000,
    "ebitda": -2828000000,
    "ebitdaratio": -0.0348451804,
    "operatingIncome": -3919000000,
    "operatingIncomeRatio": -0.0482879286,
    "totalOtherIncomeExpensesNet": -525000000,
    "incomeBeforeTax": -4444000000,
    "incomeBeforeTaxRatio": -0.0547567121,
    "incomeTaxExpense": -1045000000,
    "netIncome": -3406000000,
    "netIncomeRatio": -0.041967003,
    "eps": -2.59,
    "epsdiluted": -2.59,
    "weightedAverageShsOut": 1315000000,
    "weightedAverageShsOutDil": 1315000000,
    "link": "https://www.sec.gov/Archives/edgar/data/64803/000006480322000038/0000064803-22-000038-index.htm",
    "finalLink": "https://www.sec.gov/Archives/edgar/data/64803/000006480322000038/cvs-20220930.htm"
  },
  {
    "date": "2022-06-30",
    "symbol": "CVS",
    "reportedCurrency": "USD",
    "cik": "0000064803",
    "fillingDate": "2022-08-03",
    "acceptedDate": "2022-08-03 06:35:56",
    "calendarYear": "2022",
    "period": "Q2",
    "revenue": 80636000000,
    "costOfRevenue": 66780000000,
    "grossProfit": 13856000000,
    "grossProfitRatio": 0.1718339203,
    "researchAndDevelopmentExpenses": 0,
    "generalAndAdministrativeExpenses": 0,
    "sellingAndMarketingExpenses": 0,
    "sellingGeneralAndAdministrativeExpenses": 0,
    "otherExpenses": 9187000000,
    "operatingExpenses": 9187000000,
    "costAndExpenses": 75967000000,
    "interestIncome": 0,
    "interestExpense": 583000000,
    "depreciationAndAmortization": 1082000000,
    "ebitda": 5794000000,
    "ebitdaratio": 0.0718537626,
    "operatingIncome": 4669000000,
    "operatingIncomeRatio": 0.0579021777,
    "totalOtherIncomeExpensesNet": -540000000,
    "incomeBeforeTax": 4129000000,
    "incomeBeforeTaxRatio": 0.0512054169,
    "incomeTaxExpense": 1090000000,
    "netIncome": 3029000000,
    "netIncomeRatio": 0.0375638673,
    "eps": 2.31,
    "epsdiluted": 2.29,
    "weightedAverageShsOut": 1313000000,
    "weightedAverageShsOutDil": 1321000000,
    "link": "https://www.sec.gov/Archives/edgar/data/64803/000006480322000029/0000064803-22-000029-index.htm",
    "finalLink": "https://www.sec.gov/Archives/edgar/data/64803/000006480322000029/cvs-20220630.htm"
  },
  {
    "date": "2022-03-31",
    "symbol": "CVS",
    "reportedCurrency": "USD",
    "cik": "0000064803",
    "fillingDate": "2022-05-04",
    "acceptedDate": "2022-05-04 06:35:04",
    "calendarYear": "2022",
    "period": "Q1",
    "revenue": 76826000000,
    "costOfRevenue": 63432000000,
    "grossProfit": 13394000000,
    "grossProfitRatio": 0.1743420196,
    "researchAndDevelopmentExpenses": 0,
    "generalAndAdministrativeExpenses": 0,
    "sellingAndMarketingExpenses": 0,
    "sellingGeneralAndAdministrativeExpenses": 0,
    "otherExpenses": 9849000000,
    "operatingExpenses": 9849000000,
    "costAndExpenses": 73281000000,
    "interestIncome": 0,
    "interestExpense": 586000000,
    "depreciationAndAmortization": 1049000000,
    "ebitda": 4636000000,
    "ebitdaratio": 0.0603441543,
    "operatingIncome": 3545000000,
    "operatingIncomeRatio": 0.0461432328,
    "totalOtherIncomeExpensesNet": -544000000,
    "incomeBeforeTax": 3001000000,
    "incomeBeforeTaxRatio": 0.0390622966,
    "incomeTaxExpense": 646000000,
    "netIncome": 2354000000,
    "netIncomeRatio": 0.0306406685,
    "eps": 1.79,
    "epsdiluted": 1.77,
    "weightedAverageShsOut": 1312000000,
    "weightedAverageShsOutDil": 1328000000,
    "link": "https://www.sec.gov/Archives/edgar/data/64803/000006480322000016/0000064803-22-000016-index.htm",
    "finalLink": "https://www.sec.gov/Archives/edgar/data/64803/000006480322000016/cvs-20220331.htm"
  },
  {
    "date": "2021-12-31",
    "symbol": "CVS",
    "reportedCurrency": "USD",
    "cik": "0000064803",
    "fillingDate": "2022-02-09",
    "acceptedDate": "2022-02-09 06:37:35",
    "calendarYear": "2021",
    "period": "Q4",
    "revenue": 76604000000,
    "costOfRevenue": 62952000000,
    "grossProfit": 13652000000,
    "grossProfitRatio": 0.1782152368,
    "researchAndDevelopmentExpenses": 0,
    "generalAndAdministrativeExpenses": 0,
    "sellingAndMarketingExpenses": 0,
    "sellingGeneralAndAdministrativeExpenses": 0,
    "otherExpenses": 11423000000,
    "operatingExpenses": 11423000000,
    "costAndExpenses": 74375000000,
    "interestIncome": 0,
    "interestExpense": 608000000,
    "depreciationAndAmortization": 1115000000,
    "ebitda": 3293000000,
    "ebitdaratio": 0.0429873114,
    "operatingIncome": 2229000000,
    "operatingIncomeRatio": 0.0290976972,
    "totalOtherIncomeExpensesNet": -659000000,
    "incomeBeforeTax": 1570000000,
    "incomeBeforeTaxRatio": 0.0204950133,
    "incomeTaxExpense": 274000000,
    "netIncome": 1306000000,
    "netIncomeRatio": 0.0170487181,
    "eps": 0.99,
    "epsdiluted": 0.98,
    "weightedAverageShsOut": 1322000000,
    "weightedAverageShsOutDil": 1336000000,
    "link": "https://www.sec.gov/Archives/edgar/data/64803/000006480322000008/0000064803-22-000008-index.htm",
    "finalLink": "https://www.sec.gov/Archives/edgar/data/64803/000006480322000008/cvs-20211231.htm"
  },
  {
    "date": "2021-09-30",
    "symbol": "CVS",
    "reportedCurrency": "USD",
    "cik": "0000064803",
    "fillingDate": "2021-11-03",
    "acceptedDate": "2021-11-03 06:46:46",
    "calendarYear": "2021",
    "period": "Q3",
    "revenue": 73794000000,
    "costOfRevenue": 61092000000,
    "grossProfit": 12702000000,
    "grossProfitRatio": 0.1721278153,
    "researchAndDevelopmentExpenses": 0,
    "generalAndAdministrativeExpenses": 0,
    "sellingAndMarketingExpenses": 0,
    "sellingGeneralAndAdministrativeExpenses": 0,
    "otherExpenses": 9641000000,
    "operatingExpenses": 9641000000,
    "costAndExpenses": 70733000000,
    "interestIncome": 0,
    "interestExpense": 602000000,
    "depreciationAndAmortization": 1134000000,
    "ebitda": 3881000000,
    "ebitdaratio": 0.0525923517,
    "operatingIncome": 3061000000,
    "operatingIncomeRatio": 0.0414803372,
    "totalOtherIncomeExpensesNet": -916000000,
    "incomeBeforeTax": 2145000000,
    "incomeBeforeTaxRatio": 0.0290674039,
    "incomeTaxExpense": 558000000,
    "netIncome": 1598000000,
    "netIncomeRatio": 0.0216548771,
    "eps": 1.21,
    "epsdiluted": 1.2,
    "weightedAverageShsOut": 1321000000,
    "weightedAverageShsOutDil": 1329000000,
    "link": "https://www.sec.gov/Archives/edgar/data/64803/000006480321000034/0000064803-21-000034-index.htm",
    "finalLink": "https://www.sec.gov/Archives/edgar/data/64803/000006480321000034/cvs-20210930.htm"
  },
  {
    "date": "2021-06-30",
    "symbol": "CVS",
    "reportedCurrency": "USD",
    "cik": "0000064803",
    "fillingDate": "2021-08-04",
    "acceptedDate": "2021-08-04 06:36:56",
    "calendarYear": "2021",
    "period": "Q2",
    "revenue": 72616000000,
    "costOfRevenue": 59421000000,
    "grossProfit": 13195000000,
    "grossProfitRatio": 0.1817092652,
    "researchAndDevelopmentExpenses": 0,
    "generalAndAdministrativeExpenses": 0,
    "sellingAndMarketingExpenses": 0,
    "sellingGeneralAndAdministrativeExpenses": 0,
    "otherExpenses": 8869000000,
    "operatingExpenses": 8869000000,
    "costAndExpenses": 68290000000,
    "interestIncome": 0,
    "interestExpense": 636000000,
    "depreciationAndAmortization": 1137000000,
    "ebitda": 5508000000,
    "ebitdaratio": 0.0758510521,
    "operatingIncome": 4326000000,
    "operatingIncomeRatio": 0.0595736477,
    "totalOtherIncomeExpensesNet": -591000000,
    "incomeBeforeTax": 3735000000,
    "incomeBeforeTaxRatio": 0.0514349455,
    "incomeTaxExpense": 944000000,
    "netIncome": 2783000000,
    "netIncomeRatio": 0.0383248871,
    "eps": 2.11,
    "epsdiluted": 2.1,
    "weightedAverageShsOut": 1319000000,
    "weightedAverageShsOutDil": 1327000000,
    "link": "https://www.sec.gov/Archives/edgar/data/64803/000006480321000028/0000064803-21-000028-index.htm",
    "finalLink": "https://www.sec.gov/Archives/edgar/data/64803/000006480321000028/cvs-20210630.htm"
  },
  {
    "date": "2021-03-31",
    "symbol": "CVS",
    "reportedCurrency": "USD",
    "cik": "0000064803",
    "fillingDate": "2021-05-04",
    "acceptedDate": "2021-05-04 06:37:00",
    "calendarYear": "2021",
    "period": "Q1",
    "revenue": 69097000000,
    "costOfRevenue": 56598000000,
    "grossProfit": 12499000000,
    "grossProfitRatio": 0.180890632,
    "researchAndDevelopmentExpenses": 0,
    "generalAndAdministrativeExpenses": 0,
    "sellingAndMarketingExpenses": 0,
    "sellingGeneralAndAdministrativeExpenses": 0,
    "otherExpenses": 8922000000,
    "operatingExpenses": 8922000000,
    "costAndExpenses": 65520000000,
    "interestIncome": 0,
    "interestExpense": 657000000,
    "depreciationAndAmortization": 1126000000,
    "ebitda": 4753000000,
    "ebitdaratio": 0.0687873569,
    "operatingIncome": 3577000000,
    "operatingIncomeRatio": 0.0517678047,
    "totalOtherIncomeExpensesNet": -607000000,
    "incomeBeforeTax": 2970000000,
    "incomeBeforeTaxRatio": 0.0429830528,
    "incomeTaxExpense": 746000000,
    "netIncome": 2223000000,
    "netIncomeRatio": 0.0321721638,
    "eps": 1.69,
    "epsdiluted": 1.68,
    "weightedAverageShsOut": 1313000000,
    "weightedAverageShsOutDil": 1322000000,
    "link": "https://www.sec.gov/Archives/edgar/data/64803/000006480321000017/0000064803-21-000017-index.htm",
    "finalLink": "https://www.sec.gov/Archives/edgar/data/64803/000006480321000017/cvs-20210331.htm"
  },
  {
    "date": "2020-12-31",
    "symbol": "CVS",
    "reportedCurrency": "USD",
    "cik": "0000064803",
    "fillingDate": "2021-02-16",
    "acceptedDate": "2021-02-16 06:47:54",
    "calendarYear": "2020",
    "period": "Q4",
    "revenue": 69554000000,
    "costOfRevenue": 57597000000,
    "grossProfit": 11957000000,
    "grossProfitRatio": 0.1719095954,
    "researchAndDevelopmentExpenses": 0,
    "generalAndAdministrativeExpenses": 0,
    "sellingAndMarketingExpenses": 0,
    "sellingGeneralAndAdministrativeExpenses": 0,
    "otherExpenses": 9433000000,
    "operatingExpenses": 9433000000,
    "costAndExpenses": 67030000000,
    "interestIncome": 0,
    "interestExpense": 678000000,
    "depreciationAndAmortization": 1139000000,
    "ebitda": 3042000000,
    "ebitdaratio": 0.0437358024,
    "operatingIncome": 2524000000,
    "operatingIncomeRatio": 0.0362883515,
    "totalOtherIncomeExpensesNet": -1299000000,
    "incomeBeforeTax": 1225000000,
    "incomeBeforeTaxRatio": 0.017612215,
    "incomeTaxExpense": 241000000,
    "netIncome": 973000000,
    "netIncomeRatio": 0.0139891307,
    "eps": 0.74,
    "epsdiluted": 0.74,
    "weightedAverageShsOut": 1311000000,
    "weightedAverageShsOutDil": 1317000000,
    "link": "https://www.sec.gov/Archives/edgar/data/64803/000006480321000011/0000064803-21-000011-index.htm",
    "finalLink": "https://www.sec.gov/Archives/edgar/data/64803/000006480321000011/cvs-20201231.htm"
  },
  {
    "date": "2020-09-30",
    "symbol": "CVS",
    "reportedCurrency": "USD",
    "cik": "0000064803",
    "fillingDate": "2020-11-06",
    "acceptedDate": "2020-11-06 06:41:29",
    "calendarYear": "2020",
    "period": "Q3",
    "revenue": 67056000000,
    "costOfRevenue": 55336000000,
    "grossProfit": 11720000000,
    "grossProfitRatio": 0.174779289,
    "researchAndDevelopmentExpenses": 0,
    "generalAndAdministrativeExpenses": 0,
    "sellingAndMarketingExpenses": 0,
    "sellingGeneralAndAdministrativeExpenses": 0,
    "otherExpenses": 8471000000,
    "operatingExpenses": 8471000000,
    "costAndExpenses": 63807000000,
    "interestIncome": 0,
    "interestExpense": 731000000,
    "depreciationAndAmortization": 1114000000,
    "ebitda": 3651000000,
    "ebitdaratio": 0.0544470293,
    "operatingIncome": 3249000000,
    "operatingIncomeRatio": 0.0484520401,
    "totalOtherIncomeExpensesNet": -1443000000,
    "incomeBeforeTax": 1806000000,
    "incomeBeforeTaxRatio": 0.026932713,
    "incomeTaxExpense": 587000000,
    "netIncome": 1224000000,
    "netIncomeRatio": 0.0182534001,
    "eps": 0.93,
    "epsdiluted": 0.93,
    "weightedAverageShsOut": 1310000000,
    "weightedAverageShsOutDil": 1315000000,
    "link": "https://www.sec.gov/Archives/edgar/data/64803/000006480320000041/0000064803-20-000041-index.htm",
    "finalLink": "https://www.sec.gov/Archives/edgar/data/64803/000006480320000041/cvs-20200930.htm"
  },
  {
    "date": "2020-06-30",
    "symbol": "CVS",
    "reportedCurrency": "USD",
    "cik": "0000064803",
    "fillingDate": "2020-08-05",
    "acceptedDate": "2020-08-05 06:37:51",
    "calendarYear": "2020",
    "period": "Q2",
    "revenue": 65341000000,
    "costOfRevenue": 51993000000,
    "grossProfit": 13348000000,
    "grossProfitRatio": 0.2042821506,
    "researchAndDevelopmentExpenses": 0,
    "generalAndAdministrativeExpenses": 0,
    "sellingAndMarketingExpenses": 0,
    "sellingGeneralAndAdministrativeExpenses": 0,
    "otherExpenses": 8668000000,
    "operatingExpenses": 8668000000,
    "costAndExpenses": 60661000000,
    "interestIncome": 0,
    "interestExpense": 765000000,
    "depreciationAndAmortization": 1102000000,
    "ebitda": 5827000000,
    "ebitdaratio": 0.0891783107,
    "operatingIncome": 4680000000,
    "operatingIncomeRatio": 0.0716242482,
    "totalOtherIncomeExpensesNet": -720000000,
    "incomeBeforeTax": 3960000000,
    "incomeBeforeTaxRatio": 0.0606051331,
    "incomeTaxExpense": 974000000,
    "netIncome": 2975000000,
    "netIncomeRatio": 0.0455303714,
    "eps": 2.27,
    "epsdiluted": 2.26,
    "weightedAverageShsOut": 1309000000,
    "weightedAverageShsOutDil": 1314000000,
    "link": "https://www.sec.gov/Archives/edgar/data/64803/000006480320000030/0000064803-20-000030-index.htm",
    "finalLink": "https://www.sec.gov/Archives/edgar/data/64803/000006480320000030/a0630202010-q.htm"
  },
  {
    "date": "2020-03-31",
    "symbol": "CVS",
    "reportedCurrency": "USD",
    "cik": "0000064803",
    "fillingDate": "2020-05-06",
    "acceptedDate": "2020-05-06 06:39:08",
    "calendarYear": "2020",
    "period": "Q1",
    "revenue": 66755000000,
    "costOfRevenue": 54734000000,
    "grossProfit": 12021000000,
    "grossProfitRatio": 0.1800763988,
    "researchAndDevelopmentExpenses": 0,
    "generalAndAdministrativeExpenses": 0,
    "sellingAndMarketingExpenses": 0,
    "sellingGeneralAndAdministrativeExpenses": 0,
    "otherExpenses": 8563000000,
    "operatingExpenses": 8563000000,
    "costAndExpenses": 63297000000,
    "interestIncome": 0,
    "interestExpense": 733000000,
    "depreciationAndAmortization": 1086000000,
    "ebitda": 4598000000,
    "ebitdaratio": 0.0688787357,
    "operatingIncome": 3458000000,
    "operatingIncomeRatio": 0.0518013632,
    "totalOtherIncomeExpensesNet": -679000000,
    "incomeBeforeTax": 2779000000,
    "incomeBeforeTaxRatio": 0.0416298405,
    "incomeTaxExpense": 767000000,
    "netIncome": 2007000000,
    "netIncomeRatio": 0.0300651637,
    "eps": 1.54,
    "epsdiluted": 1.53,
    "weightedAverageShsOut": 1306000000,
    "weightedAverageShsOutDil": 1312000000,
    "link": "https://www.sec.gov/Archives/edgar/data/64803/000006480320000015/0000064803-20-000015-index.htm",
    "finalLink": "https://www.sec.gov/Archives/edgar/data/64803/000006480320000015/a0331202010-q.htm"
  },
  {
    "date": "2019-12-31",
    "symbol": "CVS",
    "reportedCurrency": "USD",
    "cik": "0000064803",
    "fillingDate": "2020-02-18",
    "acceptedDate": "2020-02-18 06:26:11",
    "calendarYear": "2019",
    "period": "Q4",
    "revenue": 66889000000,
    "costOfRevenue": 55198000000,
    "grossProfit": 11691000000,
    "grossProfitRatio": 0.1747821017,
    "researchAndDevelopmentExpenses": 0,
    "generalAndAdministrativeExpenses": 0,
    "sellingAndMarketingExpenses": 0,
    "sellingGeneralAndAdministrativeExpenses": 0,
    "otherExpenses": 8654000000,
    "operatingExpenses": 8654000000,
    "costAndExpenses": 63852000000,
    "interestIncome": 0,
    "interestExpense": 734000000,
    "depreciationAndAmortization": 1096000000,
    "ebitda": 4164000000,
    "ebitdaratio": 0.0622523883,
    "operatingIncome": 3037000000,
    "operatingIncomeRatio": 0.0454035791,
    "totalOtherIncomeExpensesNet": -703000000,
    "incomeBeforeTax": 2334000000,
    "incomeBeforeTaxRatio": 0.0348936297,
    "incomeTaxExpense": 590000000,
    "netIncome": 1747000000,
    "netIncomeRatio": 0.0261178968,
    "eps": 1.34,
    "epsdiluted": 1.33,
    "weightedAverageShsOut": 1303000000,
    "weightedAverageShsOutDil": 1310000000,
    "link": "https://www.sec.gov/Archives/edgar/data/64803/000006480320000007/0000064803-20-000007-index.htm",
    "finalLink": "https://www.sec.gov/Archives/edgar/data/64803/000006480320000007/a2019form10-k.htm"
  },
  {
    "date": "2019-09-30",
    "symbol": "CVS",
    "reportedCurrency": "USD",
    "cik": "0000064803",
    "fillingDate": "2019-11-06",
    "acceptedDate": "2019-11-06 06:55:57",
    "calendarYear": "2019",
    "period": "Q3",
    "revenue": 64810000000,
    "costOfRevenue": 53287000000,
    "grossProfit": 11523000000,
    "grossProfitRatio": 0.1777966363,
    "researchAndDevelopmentExpenses": 0,
    "generalAndAdministrativeExpenses": 0,
    "sellingAndMarketingExpenses": 0,
    "sellingGeneralAndAdministrativeExpenses": 0,
    "otherExpenses": 8595000000,
    "operatingExpenses": 8595000000,
    "costAndExpenses": 61882000000,
    "interestIncome": 0,
    "interestExpense": 747000000,
    "depreciationAndAmortization": 1092000000,
    "ebitda": 3972000000,
    "ebitdaratio": 0.0612868385,
    "operatingIncome": 2928000000,
    "operatingIncomeRatio": 0.0451782132,
    "totalOtherIncomeExpensesNet": -795000000,
    "incomeBeforeTax": 2133000000,
    "incomeBeforeTaxRatio": 0.0329115877,
    "incomeTaxExpense": 604000000,
    "netIncome": 1530000000,
    "netIncomeRatio": 0.023607468,
    "eps": 1.17,
    "epsdiluted": 1.17,
    "weightedAverageShsOut": 1302000000,
    "weightedAverageShsOutDil": 1305000000,
    "link": "https://www.sec.gov/Archives/edgar/data/64803/000006480319000049/0000064803-19-000049-index.htm",
    "finalLink": "https://www.sec.gov/Archives/edgar/data/64803/000006480319000049/a0930201910-q.htm"
  },
  {
    "date": "2019-06-30",
    "symbol": "CVS",
    "reportedCurrency": "USD",
    "cik": "0000064803",
    "fillingDate": "2019-08-07",
    "acceptedDate": "2019-08-07 16:28:04",
    "calendarYear": "2019",
    "period": "Q2",
    "revenue": 63431000000,
    "costOfRevenue": 52057000000,
    "grossProfit": 11374000000,
    "grossProfitRatio": 0.1793129542,
    "researchAndDevelopmentExpenses": 0,
    "generalAndAdministrativeExpenses": 0,
    "sellingAndMarketingExpenses": 0,
    "sellingGeneralAndAdministrativeExpenses": 0,
    "otherExpenses": 8042000000,
    "operatingExpenses": 8042000000,
    "costAndExpenses": 60099000000,
    "interestIncome": 0,
    "interestExpense": 772000000,
    "depreciationAndAmortization": 1072000000,
    "ebitda": 4435000000,
    "ebitdaratio": 0.0699184941,
    "operatingIncome": 3332000000,
    "operatingIncomeRatio": 0.0525295203,
    "totalOtherIncomeExpensesNet": -741000000,
    "incomeBeforeTax": 2591000000,
    "incomeBeforeTaxRatio": 0.0408475351,
    "incomeTaxExpense": 660000000,
    "netIncome": 1936000000,
    "netIncomeRatio": 0.0305213539,
    "eps": 1.49,
    "epsdiluted": 1.49,
    "weightedAverageShsOut": 1301000000,
    "weightedAverageShsOutDil": 1302000000,
    "link": "https://www.sec.gov/Archives/edgar/data/64803/000006480319000039/0000064803-19-000039-index.htm",
    "finalLink": "https://www.sec.gov/Archives/edgar/data/64803/000006480319000039/a0630201910-q.htm"
  },
  {
    "date": "2019-03-31",
    "symbol": "CVS",
    "reportedCurrency": "USD",
    "cik": "0000064803",
    "fillingDate": "2019-05-01",
    "acceptedDate": "2019-05-01 16:57:10",
    "calendarYear": "2019",
    "period": "Q1",
    "revenue": 61646000000,
    "costOfRevenue": 50706000000,
    "grossProfit": 10940000000,
    "grossProfitRatio": 0.1774648801,
    "researchAndDevelopmentExpenses": 0,
    "generalAndAdministrativeExpenses": 0,
    "sellingAndMarketingExpenses": 0,
    "sellingGeneralAndAdministrativeExpenses": 0,
    "otherExpenses": 8250000000,
    "operatingExpenses": 8250000000,
    "costAndExpenses": 58956000000,
    "interestIncome": 0,
    "interestExpense": 782000000,
    "depreciationAndAmortization": 1111000000,
    "ebitda": 3832000000,
    "ebitdaratio": 0.062161373,
    "operatingIncome": 2690000000,
    "operatingIncomeRatio": 0.0436362457,
    "totalOtherIncomeExpensesNet": -751000000,
    "incomeBeforeTax": 1939000000,
    "incomeBeforeTaxRatio": 0.0314537845,
    "incomeTaxExpense": 512000000,
    "netIncome": 1421000000,
    "netIncomeRatio": 0.0230509684,
    "eps": 1.09,
    "epsdiluted": 1.09,
    "weightedAverageShsOut": 1298000000,
    "weightedAverageShsOutDil": 1302000000,
    "link": "https://www.sec.gov/Archives/edgar/data/64803/000006480319000021/0000064803-19-000021-index.htm",
    "finalLink": "https://www.sec.gov/Archives/edgar/data/64803/000006480319000021/cvs-20190331x10q.htm"
  },
  {
    "date": "2018-12-31",
    "symbol": "CVS",
    "reportedCurrency": "USD",
    "cik": "0000064803",
    "fillingDate": "2019-02-28",
    "acceptedDate": "2019-02-28 07:02:43",
    "calendarYear": "2018",
    "period": "Q4",
    "revenue": 54909000000,
    "costOfRevenue": 44759000000,
    "grossProfit": 10150000000,
    "grossProfitRatio": 0.1848512994,
    "researchAndDevelopmentExpenses": 0,
    "generalAndAdministrativeExpenses": 0,
    "sellingAndMarketingExpenses": 0,
    "sellingGeneralAndAdministrativeExpenses": 0,
    "otherExpenses": 8841000000,
    "operatingExpenses": 8841000000,
    "costAndExpenses": 53600000000,
    "interestIncome": 0,
    "interestExpense": 733000000,
    "depreciationAndAmortization": 807000000,
    "ebitda": 1642000000,
    "ebitdaratio": 0.029904023,
    "operatingIncome": 1309000000,
    "operatingIncomeRatio": 0.0238394434,
    "totalOtherIncomeExpensesNet": -1207000000,
    "incomeBeforeTax": 102000000,
    "incomeBeforeTaxRatio": 0.001857619,
    "incomeTaxExpense": 524000000,
    "netIncome": -419000000,
    "netIncomeRatio": -0.0076308073,
    "eps": -0.38,
    "epsdiluted": -0.37,
    "weightedAverageShsOut": 1115635633,
    "weightedAverageShsOutDil": 1121000000,
    "link": "https://www.sec.gov/Archives/edgar/data/64803/000006480319000013/0000064803-19-000013-index.htm",
    "finalLink": "https://www.sec.gov/Archives/edgar/data/64803/000006480319000013/cvs-2018231x10k.htm"
  },
  {
    "date": "2018-09-30",
    "symbol": "CVS",
    "reportedCurrency": "USD",
    "cik": "0000064803",
    "fillingDate": "2018-11-06",
    "acceptedDate": "2018-11-06 16:28:30",
    "calendarYear": "2018",
    "period": "Q3",
    "revenue": 47490000000,
    "costOfRevenue": 39941000000,
    "grossProfit": 7549000000,
    "grossProfitRatio": 0.158959781,
    "researchAndDevelopmentExpenses": 0,
    "generalAndAdministrativeExpenses": 0,
    "sellingAndMarketingExpenses": 0,
    "sellingGeneralAndAdministrativeExpenses": 0,
    "otherExpenses": 4975000000,
    "operatingExpenses": 4975000000,
    "costAndExpenses": 44916000000,
    "interestIncome": 0,
    "interestExpense": 670000000,
    "depreciationAndAmortization": 620000000,
    "ebitda": 3193000000,
    "ebitdaratio": 0.0672352074,
    "operatingIncome": 2574000000,
    "operatingIncomeRatio": 0.0542008844,
    "totalOtherIncomeExpensesNet": -675000000,
    "incomeBeforeTax": 1899000000,
    "incomeBeforeTaxRatio": 0.0399873658,
    "incomeTaxExpense": 509000000,
    "netIncome": 1390000000,
    "netIncomeRatio": 0.0292693199,
    "eps": 1.36,
    "epsdiluted": 1.36,
    "weightedAverageShsOut": 1020000000,
    "weightedAverageShsOutDil": 1022000000,
    "link": "https://www.sec.gov/Archives/edgar/data/64803/000155837018008642/0001558370-18-008642-index.htm",
    "finalLink": "https://www.sec.gov/Archives/edgar/data/64803/000155837018008642/cvs-20180930x10q.htm"
  },
  {
    "date": "2018-06-30",
    "symbol": "CVS",
    "reportedCurrency": "USD",
    "cik": "0000064803",
    "fillingDate": "2018-08-08",
    "acceptedDate": "2018-08-08 07:12:37",
    "calendarYear": "2018",
    "period": "Q2",
    "revenue": 46922000000,
    "costOfRevenue": 39507000000,
    "grossProfit": 7415000000,
    "grossProfitRatio": 0.158028217,
    "researchAndDevelopmentExpenses": 0,
    "generalAndAdministrativeExpenses": 0,
    "sellingAndMarketingExpenses": 0,
    "sellingGeneralAndAdministrativeExpenses": 0,
    "otherExpenses": 8788000000,
    "operatingExpenses": 8788000000,
    "costAndExpenses": 48295000000,
    "interestIncome": 0,
    "interestExpense": 685000000,
    "depreciationAndAmortization": 647000000,
    "ebitda": -729000000,
    "ebitdaratio": -0.0155364221,
    "operatingIncome": -1373000000,
    "operatingIncomeRatio": -0.0292613273,
    "totalOtherIncomeExpensesNet": -692000000,
    "incomeBeforeTax": -2065000000,
    "incomeBeforeTaxRatio": -0.0440092068,
    "incomeTaxExpense": 497000000,
    "netIncome": -2563000000,
    "netIncomeRatio": -0.0546225651,
    "eps": -2.52,
    "epsdiluted": -2.52,
    "weightedAverageShsOut": 1017063492,
    "weightedAverageShsOutDil": 1018000000,
    "link": "https://www.sec.gov/Archives/edgar/data/64803/000155837018006683/0001558370-18-006683-index.htm",
    "finalLink": "https://www.sec.gov/Archives/edgar/data/64803/000155837018006683/cvs-20180630x10q.htm"
  },
  {
    "date": "2018-03-31",
    "symbol": "CVS",
    "reportedCurrency": "USD",
    "cik": "0000064803",
    "fillingDate": "2018-05-02",
    "acceptedDate": "2018-05-02 17:09:27",
    "calendarYear": "2018",
    "period": "Q1",
    "revenue": 45743000000,
    "costOfRevenue": 38834000000,
    "grossProfit": 6909000000,
    "grossProfitRatio": 0.1510395033,
    "researchAndDevelopmentExpenses": 0,
    "generalAndAdministrativeExpenses": 0,
    "sellingAndMarketingExpenses": 0,
    "sellingGeneralAndAdministrativeExpenses": 0,
    "otherExpenses": 4913000000,
    "operatingExpenses": 4913000000,
    "costAndExpenses": 43747000000,
    "interestIncome": 0,
    "interestExpense": 523000000,
    "depreciationAndAmortization": 644000000,
    "ebitda": 2637000000,
    "ebitdaratio": 0.0576481647,
    "operatingIncome": 1996000000,
    "operatingIncomeRatio": 0.0436350917,
    "totalOtherIncomeExpensesNet": -526000000,
    "incomeBeforeTax": 1470000000,
    "incomeBeforeTaxRatio": 0.0321360645,
    "incomeTaxExpense": 472000000,
    "netIncome": 998000000,
    "netIncomeRatio": 0.0218175459,
    "eps": 0.98,
    "epsdiluted": 0.98,
    "weightedAverageShsOut": 1016000000,
    "weightedAverageShsOutDil": 1019000000,
    "link": "https://www.sec.gov/Archives/edgar/data/64803/000155837018003777/0001558370-18-003777-index.htm",
    "finalLink": "https://www.sec.gov/Archives/edgar/data/64803/000155837018003777/cvs-20180331x10q.htm"
  },
  {
    "date": "2017-12-31",
    "symbol": "CVS",
    "reportedCurrency": "USD",
    "cik": "0000064803",
    "fillingDate": "2018-02-14",
    "acceptedDate": "2018-02-14 17:30:39",
    "calendarYear": "2017",
    "period": "Q4",
    "revenue": 48385000000,
    "costOfRevenue": 40481000000,
    "grossProfit": 7904000000,
    "grossProfitRatio": 0.1633564121,
    "researchAndDevelopmentExpenses": 0,
    "generalAndAdministrativeExpenses": 0,
    "sellingAndMarketingExpenses": 0,
    "sellingGeneralAndAdministrativeExpenses": 0,
    "otherExpenses": 4796000000,
    "operatingExpenses": 4796000000,
    "costAndExpenses": 45277000000,
    "interestIncome": 6000000,
    "interestExpense": 303000000,
    "depreciationAndAmortization": 622000000,
    "ebitda": 3734000000,
    "ebitdaratio": 0.0771726775,
    "operatingIncome": 3108000000,
    "operatingIncomeRatio": 0.0642347835,
    "totalOtherIncomeExpensesNet": -299000000,
    "incomeBeforeTax": 2809000000,
    "incomeBeforeTaxRatio": 0.0580551824,
    "incomeTaxExpense": -478000000,
    "netIncome": 3287000000,
    "netIncomeRatio": 0.0679342772,
    "eps": 3.23,
    "epsdiluted": 3.22,
    "weightedAverageShsOut": 1014000000,
    "weightedAverageShsOutDil": 1018000000,
    "link": "https://www.sec.gov/Archives/edgar/data/64803/000155837018000707/0001558370-18-000707-index.htm",
    "finalLink": "https://www.sec.gov/Archives/edgar/data/64803/000155837018000707/cvs-20171231x10k.htm"
  },
  {
    "date": "2017-09-30",
    "symbol": "CVS",
    "reportedCurrency": "USD",
    "cik": "0000064803",
    "fillingDate": "2017-11-06",
    "acceptedDate": "2017-11-06 16:50:35",
    "calendarYear": "2017",
    "period": "Q3",
    "revenue": 46181000000,
    "costOfRevenue": 39064000000,
    "grossProfit": 7117000000,
    "grossProfitRatio": 0.154110998,
    "researchAndDevelopmentExpenses": 0,
    "generalAndAdministrativeExpenses": 0,
    "sellingAndMarketingExpenses": 0,
    "sellingGeneralAndAdministrativeExpenses": 0,
    "otherExpenses": 4618000000,
    "operatingExpenses": 4618000000,
    "costAndExpenses": 43682000000,
    "interestIncome": 5000000,
    "interestExpense": 250000000,
    "depreciationAndAmortization": 615000000,
    "ebitda": 2927000000,
    "ebitdaratio": 0.0633810442,
    "operatingIncome": 2499000000,
    "operatingIncomeRatio": 0.0541131634,
    "totalOtherIncomeExpensesNet": -437000000,
    "incomeBeforeTax": 2062000000,
    "incomeBeforeTaxRatio": 0.0446503973,
    "incomeTaxExpense": 777000000,
    "netIncome": 1285000000,
    "netIncomeRatio": 0.0278252961,
    "eps": 1.26,
    "epsdiluted": 1.26,
    "weightedAverageShsOut": 1016000000,
    "weightedAverageShsOutDil": 1020000000,
    "link": "https://www.sec.gov/Archives/edgar/data/64803/000155837017008250/0001558370-17-008250-index.htm",
    "finalLink": "https://www.sec.gov/Archives/edgar/data/64803/000155837017008250/cvs-20170930x10q.htm"
  },
  {
    "date": "2017-06-30",
    "symbol": "CVS",
    "reportedCurrency": "USD",
    "cik": "0000064803",
    "fillingDate": "2017-08-08",
    "acceptedDate": "2017-08-08 07:16:34",
    "calendarYear": "2017",
    "period": "Q2",
    "revenue": 45685000000,
    "costOfRevenue": 38759000000,
    "grossProfit": 6926000000,
    "grossProfitRatio": 0.1516033709,
    "researchAndDevelopmentExpenses": 0,
    "generalAndAdministrativeExpenses": 0,
    "sellingAndMarketingExpenses": 0,
    "sellingGeneralAndAdministrativeExpenses": 0,
    "otherExpenses": 4809000000,
    "operatingExpenses": 4809000000,
    "costAndExpenses": 43568000000,
    "interestIncome": 4000000,
    "interestExpense": 251000000,
    "depreciationAndAmortization": 623000000,
    "ebitda": 2737000000,
    "ebitdaratio": 0.059910255,
    "operatingIncome": 2117000000,
    "operatingIncomeRatio": 0.046339061,
    "totalOtherIncomeExpensesNet": -254000000,
    "incomeBeforeTax": 1863000000,
    "incomeBeforeTaxRatio": 0.0407792492,
    "incomeTaxExpense": 766000000,
    "netIncome": 1098000000,
    "netIncomeRatio": 0.0240341469,
    "eps": 1.07,
    "epsdiluted": 1.07,
    "weightedAverageShsOut": 1019000000,
    "weightedAverageShsOutDil": 1024000000,
    "link": "https://www.sec.gov/Archives/edgar/data/64803/000155837017006198/0001558370-17-006198-index.htm",
    "finalLink": "https://www.sec.gov/Archives/edgar/data/64803/000155837017006198/cvs-20170630x10q.htm"
  },
  {
    "date": "2017-03-31",
    "symbol": "CVS",
    "reportedCurrency": "USD",
    "cik": "0000064803",
    "fillingDate": "2017-05-02",
    "acceptedDate": "2017-05-02 16:07:28",
    "calendarYear": "2017",
    "period": "Q1",
    "revenue": 44514000000,
    "costOfRevenue": 37943000000,
    "grossProfit": 6571000000,
    "grossProfitRatio": 0.1476164802,
    "researchAndDevelopmentExpenses": 0,
    "generalAndAdministrativeExpenses": 0,
    "sellingAndMarketingExpenses": 0,
    "sellingGeneralAndAdministrativeExpenses": 0,
    "otherExpenses": 4778000000,
    "operatingExpenses": 4778000000,
    "costAndExpenses": 42721000000,
    "interestIncome": 6000000,
    "interestExpense": 258000000,
    "depreciationAndAmortization": 619000000,
    "ebitda": 2411000000,
    "ebitdaratio": 0.0541627353,
    "operatingIncome": 1793000000,
    "operatingIncomeRatio": 0.0402794626,
    "totalOtherIncomeExpensesNet": -259000000,
    "incomeBeforeTax": 1534000000,
    "incomeBeforeTaxRatio": 0.0344610684,
    "incomeTaxExpense": 572000000,
    "netIncome": 952000000,
    "netIncomeRatio": 0.0213865301,
    "eps": 0.92,
    "epsdiluted": 0.92,
    "weightedAverageShsOut": 1030000000,
    "weightedAverageShsOutDil": 1035000000,
    "link": "https://www.sec.gov/Archives/edgar/data/64803/000155837017003258/0001558370-17-003258-index.htm",
    "finalLink": "https://www.sec.gov/Archives/edgar/data/64803/000155837017003258/cvs-20170331x10q.htm"
  },
  {
    "date": "2016-12-31",
    "symbol": "CVS",
    "reportedCurrency": "USD",
    "cik": "0000064803",
    "fillingDate": "2017-02-09",
    "acceptedDate": "2017-02-09 16:03:16",
    "calendarYear": "2016",
    "period": "Q4",
    "revenue": 45971000000,
    "costOfRevenue": 38365000000,
    "grossProfit": 7606000000,
    "grossProfitRatio": 0.1654521329,
    "researchAndDevelopmentExpenses": 0,
    "generalAndAdministrativeExpenses": 0,
    "sellingAndMarketingExpenses": 0,
    "sellingGeneralAndAdministrativeExpenses": 0,
    "otherExpenses": 4611000000,
    "operatingExpenses": 4611000000,
    "costAndExpenses": 42976000000,
    "interestIncome": 6000000,
    "interestExpense": 248000000,
    "depreciationAndAmortization": 628000000,
    "ebitda": 3629000000,
    "ebitdaratio": 0.0789410715,
    "operatingIncome": 2995000000,
    "operatingIncomeRatio": 0.0651497683,
    "totalOtherIncomeExpensesNet": -242000000,
    "incomeBeforeTax": 2753000000,
    "incomeBeforeTaxRatio": 0.05988558,
    "incomeTaxExpense": 1046000000,
    "netIncome": 1707000000,
    "netIncomeRatio": 0.037132105,
    "eps": 1.6,
    "epsdiluted": 1.59,
    "weightedAverageShsOut": 1064000000,
    "weightedAverageShsOutDil": 1069000000,
    "link": "https://www.sec.gov/Archives/edgar/data/64803/000006480317000006/0000064803-17-000006-index.htm",
    "finalLink": "https://www.sec.gov/Archives/edgar/data/64803/000006480317000006/cvs-20161231x10k.htm"
  },
  {
    "date": "2016-09-30",
    "symbol": "CVS",
    "reportedCurrency": "USD",
    "cik": "0000064803",
    "fillingDate": "2016-11-08",
    "acceptedDate": "2016-11-08 07:00:02",
    "calendarYear": "2016",
    "period": "Q3",
    "revenue": 44615000000,
    "costOfRevenue": 37123000000,
    "grossProfit": 7492000000,
    "grossProfitRatio": 0.1679255856,
    "researchAndDevelopmentExpenses": 0,
    "generalAndAdministrativeExpenses": 0,
    "sellingAndMarketingExpenses": 0,
    "sellingGeneralAndAdministrativeExpenses": 0,
    "otherExpenses": 4668000000,
    "operatingExpenses": 4668000000,
    "costAndExpenses": 41791000000,
    "interestIncome": 5000000,
    "interestExpense": 258000000,
    "depreciationAndAmortization": 611000000,
    "ebitda": 3332000000,
    "ebitdaratio": 0.0746834024,
    "operatingIncome": 2824000000,
    "operatingIncomeRatio": 0.0632970974,
    "totalOtherIncomeExpensesNet": -361000000,
    "incomeBeforeTax": 2463000000,
    "incomeBeforeTaxRatio": 0.0552056483,
    "incomeTaxExpense": 921000000,
    "netIncome": 1540000000,
    "netIncomeRatio": 0.0345175389,
    "eps": 1.44,
    "epsdiluted": 1.43,
    "weightedAverageShsOut": 1068000000,
    "weightedAverageShsOutDil": 1073000000,
    "link": "https://www.sec.gov/Archives/edgar/data/64803/000006480316000097/0000064803-16-000097-index.htm",
    "finalLink": "https://www.sec.gov/Archives/edgar/data/64803/000006480316000097/cvs20160930-10q.htm"
  },
  {
    "date": "2016-06-30",
    "symbol": "CVS",
    "reportedCurrency": "USD",
    "cik": "0000064803",
    "fillingDate": "2016-08-02",
    "acceptedDate": "2016-08-02 16:41:10",
    "calendarYear": "2016",
    "period": "Q2",
    "revenue": 43725000000,
    "costOfRevenue": 36710000000,
    "grossProfit": 7015000000,
    "grossProfitRatio": 0.160434534,
    "researchAndDevelopmentExpenses": 0,
    "generalAndAdministrativeExpenses": 0,
    "sellingAndMarketingExpenses": 0,
    "sellingGeneralAndAdministrativeExpenses": 0,
    "otherExpenses": 4658000000,
    "operatingExpenses": 4658000000,
    "costAndExpenses": 41368000000,
    "interestIncome": 4000000,
    "interestExpense": 284000000,
    "depreciationAndAmortization": 619000000,
    "ebitda": 2431000000,
    "ebitdaratio": 0.0555974843,
    "operatingIncome": 2357000000,
    "operatingIncomeRatio": 0.0539050886,
    "totalOtherIncomeExpensesNet": -829000000,
    "incomeBeforeTax": 1528000000,
    "incomeBeforeTaxRatio": 0.0349456832,
    "incomeTaxExpense": 604000000,
    "netIncome": 924000000,
    "netIncomeRatio": 0.0211320755,
    "eps": 0.86,
    "epsdiluted": 0.86,
    "weightedAverageShsOut": 1070000000,
    "weightedAverageShsOutDil": 1075000000,
    "link": "https://www.sec.gov/Archives/edgar/data/64803/000006480316000090/0000064803-16-000090-index.htm",
    "finalLink": "https://www.sec.gov/Archives/edgar/data/64803/000006480316000090/cvs20160630-10q.htm"
  },
  {
    "date": "2016-03-31",
    "symbol": "CVS",
    "reportedCurrency": "USD",
    "cik": "0000064803",
    "fillingDate": "2016-05-03",
    "acceptedDate": "2016-05-03 16:48:13",
    "calendarYear": "2016",
    "period": "Q1",
    "revenue": 43215000000,
    "costOfRevenue": 36471000000,
    "grossProfit": 6744000000,
    "grossProfitRatio": 0.1560569247,
    "researchAndDevelopmentExpenses": 0,
    "generalAndAdministrativeExpenses": 0,
    "sellingAndMarketingExpenses": 0,
    "sellingGeneralAndAdministrativeExpenses": 0,
    "otherExpenses": 4559000000,
    "operatingExpenses": 4559000000,
    "costAndExpenses": 41030000000,
    "interestIncome": 5000000,
    "interestExpense": 288000000,
    "depreciationAndAmortization": 617000000,
    "ebitda": 2798000000,
    "ebitdaratio": 0.0647460373,
    "operatingIncome": 2185000000,
    "operatingIncomeRatio": 0.0505611477,
    "totalOtherIncomeExpensesNet": -292000000,
    "incomeBeforeTax": 1893000000,
    "incomeBeforeTaxRatio": 0.0438042346,
    "incomeTaxExpense": 746000000,
    "netIncome": 1146000000,
    "netIncomeRatio": 0.0265185699,
    "eps": 1.04,
    "epsdiluted": 1.04,
    "weightedAverageShsOut": 1092000000,
    "weightedAverageShsOutDil": 1099000000,
    "link": "https://www.sec.gov/Archives/edgar/data/64803/000006480316000080/0000064803-16-000080-index.htm",
    "finalLink": "https://www.sec.gov/Archives/edgar/data/64803/000006480316000080/cvs20160331-10q.htm"
  },
  {
    "date": "2015-12-31",
    "symbol": "CVS",
    "reportedCurrency": "USD",
    "cik": "0000064803",
    "fillingDate": "2016-02-09",
    "acceptedDate": "2016-02-09 16:29:44",
    "calendarYear": "2015",
    "period": "Q4",
    "revenue": 41146000000,
    "costOfRevenue": 33845000000,
    "grossProfit": 7301000000,
    "grossProfitRatio": 0.1774413066,
    "researchAndDevelopmentExpenses": 0,
    "generalAndAdministrativeExpenses": 0,
    "sellingAndMarketingExpenses": 0,
    "sellingGeneralAndAdministrativeExpenses": 0,
    "otherExpenses": 4572000000,
    "operatingExpenses": 4572000000,
    "costAndExpenses": 38417000000,
    "interestIncome": 6000000,
    "interestExpense": 282000000,
    "depreciationAndAmortization": 582000000,
    "ebitda": 3317000000,
    "ebitdaratio": 0.0806153697,
    "operatingIncome": 2729000000,
    "operatingIncomeRatio": 0.0663247946,
    "totalOtherIncomeExpensesNet": -276000000,
    "incomeBeforeTax": 2453000000,
    "incomeBeforeTaxRatio": 0.0596169737,
    "incomeTaxExpense": 953000000,
    "netIncome": 1498000000,
    "netIncomeRatio": 0.0364069411,
    "eps": 1.35,
    "epsdiluted": 1.34,
    "weightedAverageShsOut": 1107000000,
    "weightedAverageShsOutDil": 1114000000,
    "link": "https://www.sec.gov/Archives/edgar/data/64803/000006480316000074/0000064803-16-000074-index.htm",
    "finalLink": "https://www.sec.gov/Archives/edgar/data/64803/000006480316000074/cvs-20151231x10k.htm"
  },
  {
    "date": "2015-09-30",
    "symbol": "CVS",
    "reportedCurrency": "USD",
    "cik": "0000064803",
    "fillingDate": "2015-10-30",
    "acceptedDate": "2015-10-30 16:50:32",
    "calendarYear": "2015",
    "period": "Q3",
    "revenue": 38644000000,
    "costOfRevenue": 31983000000,
    "grossProfit": 6661000000,
    "grossProfitRatio": 0.1723682849,
    "researchAndDevelopmentExpenses": 0,
    "generalAndAdministrativeExpenses": 0,
    "sellingAndMarketingExpenses": 0,
    "sellingGeneralAndAdministrativeExpenses": 0,
    "otherExpenses": 4330000000,
    "operatingExpenses": 4330000000,
    "costAndExpenses": 36313000000,
    "interestIncome": 7000000,
    "interestExpense": 268000000,
    "depreciationAndAmortization": 532000000,
    "ebitda": 2870000000,
    "ebitdaratio": 0.0742676742,
    "operatingIncome": 2331000000,
    "operatingIncomeRatio": 0.0603198427,
    "totalOtherIncomeExpensesNet": -261000000,
    "incomeBeforeTax": 2070000000,
    "incomeBeforeTaxRatio": 0.0535658834,
    "incomeTaxExpense": 833000000,
    "netIncome": 1246000000,
    "netIncomeRatio": 0.032243039,
    "eps": 1.11,
    "epsdiluted": 1.11,
    "weightedAverageShsOut": 1114000000,
    "weightedAverageShsOutDil": 1121000000,
    "link": "https://www.sec.gov/Archives/edgar/data/64803/000006480315000064/0000064803-15-000064-index.htm",
    "finalLink": "https://www.sec.gov/Archives/edgar/data/64803/000006480315000064/cvs20150930-10q.htm"
  },
  {
    "date": "2015-06-30",
    "symbol": "CVS",
    "reportedCurrency": "USD",
    "cik": "0000064803",
    "fillingDate": "2015-08-04",
    "acceptedDate": "2015-08-04 16:54:05",
    "calendarYear": "2015",
    "period": "Q2",
    "revenue": 37169000000,
    "costOfRevenue": 30767000000,
    "grossProfit": 6402000000,
    "grossProfitRatio": 0.1722403078,
    "researchAndDevelopmentExpenses": 0,
    "generalAndAdministrativeExpenses": 0,
    "sellingAndMarketingExpenses": 0,
    "sellingGeneralAndAdministrativeExpenses": 0,
    "otherExpenses": 4140000000,
    "operatingExpenses": 4140000000,
    "costAndExpenses": 34907000000,
    "interestIncome": 5000000,
    "interestExpense": 171000000,
    "depreciationAndAmortization": 488000000,
    "ebitda": 2755000000,
    "ebitdaratio": 0.0741209072,
    "operatingIncome": 2262000000,
    "operatingIncomeRatio": 0.0608571659,
    "totalOtherIncomeExpensesNet": -166000000,
    "incomeBeforeTax": 2096000000,
    "incomeBeforeTaxRatio": 0.0563910786,
    "incomeTaxExpense": 824000000,
    "netIncome": 1272000000,
    "netIncomeRatio": 0.0342220668,
    "eps": 1.13,
    "epsdiluted": 1.12,
    "weightedAverageShsOut": 1124000000,
    "weightedAverageShsOutDil": 1132000000,
    "link": "https://www.sec.gov/Archives/edgar/data/64803/000006480315000054/0000064803-15-000054-index.htm",
    "finalLink": "https://www.sec.gov/Archives/edgar/data/64803/000006480315000054/cvs20150630-10q.htm"
  },
  {
    "date": "2015-03-31",
    "symbol": "CVS",
    "reportedCurrency": "USD",
    "cik": "0000064803",
    "fillingDate": "2015-05-01",
    "acceptedDate": "2015-05-01 16:34:03",
    "calendarYear": "2015",
    "period": "Q1",
    "revenue": 36332000000,
    "costOfRevenue": 30168000000,
    "grossProfit": 6164000000,
    "grossProfitRatio": 0.1696576021,
    "researchAndDevelopmentExpenses": 0,
    "generalAndAdministrativeExpenses": 0,
    "sellingAndMarketingExpenses": 0,
    "sellingGeneralAndAdministrativeExpenses": 0,
    "otherExpenses": 4032000000,
    "operatingExpenses": 4032000000,
    "costAndExpenses": 34200000000,
    "interestIncome": 3000000,
    "interestExpense": 137000000,
    "depreciationAndAmortization": 490000000,
    "ebitda": 2625000000,
    "ebitdaratio": 0.0722503578,
    "operatingIncome": 2132000000,
    "operatingIncomeRatio": 0.0586810525,
    "totalOtherIncomeExpensesNet": -134000000,
    "incomeBeforeTax": 1998000000,
    "incomeBeforeTaxRatio": 0.0549928438,
    "incomeTaxExpense": 777000000,
    "netIncome": 1221000000,
    "netIncomeRatio": 0.0336067379,
    "eps": 1.08,
    "epsdiluted": 1.07,
    "weightedAverageShsOut": 1128000000,
    "weightedAverageShsOutDil": 1136000000,
    "link": "https://www.sec.gov/Archives/edgar/data/64803/000006480315000023/0000064803-15-000023-index.htm",
    "finalLink": "https://www.sec.gov/Archives/edgar/data/64803/000006480315000023/cvs20150331-10q.htm"
  },
  {
    "date": "2014-12-31",
    "symbol": "CVS",
    "reportedCurrency": "USD",
    "cik": "0000064803",
    "fillingDate": "2015-02-10",
    "acceptedDate": "2015-02-10 16:48:54",
    "calendarYear": "2014",
    "period": "Q4",
    "revenue": 37055000000,
    "costOfRevenue": 30422000000,
    "grossProfit": 6633000000,
    "grossProfitRatio": 0.179004183,
    "researchAndDevelopmentExpenses": 0,
    "generalAndAdministrativeExpenses": 0,
    "sellingAndMarketingExpenses": 0,
    "sellingGeneralAndAdministrativeExpenses": 0,
    "otherExpenses": 4312000000,
    "operatingExpenses": 4312000000,
    "costAndExpenses": 34734000000,
    "interestIncome": 4000000,
    "interestExpense": 135000000,
    "depreciationAndAmortization": 489000000,
    "ebitda": 2814000000,
    "ebitdaratio": 0.0759411685,
    "operatingIncome": 2321000000,
    "operatingIncomeRatio": 0.0626366212,
    "totalOtherIncomeExpensesNet": -131000000,
    "incomeBeforeTax": 2190000000,
    "incomeBeforeTaxRatio": 0.0591013359,
    "incomeTaxExpense": 868000000,
    "netIncome": 1321000000,
    "netIncomeRatio": 0.0356497099,
    "eps": 1.17,
    "epsdiluted": 1.17,
    "weightedAverageShsOut": 1128000000,
    "weightedAverageShsOutDil": 1128000000,
    "link": "https://www.sec.gov/Archives/edgar/data/64803/000006480315000008/0000064803-15-000008-index.htm",
    "finalLink": "https://www.sec.gov/Archives/edgar/data/64803/000006480315000008/cvs-20141231x10k.htm"
  },
  {
    "date": "2014-09-30",
    "symbol": "CVS",
    "reportedCurrency": "USD",
    "cik": "0000064803",
    "fillingDate": "2014-11-04",
    "acceptedDate": "2014-11-04 16:03:52",
    "calendarYear": "2014",
    "period": "Q3",
    "revenue": 35021000000,
    "costOfRevenue": 28553000000,
    "grossProfit": 6468000000,
    "grossProfitRatio": 0.1846891865,
    "researchAndDevelopmentExpenses": 0,
    "generalAndAdministrativeExpenses": 0,
    "sellingAndMarketingExpenses": 0,
    "sellingGeneralAndAdministrativeExpenses": 0,
    "otherExpenses": 4222000000,
    "operatingExpenses": 4222000000,
    "costAndExpenses": 32775000000,
    "interestIncome": 5000000,
    "interestExpense": 158000000,
    "depreciationAndAmortization": 477000000,
    "ebitda": 2207000000,
    "ebitdaratio": 0.0630193313,
    "operatingIncome": 2246000000,
    "operatingIncomeRatio": 0.0641329488,
    "totalOtherIncomeExpensesNet": -674000000,
    "incomeBeforeTax": 1572000000,
    "incomeBeforeTaxRatio": 0.0448873533,
    "incomeTaxExpense": 624000000,
    "netIncome": 948000000,
    "netIncomeRatio": 0.0270694726,
    "eps": 0.82,
    "epsdiluted": 0.81,
    "weightedAverageShsOut": 1157000000,
    "weightedAverageShsOutDil": 1164000000,
    "link": "https://www.sec.gov/Archives/edgar/data/64803/000006480314000036/0000064803-14-000036-index.htm",
    "finalLink": "https://www.sec.gov/Archives/edgar/data/64803/000006480314000036/cvs20140930-10q.htm"
  },
  {
    "date": "2014-06-30",
    "symbol": "CVS",
    "reportedCurrency": "USD",
    "cik": "0000064803",
    "fillingDate": "2014-08-05",
    "acceptedDate": "2014-08-05 16:49:36",
    "calendarYear": "2014",
    "period": "Q2",
    "revenue": 34602000000,
    "costOfRevenue": 28278000000,
    "grossProfit": 6324000000,
    "grossProfitRatio": 0.1827640021,
    "researchAndDevelopmentExpenses": 0,
    "generalAndAdministrativeExpenses": 0,
    "sellingAndMarketingExpenses": 0,
    "sellingGeneralAndAdministrativeExpenses": 0,
    "otherExpenses": 4116000000,
    "operatingExpenses": 4116000000,
    "costAndExpenses": 32394000000,
    "interestIncome": 3000000,
    "interestExpense": 161000000,
    "depreciationAndAmortization": 488000000,
    "ebitda": 2699000000,
    "ebitdaratio": 0.0780012716,
    "operatingIncome": 2208000000,
    "operatingIncomeRatio": 0.0638113404,
    "totalOtherIncomeExpensesNet": -158000000,
    "incomeBeforeTax": 2050000000,
    "incomeBeforeTaxRatio": 0.0592451303,
    "incomeTaxExpense": 804000000,
    "netIncome": 1246000000,
    "netIncomeRatio": 0.0360094792,
    "eps": 1.07,
    "epsdiluted": 1.06,
    "weightedAverageShsOut": 1165000000,
    "weightedAverageShsOutDil": 1174000000,
    "link": "https://www.sec.gov/Archives/edgar/data/64803/000006480314000028/0000064803-14-000028-index.htm",
    "finalLink": "https://www.sec.gov/Archives/edgar/data/64803/000006480314000028/cvs20140630-10q.htm"
  },
  {
    "date": "2014-03-31",
    "symbol": "CVS",
    "reportedCurrency": "USD",
    "cik": "0000064803",
    "fillingDate": "2014-05-02",
    "acceptedDate": "2014-05-02 17:03:10",
    "calendarYear": "2014",
    "period": "Q1",
    "revenue": 32689000000,
    "costOfRevenue": 26747000000,
    "grossProfit": 5942000000,
    "grossProfitRatio": 0.1817736853,
    "researchAndDevelopmentExpenses": 0,
    "generalAndAdministrativeExpenses": 0,
    "sellingAndMarketingExpenses": 0,
    "sellingGeneralAndAdministrativeExpenses": 0,
    "otherExpenses": 3918000000,
    "operatingExpenses": 3918000000,
    "costAndExpenses": 30665000000,
    "interestIncome": 3000000,
    "interestExpense": 161000000,
    "depreciationAndAmortization": 477000000,
    "ebitda": 2504000000,
    "ebitdaratio": 0.0766006914,
    "operatingIncome": 2024000000,
    "operatingIncomeRatio": 0.0619168528,
    "totalOtherIncomeExpensesNet": -158000000,
    "incomeBeforeTax": 1866000000,
    "incomeBeforeTaxRatio": 0.0570834226,
    "incomeTaxExpense": 737000000,
    "netIncome": 1129000000,
    "netIncomeRatio": 0.034537612,
    "eps": 0.96,
    "epsdiluted": 0.95,
    "weightedAverageShsOut": 1180000000,
    "weightedAverageShsOutDil": 1190000000,
    "link": "https://www.sec.gov/Archives/edgar/data/64803/000006480314000017/0000064803-14-000017-index.htm",
    "finalLink": "https://www.sec.gov/Archives/edgar/data/64803/000006480314000017/cvs20140331-10q.htm"
  },
  {
    "date": "2013-12-31",
    "symbol": "CVS",
    "reportedCurrency": "USD",
    "cik": "0000064803",
    "fillingDate": "2014-02-11",
    "acceptedDate": "2014-02-11 07:05:55",
    "calendarYear": "2013",
    "period": "Q4",
    "revenue": 32782000000,
    "costOfRevenue": 26451000000,
    "grossProfit": 6331000000,
    "grossProfitRatio": 0.1931242755,
    "researchAndDevelopmentExpenses": 0,
    "generalAndAdministrativeExpenses": 0,
    "sellingAndMarketingExpenses": 0,
    "sellingGeneralAndAdministrativeExpenses": 0,
    "otherExpenses": 4122000000,
    "operatingExpenses": 4122000000,
    "costAndExpenses": 30573000000,
    "interestIncome": 3000000,
    "interestExpense": 138000000,
    "depreciationAndAmortization": 458000000,
    "ebitda": 2670000000,
    "ebitdaratio": 0.0814471356,
    "operatingIncome": 2209000000,
    "operatingIncomeRatio": 0.0673845403,
    "totalOtherIncomeExpensesNet": -135000000,
    "incomeBeforeTax": 2074000000,
    "incomeBeforeTaxRatio": 0.0632664267,
    "incomeTaxExpense": 812000000,
    "netIncome": 1261000000,
    "netIncomeRatio": 0.0384662315,
    "eps": 1.06,
    "epsdiluted": 1.05,
    "weightedAverageShsOut": 1192000000,
    "weightedAverageShsOutDil": 1201000000,
    "link": "https://www.sec.gov/Archives/edgar/data/64803/000006480314000008/0000064803-14-000008-index.htm",
    "finalLink": "https://www.sec.gov/Archives/edgar/data/64803/000006480314000008/cvs-20131231x10k.htm"
  },
  {
    "date": "2013-09-30",
    "symbol": "CVS",
    "reportedCurrency": "USD",
    "cik": "0000064803",
    "fillingDate": "2013-11-05",
    "acceptedDate": "2013-11-05 16:08:54",
    "calendarYear": "2013",
    "period": "Q3",
    "revenue": 31932000000,
    "costOfRevenue": 25905000000,
    "grossProfit": 6027000000,
    "grossProfitRatio": 0.1887448328,
    "researchAndDevelopmentExpenses": 0,
    "generalAndAdministrativeExpenses": 0,
    "sellingAndMarketingExpenses": 0,
    "sellingGeneralAndAdministrativeExpenses": 0,
    "otherExpenses": 3873000000,
    "operatingExpenses": 3873000000,
    "costAndExpenses": 29778000000,
    "interestIncome": 3000000,
    "interestExpense": 125000000,
    "depreciationAndAmortization": 461000000,
    "ebitda": 2618000000,
    "ebitdaratio": 0.0819867218,
    "operatingIncome": 2154000000,
    "operatingIncomeRatio": 0.0674558437,
    "totalOtherIncomeExpensesNet": -122000000,
    "incomeBeforeTax": 2032000000,
    "incomeBeforeTaxRatio": 0.0636352249,
    "incomeTaxExpense": 777000000,
    "netIncome": 1249000000,
    "netIncomeRatio": 0.039114368,
    "eps": 1.03,
    "epsdiluted": 1.02,
    "weightedAverageShsOut": 1218000000,
    "weightedAverageShsOutDil": 1226000000,
    "link": "https://www.sec.gov/Archives/edgar/data/64803/000006480313000027/0000064803-13-000027-index.htm",
    "finalLink": "https://www.sec.gov/Archives/edgar/data/64803/000006480313000027/cvs20130930-10q.htm"
  },
  {
    "date": "2013-06-30",
    "symbol": "CVS",
    "reportedCurrency": "USD",
    "cik": "0000064803",
    "fillingDate": "2013-08-06",
    "acceptedDate": "2013-08-06 16:36:15",
    "calendarYear": "2013",
    "period": "Q2",
    "revenue": 31248000000,
    "costOfRevenue": 25407000000,
    "grossProfit": 5841000000,
    "grossProfitRatio": 0.1869239631,
    "researchAndDevelopmentExpenses": 0,
    "generalAndAdministrativeExpenses": 0,
    "sellingAndMarketingExpenses": 0,
    "sellingGeneralAndAdministrativeExpenses": 0,
    "otherExpenses": 3869000000,
    "operatingExpenses": 3869000000,
    "costAndExpenses": 29276000000,
    "interestIncome": 1000000,
    "interestExpense": 127000000,
    "depreciationAndAmortization": 449000000,
    "ebitda": 2422000000,
    "ebitdaratio": 0.0775089606,
    "operatingIncome": 1972000000,
    "operatingIncomeRatio": 0.0631080389,
    "totalOtherIncomeExpensesNet": -126000000,
    "incomeBeforeTax": 1846000000,
    "incomeBeforeTaxRatio": 0.0590757808,
    "incomeTaxExpense": 721000000,
    "netIncome": 1124000000,
    "netIncomeRatio": 0.0359703021,
    "eps": 0.92,
    "epsdiluted": 0.91,
    "weightedAverageShsOut": 1227000000,
    "weightedAverageShsOutDil": 1236000000,
    "link": "https://www.sec.gov/Archives/edgar/data/64803/000006480313000021/0000064803-13-000021-index.htm",
    "finalLink": "https://www.sec.gov/Archives/edgar/data/64803/000006480313000021/cvs20130630-10q.htm"
  },
  {
    "date": "2013-03-31",
    "symbol": "CVS",
    "reportedCurrency": "USD",
    "cik": "0000064803",
    "fillingDate": "2013-05-01",
    "acceptedDate": "2013-05-01 16:41:34",
    "calendarYear": "2013",
    "period": "Q1",
    "revenue": 30751000000,
    "costOfRevenue": 25174000000,
    "grossProfit": 5577000000,
    "grossProfitRatio": 0.1813599558,
    "researchAndDevelopmentExpenses": 0,
    "generalAndAdministrativeExpenses": 0,
    "sellingAndMarketingExpenses": 0,
    "sellingGeneralAndAdministrativeExpenses": 0,
    "otherExpenses": 3883000000,
    "operatingExpenses": 3883000000,
    "costAndExpenses": 29057000000,
    "interestIncome": 1000000,
    "interestExpense": 127000000,
    "depreciationAndAmortization": 502000000,
    "ebitda": 2197000000,
    "ebitdaratio": 0.0714448311,
    "operatingIncome": 1694000000,
    "operatingIncomeRatio": 0.0550876394,
    "totalOtherIncomeExpensesNet": -126000000,
    "incomeBeforeTax": 1568000000,
    "incomeBeforeTaxRatio": 0.0509902117,
    "incomeTaxExpense": 614000000,
    "netIncome": 954000000,
    "netIncomeRatio": 0.0310233814,
    "eps": 0.77,
    "epsdiluted": 0.77,
    "weightedAverageShsOut": 1232000000,
    "weightedAverageShsOutDil": 1241000000,
    "link": "https://www.sec.gov/Archives/edgar/data/64803/000006480313000005/0000064803-13-000005-index.htm",
    "finalLink": "https://www.sec.gov/Archives/edgar/data/64803/000006480313000005/cvs20130331-10q.htm"
  },
  {
    "date": "2012-12-31",
    "symbol": "CVS",
    "reportedCurrency": "USD",
    "cik": "0000064803",
    "fillingDate": "2013-02-15",
    "acceptedDate": "2013-02-15 17:28:33",
    "calendarYear": "2012",
    "period": "Q4",
    "revenue": 31394000000,
    "costOfRevenue": 25097000000,
    "grossProfit": 6297000000,
    "grossProfitRatio": 0.2005797286,
    "researchAndDevelopmentExpenses": 0,
    "generalAndAdministrativeExpenses": 0,
    "sellingAndMarketingExpenses": 0,
    "sellingGeneralAndAdministrativeExpenses": 0,
    "otherExpenses": 3994000000,
    "operatingExpenses": 3994000000,
    "costAndExpenses": 29091000000,
    "interestIncome": 2000000,
    "interestExpense": 162000000,
    "depreciationAndAmortization": 456000000,
    "ebitda": 2413000000,
    "ebitdaratio": 0.0768618207,
    "operatingIncome": 2303000000,
    "operatingIncomeRatio": 0.0733579665,
    "totalOtherIncomeExpensesNet": -508000000,
    "incomeBeforeTax": 1795000000,
    "incomeBeforeTaxRatio": 0.0571765305,
    "incomeTaxExpense": 666000000,
    "netIncome": 1129000000,
    "netIncomeRatio": 0.0359622858,
    "eps": 0.91,
    "epsdiluted": 0.9,
    "weightedAverageShsOut": 1241000000,
    "weightedAverageShsOutDil": 1249000000,
    "link": "https://www.sec.gov/Archives/edgar/data/64803/000110465913011354/0001104659-13-011354-index.htm",
    "finalLink": "https://www.sec.gov/Archives/edgar/data/64803/000110465913011354/a12-28799_110k.htm"
  },
  {
    "date": "2012-09-30",
    "symbol": "CVS",
    "reportedCurrency": "USD",
    "cik": "0000064803",
    "fillingDate": "2012-11-06",
    "acceptedDate": "2012-11-06 16:58:09",
    "calendarYear": "2012",
    "period": "Q3",
    "revenue": 30227000000,
    "costOfRevenue": 24580000000,
    "grossProfit": 5647000000,
    "grossProfitRatio": 0.1868197307,
    "researchAndDevelopmentExpenses": 0,
    "generalAndAdministrativeExpenses": 0,
    "sellingAndMarketingExpenses": 0,
    "sellingGeneralAndAdministrativeExpenses": 3833000000,
    "otherExpenses": 0,
    "operatingExpenses": 3833000000,
    "costAndExpenses": 28413000000,
    "interestIncome": 1000000,
    "interestExpense": 135000000,
    "depreciationAndAmortization": 443000000,
    "ebitda": 2258000000,
    "ebitdaratio": 0.0747014259,
    "operatingIncome": 1814000000,
    "operatingIncomeRatio": 0.0600125715,
    "totalOtherIncomeExpensesNet": -134000000,
    "incomeBeforeTax": 1680000000,
    "incomeBeforeTaxRatio": 0.0555794488,
    "incomeTaxExpense": 669000000,
    "netIncome": 1006000000,
    "netIncomeRatio": 0.0332815033,
    "eps": 0.8,
    "epsdiluted": 0.79,
    "weightedAverageShsOut": 1265000000,
    "weightedAverageShsOutDil": 1274000000,
    "link": "https://www.sec.gov/Archives/edgar/data/64803/000110465912074770/0001104659-12-074770-index.htm",
    "finalLink": "https://www.sec.gov/Archives/edgar/data/64803/000110465912074770/a12-19979_110q.htm"
  },
  {
    "date": "2012-06-30",
    "symbol": "CVS",
    "reportedCurrency": "USD",
    "cik": "0000064803",
    "fillingDate": "2012-08-07",
    "acceptedDate": "2012-08-07 16:44:16",
    "calendarYear": "2012",
    "period": "Q2",
    "revenue": 30714000000,
    "costOfRevenue": 25265000000,
    "grossProfit": 5449000000,
    "grossProfitRatio": 0.1774109527,
    "researchAndDevelopmentExpenses": 0,
    "generalAndAdministrativeExpenses": 0,
    "sellingAndMarketingExpenses": 0,
    "sellingGeneralAndAdministrativeExpenses": 3741000000,
    "otherExpenses": 0,
    "operatingExpenses": 3741000000,
    "costAndExpenses": 29006000000,
    "interestIncome": 0,
    "interestExpense": 132000000,
    "depreciationAndAmortization": 431000000,
    "ebitda": 2139000000,
    "ebitdaratio": 0.0696425083,
    "operatingIncome": 1708000000,
    "operatingIncomeRatio": 0.0556098196,
    "totalOtherIncomeExpensesNet": -132000000,
    "incomeBeforeTax": 1576000000,
    "incomeBeforeTaxRatio": 0.0513121052,
    "incomeTaxExpense": 610000000,
    "netIncome": 966000000,
    "netIncomeRatio": 0.0314514554,
    "eps": 0.76,
    "epsdiluted": 0.75,
    "weightedAverageShsOut": 1278000000,
    "weightedAverageShsOutDil": 1287000000,
    "link": "https://www.sec.gov/Archives/edgar/data/64803/000110465912055261/0001104659-12-055261-index.htm",
    "finalLink": "https://www.sec.gov/Archives/edgar/data/64803/000110465912055261/a12-13824_110q.htm"
  },
  {
    "date": "2012-03-31",
    "symbol": "CVS",
    "reportedCurrency": "USD",
    "cik": "0000064803",
    "fillingDate": "2012-05-02",
    "acceptedDate": "2012-05-02 07:12:15",
    "calendarYear": "2012",
    "period": "Q1",
    "revenue": 30798000000,
    "costOfRevenue": 25685000000,
    "grossProfit": 5113000000,
    "grossProfitRatio": 0.1660172738,
    "researchAndDevelopmentExpenses": 0,
    "generalAndAdministrativeExpenses": 0,
    "sellingAndMarketingExpenses": 0,
    "sellingGeneralAndAdministrativeExpenses": 3709000000,
    "otherExpenses": 0,
    "operatingExpenses": 3709000000,
    "costAndExpenses": 29394000000,
    "interestIncome": 1000000,
    "interestExpense": 133000000,
    "depreciationAndAmortization": 423000000,
    "ebitda": 1828000000,
    "ebitdaratio": 0.0593545035,
    "operatingIncome": 1404000000,
    "operatingIncomeRatio": 0.0455873758,
    "totalOtherIncomeExpensesNet": -132000000,
    "incomeBeforeTax": 1272000000,
    "incomeBeforeTaxRatio": 0.0413013832,
    "incomeTaxExpense": 496000000,
    "netIncome": 776000000,
    "netIncomeRatio": 0.0251964413,
    "eps": 0.6,
    "epsdiluted": 0.59,
    "weightedAverageShsOut": 1299000000,
    "weightedAverageShsOutDil": 1309000000,
    "link": "https://www.sec.gov/Archives/edgar/data/64803/000110465912031650/0001104659-12-031650-index.htm",
    "finalLink": "https://www.sec.gov/Archives/edgar/data/64803/000110465912031650/a12-8646_110q.htm"
  },
  {
    "date": "2011-12-31",
    "symbol": "CVS",
    "reportedCurrency": "USD",
    "cik": "0000064803",
    "fillingDate": "2012-02-17",
    "acceptedDate": "2012-02-17 13:38:28",
    "calendarYear": "2011",
    "period": "Q4",
    "revenue": 28317000000,
    "costOfRevenue": 22762000000,
    "grossProfit": 5555000000,
    "grossProfitRatio": 0.1961719109,
    "researchAndDevelopmentExpenses": 0,
    "generalAndAdministrativeExpenses": 0,
    "sellingAndMarketingExpenses": 0,
    "sellingGeneralAndAdministrativeExpenses": 3598000000,
    "otherExpenses": 0,
    "operatingExpenses": 3598000000,
    "costAndExpenses": 26360000000,
    "interestIncome": 1000000,
    "interestExpense": 148000000,
    "depreciationAndAmortization": 396000000,
    "ebitda": 2354000000,
    "ebitdaratio": 0.0831302751,
    "operatingIncome": 1957000000,
    "operatingIncomeRatio": 0.0691104284,
    "totalOtherIncomeExpensesNet": -147000000,
    "incomeBeforeTax": 1810000000,
    "incomeBeforeTaxRatio": 0.0639192005,
    "incomeTaxExpense": 711000000,
    "netIncome": 1064000000,
    "netIncomeRatio": 0.0375746018,
    "eps": 0.82,
    "epsdiluted": 0.82,
    "weightedAverageShsOut": 1299000000,
    "weightedAverageShsOutDil": 1299000000,
    "link": "https://www.sec.gov/Archives/edgar/data/64803/000110465912010850/0001104659-12-010850-index.htm",
    "finalLink": "https://www.sec.gov/Archives/edgar/data/64803/000110465912010850/a11-31657_310k.htm"
  },
  {
    "date": "2011-09-30",
    "symbol": "CVS",
    "reportedCurrency": "USD",
    "cik": "0000064803",
    "fillingDate": "2011-11-03",
    "acceptedDate": "2011-11-03 16:04:18",
    "calendarYear": "2011",
    "period": "Q3",
    "revenue": 26674000000,
    "costOfRevenue": 21496000000,
    "grossProfit": 5178000000,
    "grossProfitRatio": 0.1941216166,
    "researchAndDevelopmentExpenses": 0,
    "generalAndAdministrativeExpenses": 0,
    "sellingAndMarketingExpenses": 0,
    "sellingGeneralAndAdministrativeExpenses": 3594000000,
    "otherExpenses": 0,
    "operatingExpenses": 3594000000,
    "costAndExpenses": 25090000000,
    "interestIncome": 1000000,
    "interestExpense": 156000000,
    "depreciationAndAmortization": 407000000,
    "ebitda": 1992000000,
    "ebitdaratio": 0.0746794631,
    "operatingIncome": 1584000000,
    "operatingIncomeRatio": 0.0593836695,
    "totalOtherIncomeExpensesNet": -155000000,
    "incomeBeforeTax": 1429000000,
    "incomeBeforeTaxRatio": 0.0535727675,
    "incomeTaxExpense": 562000000,
    "netIncome": 868000000,
    "netIncomeRatio": 0.0325410512,
    "eps": 0.65,
    "epsdiluted": 0.65,
    "weightedAverageShsOut": 1332000000,
    "weightedAverageShsOutDil": 1340000000,
    "link": "https://www.sec.gov/Archives/edgar/data/64803/000110465911060566/0001104659-11-060566-index.htm",
    "finalLink": "https://www.sec.gov/Archives/edgar/data/64803/000110465911060566/a11-25650_110q.htm"
  },
  {
    "date": "2011-06-30",
    "symbol": "CVS",
    "reportedCurrency": "USD",
    "cik": "0000064803",
    "fillingDate": "2011-08-04",
    "acceptedDate": "2011-08-04 16:05:47",
    "calendarYear": "2011",
    "period": "Q2",
    "revenue": 26414000000,
    "costOfRevenue": 21328000000,
    "grossProfit": 5086000000,
    "grossProfitRatio": 0.1925494056,
    "researchAndDevelopmentExpenses": 0,
    "generalAndAdministrativeExpenses": 0,
    "sellingAndMarketingExpenses": 0,
    "sellingGeneralAndAdministrativeExpenses": 3602000000,
    "otherExpenses": 0,
    "operatingExpenses": 3602000000,
    "costAndExpenses": 24930000000,
    "interestIncome": 1000000,
    "interestExpense": 149000000,
    "depreciationAndAmortization": 391000000,
    "ebitda": 1876000000,
    "ebitdaratio": 0.0710229424,
    "operatingIncome": 1484000000,
    "operatingIncomeRatio": 0.0561823276,
    "totalOtherIncomeExpensesNet": -148000000,
    "incomeBeforeTax": 1336000000,
    "incomeBeforeTaxRatio": 0.0505792383,
    "incomeTaxExpense": 523000000,
    "netIncome": 816000000,
    "netIncomeRatio": 0.0308927084,
    "eps": 0.6,
    "epsdiluted": 0.6,
    "weightedAverageShsOut": 1355000000,
    "weightedAverageShsOutDil": 1364000000,
    "link": "https://www.sec.gov/Archives/edgar/data/64803/000110465911043697/0001104659-11-043697-index.htm",
    "finalLink": "https://www.sec.gov/Archives/edgar/data/64803/000110465911043697/a11-13834_110q.htm"
  },
  {
    "date": "2011-03-31",
    "symbol": "CVS",
    "reportedCurrency": "USD",
    "cik": "0000064803",
    "fillingDate": "2011-05-05",
    "acceptedDate": "2011-05-05 16:17:53",
    "calendarYear": "2011",
    "period": "Q1",
    "revenue": 25695000000,
    "costOfRevenue": 20953000000,
    "grossProfit": 4742000000,
    "grossProfitRatio": 0.1845495233,
    "researchAndDevelopmentExpenses": 0,
    "generalAndAdministrativeExpenses": 0,
    "sellingAndMarketingExpenses": 0,
    "sellingGeneralAndAdministrativeExpenses": 3437000000,
    "otherExpenses": 0,
    "operatingExpenses": 3437000000,
    "costAndExpenses": 24390000000,
    "interestIncome": 1000000,
    "interestExpense": 135000000,
    "depreciationAndAmortization": 374000000,
    "ebitda": 1680000000,
    "ebitdaratio": 0.0653823701,
    "operatingIncome": 1305000000,
    "operatingIncomeRatio": 0.0507880911,
    "totalOtherIncomeExpensesNet": -134000000,
    "incomeBeforeTax": 1171000000,
    "incomeBeforeTaxRatio": 0.0455730687,
    "incomeTaxExpense": 462000000,
    "netIncome": 713000000,
    "netIncomeRatio": 0.0277485892,
    "eps": 0.52,
    "epsdiluted": 0.52,
    "weightedAverageShsOut": 1362000000,
    "weightedAverageShsOutDil": 1371000000,
    "link": "https://www.sec.gov/Archives/edgar/data/64803/000110465911026342/0001104659-11-026342-index.htm",
    "finalLink": "https://www.sec.gov/Archives/edgar/data/64803/000110465911026342/a11-8716_110q.htm"
  },
  {
    "date": "2010-12-31",
    "symbol": "CVS",
    "reportedCurrency": "USD",
    "cik": "0000064803",
    "fillingDate": "2011-02-18",
    "acceptedDate": "2011-02-18 16:16:30",
    "calendarYear": "2010",
    "period": "Q4",
    "revenue": 24772000000,
    "costOfRevenue": 19305000000,
    "grossProfit": 5467000000,
    "grossProfitRatio": 0.2206927176,
    "researchAndDevelopmentExpenses": 0,
    "generalAndAdministrativeExpenses": 0,
    "sellingAndMarketingExpenses": 0,
    "sellingGeneralAndAdministrativeExpenses": 0,
    "otherExpenses": 3696000000,
    "operatingExpenses": 3696000000,
    "costAndExpenses": 23001000000,
    "interestIncome": 0,
    "interestExpense": 137000000,
    "depreciationAndAmortization": 373000000,
    "ebitda": 2144000000,
    "ebitdaratio": 0.0865493299,
    "operatingIncome": 1771000000,
    "operatingIncomeRatio": 0.0714920071,
    "totalOtherIncomeExpensesNet": -137000000,
    "incomeBeforeTax": 1634000000,
    "incomeBeforeTaxRatio": 0.0659615695,
    "incomeTaxExpense": 608000000,
    "netIncome": 1026000000,
    "netIncomeRatio": 0.0414177297,
    "eps": 0.75,
    "epsdiluted": 0.75,
    "weightedAverageShsOut": 1362000000,
    "weightedAverageShsOutDil": 1362000000,
    "link": "https://www.sec.gov/Archives/edgar/data/64803/000119312511040351/0001193125-11-040351-index.htm",
    "finalLink": "https://www.sec.gov/Archives/edgar/data/64803/000119312511040351/d10k.htm"
  },
  {
    "date": "2010-09-30",
    "symbol": "CVS",
    "reportedCurrency": "USD",
    "cik": "0000064803",
    "fillingDate": "2010-11-03",
    "acceptedDate": "2010-11-03 17:01:44",
    "calendarYear": "2010",
    "period": "Q3",
    "revenue": 23711000000,
    "costOfRevenue": 18696000000,
    "grossProfit": 5015000000,
    "grossProfitRatio": 0.2115052086,
    "researchAndDevelopmentExpenses": 0,
    "generalAndAdministrativeExpenses": 0,
    "sellingAndMarketingExpenses": 0,
    "sellingGeneralAndAdministrativeExpenses": 3537000000,
    "otherExpenses": 0,
    "operatingExpenses": 3537000000,
    "costAndExpenses": 22233000000,
    "interestIncome": 1000000,
    "interestExpense": 138000000,
    "depreciationAndAmortization": 370000000,
    "ebitda": 1849000000,
    "ebitdaratio": 0.0779806841,
    "operatingIncome": 1478000000,
    "operatingIncomeRatio": 0.0623339378,
    "totalOtherIncomeExpensesNet": -137000000,
    "incomeBeforeTax": 1341000000,
    "incomeBeforeTaxRatio": 0.0565560288,
    "incomeTaxExpense": 526000000,
    "netIncome": 809000000,
    "netIncomeRatio": 0.0341191852,
    "eps": 0.59,
    "epsdiluted": 0.59,
    "weightedAverageShsOut": 1360000000,
    "weightedAverageShsOutDil": 1368000000,
    "link": "https://www.sec.gov/Archives/edgar/data/64803/000119312510246290/0001193125-10-246290-index.htm",
    "finalLink": "https://www.sec.gov/Archives/edgar/data/64803/000119312510246290/d10q.htm"
  },
  {
    "date": "2010-06-30",
    "symbol": "CVS",
    "reportedCurrency": "USD",
    "cik": "0000064803",
    "fillingDate": "2010-07-29",
    "acceptedDate": "2010-07-28 18:02:35",
    "calendarYear": "2010",
    "period": "Q2",
    "revenue": 24007000000,
    "costOfRevenue": 18987000000,
    "grossProfit": 5020000000,
    "grossProfitRatio": 0.2091056775,
    "researchAndDevelopmentExpenses": 0,
    "generalAndAdministrativeExpenses": 0,
    "sellingAndMarketingExpenses": 0,
    "sellingGeneralAndAdministrativeExpenses": 3519000000,
    "otherExpenses": 0,
    "operatingExpenses": 3519000000,
    "costAndExpenses": 22506000000,
    "interestIncome": 1000000,
    "interestExpense": 136000000,
    "depreciationAndAmortization": 368000000,
    "ebitda": 1870000000,
    "ebitdaratio": 0.0778939476,
    "operatingIncome": 1501000000,
    "operatingIncomeRatio": 0.0625234307,
    "totalOtherIncomeExpensesNet": -135000000,
    "incomeBeforeTax": 1366000000,
    "incomeBeforeTaxRatio": 0.0569000708,
    "incomeTaxExpense": 544000000,
    "netIncome": 821000000,
    "netIncomeRatio": 0.0341983588,
    "eps": 0.61,
    "epsdiluted": 0.6,
    "weightedAverageShsOut": 1359000000,
    "weightedAverageShsOutDil": 1369000000,
    "link": "https://www.sec.gov/Archives/edgar/data/64803/000119312510169312/0001193125-10-169312-index.htm",
    "finalLink": "https://www.sec.gov/Archives/edgar/data/64803/000119312510169312/d10q.htm"
  },
  {
    "date": "2010-03-31",
    "symbol": "CVS",
    "reportedCurrency": "USD",
    "cik": "0000064803",
    "fillingDate": "2010-05-04",
    "acceptedDate": "2010-05-04 16:31:41",
    "calendarYear": "2010",
    "period": "Q1",
    "revenue": 23760000000,
    "costOfRevenue": 19014000000,
    "grossProfit": 4746000000,
    "grossProfitRatio": 0.1997474747,
    "researchAndDevelopmentExpenses": 0,
    "generalAndAdministrativeExpenses": 0,
    "sellingAndMarketingExpenses": 0,
    "sellingGeneralAndAdministrativeExpenses": 3336000000,
    "otherExpenses": 0,
    "operatingExpenses": 3336000000,
    "costAndExpenses": 22350000000,
    "interestIncome": 1000000,
    "interestExpense": 129000000,
    "depreciationAndAmortization": 358000000,
    "ebitda": 1769000000,
    "ebitdaratio": 0.074452862,
    "operatingIncome": 1410000000,
    "operatingIncomeRatio": 0.0593434343,
    "totalOtherIncomeExpensesNet": -128000000,
    "incomeBeforeTax": 1282000000,
    "incomeBeforeTaxRatio": 0.053956229,
    "incomeTaxExpense": 510000000,
    "netIncome": 771000000,
    "netIncomeRatio": 0.0324494949,
    "eps": 0.56,
    "epsdiluted": 0.55,
    "weightedAverageShsOut": 1386000000,
    "weightedAverageShsOutDil": 1396000000,
    "link": "https://www.sec.gov/Archives/edgar/data/64803/000119312510106601/0001193125-10-106601-index.htm",
    "finalLink": "https://www.sec.gov/Archives/edgar/data/64803/000119312510106601/d10q.htm"
  },
  {
    "date": "2009-12-31",
    "symbol": "CVS",
    "reportedCurrency": "USD",
    "cik": "0000064803",
    "fillingDate": "2010-02-26",
    "acceptedDate": "2010-02-26 17:00:54",
    "calendarYear": "2009",
    "period": "Q4",
    "revenue": 25822100000,
    "costOfRevenue": 20254000000,
    "grossProfit": 5568100000,
    "grossProfitRatio": 0.2156331205,
    "researchAndDevelopmentExpenses": 0,
    "generalAndAdministrativeExpenses": 0,
    "sellingAndMarketingExpenses": 0,
    "sellingGeneralAndAdministrativeExpenses": 0,
    "otherExpenses": 3673000000,
    "operatingExpenses": 3673000000,
    "costAndExpenses": 23927000000,
    "interestIncome": 800000,
    "interestExpense": 133000000,
    "depreciationAndAmortization": 352500000,
    "ebitda": 2248400000,
    "ebitdaratio": 0.0870727013,
    "operatingIncome": 1895100000,
    "operatingIncomeRatio": 0.0733906228,
    "totalOtherIncomeExpensesNet": -132200000,
    "incomeBeforeTax": 1762900000,
    "incomeBeforeTaxRatio": 0.0682709772,
    "incomeTaxExpense": 710600000,
    "netIncome": 1049800000,
    "netIncomeRatio": 0.0406550978,
    "eps": 0.76,
    "epsdiluted": 0.76,
    "weightedAverageShsOut": 1386000000,
    "weightedAverageShsOutDil": 1386000000,
    "link": "https://www.sec.gov/Archives/edgar/data/64803/000119312510043086/0001193125-10-043086-index.htm",
    "finalLink": "https://www.sec.gov/Archives/edgar/data/64803/000119312510043086/d10k.htm"
  },
  {
    "date": "2009-09-30",
    "symbol": "CVS",
    "reportedCurrency": "USD",
    "cik": "0000064803",
    "fillingDate": "2009-11-05",
    "acceptedDate": "2009-11-05 14:11:40",
    "calendarYear": "2009",
    "period": "Q3",
    "revenue": 24642000000,
    "costOfRevenue": 19630000000,
    "grossProfit": 5012000000,
    "grossProfitRatio": 0.2033925818,
    "researchAndDevelopmentExpenses": 0,
    "generalAndAdministrativeExpenses": 0,
    "sellingAndMarketingExpenses": 0,
    "sellingGeneralAndAdministrativeExpenses": 0,
    "otherExpenses": 3446000000,
    "operatingExpenses": 3446000000,
    "costAndExpenses": 23076000000,
    "interestIncome": 1000000,
    "interestExpense": 124000000,
    "depreciationAndAmortization": 301000000,
    "ebitda": 1868000000,
    "ebitdaratio": 0.0758055353,
    "operatingIncome": 1566000000,
    "operatingIncomeRatio": 0.0635500365,
    "totalOtherIncomeExpensesNet": -123000000,
    "incomeBeforeTax": 1443000000,
    "incomeBeforeTaxRatio": 0.0585585586,
    "incomeTaxExpense": 420000000,
    "netIncome": 1021000000,
    "netIncomeRatio": 0.0414333252,
    "eps": 0.71,
    "epsdiluted": 0.71,
    "weightedAverageShsOut": 1429000000,
    "weightedAverageShsOutDil": 1445000000,
    "link": "https://www.sec.gov/Archives/edgar/data/64803/000119312509225277/0001193125-09-225277-index.htm",
    "finalLink": "https://www.sec.gov/Archives/edgar/data/64803/000119312509225277/d10q.htm"
  },
  {
    "date": "2009-06-30",
    "symbol": "CVS",
    "reportedCurrency": "USD",
    "cik": "0000064803",
    "fillingDate": "2009-08-04",
    "acceptedDate": "2009-08-04 17:01:47",
    "calendarYear": "2009",
    "period": "Q2",
    "revenue": 24871000000,
    "costOfRevenue": 19819000000,
    "grossProfit": 5052000000,
    "grossProfitRatio": 0.2031281412,
    "researchAndDevelopmentExpenses": 0,
    "generalAndAdministrativeExpenses": 0,
    "sellingAndMarketingExpenses": 0,
    "sellingGeneralAndAdministrativeExpenses": 0,
    "otherExpenses": 3452000000,
    "operatingExpenses": 3452000000,
    "costAndExpenses": 23271000000,
    "interestIncome": 1000000,
    "interestExpense": 129000000,
    "depreciationAndAmortization": 382000000,
    "ebitda": 1983000000,
    "ebitdaratio": 0.0797314141,
    "operatingIncome": 1600000000,
    "operatingIncomeRatio": 0.0643319529,
    "totalOtherIncomeExpensesNet": -128000000,
    "incomeBeforeTax": 1472000000,
    "incomeBeforeTaxRatio": 0.0591853966,
    "incomeTaxExpense": 583000000,
    "netIncome": 886000000,
    "netIncomeRatio": 0.0356238189,
    "eps": 0.61,
    "epsdiluted": 0.6,
    "weightedAverageShsOut": 1456900000,
    "weightedAverageShsOutDil": 1471800000,
    "link": "https://www.sec.gov/Archives/edgar/data/64803/000119312509163865/0001193125-09-163865-index.htm",
    "finalLink": "https://www.sec.gov/Archives/edgar/data/64803/000119312509163865/d10q.htm"
  },
  {
    "date": "2009-03-31",
    "symbol": "CVS",
    "reportedCurrency": "USD",
    "cik": "0000064803",
    "fillingDate": "2009-05-05",
    "acceptedDate": "2009-05-05 17:27:38",
    "calendarYear": "2009",
    "period": "Q1",
    "revenue": 23394000000,
    "costOfRevenue": 18646000000,
    "grossProfit": 4748000000,
    "grossProfitRatio": 0.2029580234,
    "researchAndDevelopmentExpenses": 0,
    "generalAndAdministrativeExpenses": 0,
    "sellingAndMarketingExpenses": 0,
    "sellingGeneralAndAdministrativeExpenses": 0,
    "otherExpenses": 3371000000,
    "operatingExpenses": 3371000000,
    "costAndExpenses": 22017000000,
    "interestIncome": 2000000,
    "interestExpense": 144000000,
    "depreciationAndAmortization": 354000000,
    "ebitda": 1733000000,
    "ebitdaratio": 0.0740788236,
    "operatingIncome": 1377000000,
    "operatingIncomeRatio": 0.0588612465,
    "totalOtherIncomeExpensesNet": -142000000,
    "incomeBeforeTax": 1235000000,
    "incomeBeforeTaxRatio": 0.052791314,
    "incomeTaxExpense": 492000000,
    "netIncome": 738000000,
    "netIncomeRatio": 0.0315465504,
    "eps": 0.51,
    "epsdiluted": 0.5,
    "weightedAverageShsOut": 1450000000,
    "weightedAverageShsOutDil": 1469000000,
    "link": "https://www.sec.gov/Archives/edgar/data/64803/000119312509100137/0001193125-09-100137-index.htm",
    "finalLink": "https://www.sec.gov/Archives/edgar/data/64803/000119312509100137/d10q.htm"
  },
  {
    "date": "2008-12-31",
    "symbol": "CVS",
    "reportedCurrency": "USD",
    "cik": "0000064803",
    "fillingDate": "2009-02-27",
    "acceptedDate": "2009-02-27 16:46:31",
    "calendarYear": "2008",
    "period": "Q4",
    "revenue": 24142200000,
    "costOfRevenue": 18918600000,
    "grossProfit": 5223600000,
    "grossProfitRatio": 0.2163680195,
    "researchAndDevelopmentExpenses": 0,
    "generalAndAdministrativeExpenses": 0,
    "sellingAndMarketingExpenses": 0,
    "sellingGeneralAndAdministrativeExpenses": 3491800000,
    "otherExpenses": 0,
    "operatingExpenses": 3491800000,
    "costAndExpenses": 22410400000,
    "interestIncome": 0,
    "interestExpense": 0,
    "depreciationAndAmortization": 354000000,
    "ebitda": 2085800000,
    "ebitdaratio": 0.0863964345,
    "operatingIncome": 1731800000,
    "operatingIncomeRatio": 0.0717333135,
    "totalOtherIncomeExpensesNet": -151200000,
    "incomeBeforeTax": 1580600000,
    "incomeBeforeTaxRatio": 0.0654704211,
    "incomeTaxExpense": 627300000,
    "netIncome": 952800000,
    "netIncomeRatio": 0.039466163,
    "eps": 0.66,
    "epsdiluted": 0.66,
    "weightedAverageShsOut": 1438800000,
    "weightedAverageShsOutDil": 1450000000,
    "link": "https://www.sec.gov/Archives/edgar/data/64803/000119312509041089/0001193125-09-041089-index.htm",
    "finalLink": "https://www.sec.gov/Archives/edgar/data/64803/000119312509041089/d10k.htm"
  },
  {
    "date": "2008-09-27",
    "symbol": "CVS",
    "reportedCurrency": "USD",
    "cik": "0000064803",
    "fillingDate": "2008-10-31",
    "acceptedDate": "2008-10-31 10:36:02",
    "calendarYear": "2008",
    "period": "Q3",
    "revenue": 20863400000,
    "costOfRevenue": 16462800000,
    "grossProfit": 4400600000,
    "grossProfitRatio": 0.2109243939,
    "researchAndDevelopmentExpenses": 0,
    "generalAndAdministrativeExpenses": 0,
    "sellingAndMarketingExpenses": 0,
    "sellingGeneralAndAdministrativeExpenses": 2934400000,
    "otherExpenses": 0,
    "operatingExpenses": 2934400000,
    "costAndExpenses": 19397200000,
    "interestIncome": 4300000,
    "interestExpense": 117000000,
    "depreciationAndAmortization": 310900000,
    "ebitda": 1781400000,
    "ebitdaratio": 0.0853839738,
    "operatingIncome": 1466200000,
    "operatingIncomeRatio": 0.0702761774,
    "totalOtherIncomeExpensesNet": -112700000,
    "incomeBeforeTax": 1353500000,
    "incomeBeforeTaxRatio": 0.0648743733,
    "incomeTaxExpense": 534700000,
    "netIncome": 736000000,
    "netIncomeRatio": 0.0352770881,
    "eps": 0.51,
    "epsdiluted": 0.5,
    "weightedAverageShsOut": 1435500000,
    "weightedAverageShsOutDil": 1469700000,
    "link": "https://www.sec.gov/Archives/edgar/data/64803/000119312508221062/0001193125-08-221062-index.htm",
    "finalLink": "https://www.sec.gov/Archives/edgar/data/64803/000119312508221062/d10q.htm"
  },
  {
    "date": "2008-06-28",
    "symbol": "CVS",
    "reportedCurrency": "USD",
    "cik": "0000064803",
    "fillingDate": "2008-07-31",
    "acceptedDate": "2008-07-31 16:22:28",
    "calendarYear": "2008",
    "period": "Q2",
    "revenue": 21140300000,
    "costOfRevenue": 16767100000,
    "grossProfit": 4373200000,
    "grossProfitRatio": 0.2068655601,
    "researchAndDevelopmentExpenses": 0,
    "generalAndAdministrativeExpenses": 0,
    "sellingAndMarketingExpenses": 0,
    "sellingGeneralAndAdministrativeExpenses": 2895100000,
    "otherExpenses": 0,
    "operatingExpenses": 2895100000,
    "costAndExpenses": 19662200000,
    "interestIncome": 3800000,
    "interestExpense": 118500000,
    "depreciationAndAmortization": 310000000,
    "ebitda": 1791900000,
    "ebitdaratio": 0.0847622787,
    "operatingIncome": 1478100000,
    "operatingIncomeRatio": 0.0699185915,
    "totalOtherIncomeExpensesNet": -114700000,
    "incomeBeforeTax": 1363400000,
    "incomeBeforeTaxRatio": 0.0644929353,
    "incomeTaxExpense": 539900000,
    "netIncome": 774800000,
    "netIncomeRatio": 0.0366503787,
    "eps": 0.54,
    "epsdiluted": 0.53,
    "weightedAverageShsOut": 1431800000,
    "weightedAverageShsOutDil": 1468700000,
    "link": "https://www.sec.gov/Archives/edgar/data/64803/000119312508162631/0001193125-08-162631-index.htm",
    "finalLink": "https://www.sec.gov/Archives/edgar/data/64803/000119312508162631/d10q.htm"
  },
  {
    "date": "2008-03-29",
    "symbol": "CVS",
    "reportedCurrency": "USD",
    "cik": "0000064803",
    "fillingDate": "2008-05-01",
    "acceptedDate": "2008-05-01 15:42:56",
    "calendarYear": "2008",
    "period": "Q1",
    "revenue": 21326000000,
    "costOfRevenue": 17033000000,
    "grossProfit": 4293000000,
    "grossProfitRatio": 0.2013035731,
    "researchAndDevelopmentExpenses": 0,
    "generalAndAdministrativeExpenses": 0,
    "sellingAndMarketingExpenses": 0,
    "sellingGeneralAndAdministrativeExpenses": 2922900000,
    "otherExpenses": 0,
    "operatingExpenses": 2922900000,
    "costAndExpenses": 19955900000,
    "interestIncome": 0,
    "interestExpense": 0,
    "depreciationAndAmortization": 299300000,
    "ebitda": 1669400000,
    "ebitdaratio": 0.0782800338,
    "operatingIncome": 1370100000,
    "operatingIncomeRatio": 0.0642455219,
    "totalOtherIncomeExpensesNet": -130900000,
    "incomeBeforeTax": 1239200000,
    "incomeBeforeTaxRatio": 0.0581074744,
    "incomeTaxExpense": 490700000,
    "netIncome": 748500000,
    "netIncomeRatio": 0.0350980024,
    "eps": 0.52,
    "epsdiluted": 0.51,
    "weightedAverageShsOut": 1429800000,
    "weightedAverageShsOutDil": 1467700000,
    "link": "https://www.sec.gov/Archives/edgar/data/64803/000119312508099087/0001193125-08-099087-index.htm",
    "finalLink": "https://www.sec.gov/Archives/edgar/data/64803/000119312508099087/d10q.htm"
  },
  {
    "date": "2007-12-29",
    "symbol": "CVS",
    "reportedCurrency": "USD",
    "cik": "0000064803",
    "fillingDate": "2008-02-27",
    "acceptedDate": "2008-02-27 15:33:36",
    "calendarYear": "2007",
    "period": "Q4",
    "revenue": 21942400000,
    "costOfRevenue": 17491600000,
    "grossProfit": 4450800000,
    "grossProfitRatio": 0.2028401633,
    "researchAndDevelopmentExpenses": 0,
    "generalAndAdministrativeExpenses": 0,
    "sellingAndMarketingExpenses": 0,
    "sellingGeneralAndAdministrativeExpenses": 2974900000,
    "otherExpenses": 0,
    "operatingExpenses": 2974900000,
    "costAndExpenses": 20466500000,
    "interestIncome": 0,
    "interestExpense": 0,
    "depreciationAndAmortization": 276100000,
    "ebitda": 1752000000,
    "ebitdaratio": 0.0798454134,
    "operatingIncome": 1475900000,
    "operatingIncomeRatio": 0.067262469,
    "totalOtherIncomeExpensesNet": -137300000,
    "incomeBeforeTax": 1338600000,
    "incomeBeforeTaxRatio": 0.0610051772,
    "incomeTaxExpense": 523600000,
    "netIncome": 815000000,
    "netIncomeRatio": 0.0371427009,
    "eps": 0.55,
    "epsdiluted": 0.55,
    "weightedAverageShsOut": 1440700000,
    "weightedAverageShsOutDil": 1483000000,
    "link": "https://www.sec.gov/Archives/edgar/data/64803/000119312508040019/0001193125-08-040019-index.htm",
    "finalLink": "https://www.sec.gov/Archives/edgar/data/64803/000119312508040019/d10k.htm"
  },
  {
    "date": "2007-09-29",
    "symbol": "CVS",
    "reportedCurrency": "USD",
    "cik": "0000064803",
    "fillingDate": "2007-11-01",
    "acceptedDate": "2007-11-01 16:45:37",
    "calendarYear": "2007",
    "period": "Q3",
    "revenue": 20495200000,
    "costOfRevenue": 16300000000,
    "grossProfit": 4195200000,
    "grossProfitRatio": 0.2046918303,
    "researchAndDevelopmentExpenses": 0,
    "generalAndAdministrativeExpenses": 0,
    "sellingAndMarketingExpenses": 0,
    "sellingGeneralAndAdministrativeExpenses": 2924100000,
    "otherExpenses": 0,
    "operatingExpenses": 2924100000,
    "costAndExpenses": 19224100000,
    "interestIncome": 0,
    "interestExpense": 0,
    "depreciationAndAmortization": 301700000,
    "ebitda": 1572800000,
    "ebitdaratio": 0.0767399196,
    "operatingIncome": 1271100000,
    "operatingIncomeRatio": 0.0620193997,
    "totalOtherIncomeExpensesNet": -127500000,
    "incomeBeforeTax": 1143600000,
    "incomeBeforeTaxRatio": 0.0557984309,
    "incomeTaxExpense": 454100000,
    "netIncome": 689500000,
    "netIncomeRatio": 0.0336420235,
    "eps": 0.47,
    "epsdiluted": 0.45,
    "weightedAverageShsOut": 1473700000,
    "weightedAverageShsOutDil": 1521200000,
    "link": "https://www.sec.gov/Archives/edgar/data/64803/000119312507232584/0001193125-07-232584-index.htm",
    "finalLink": "https://www.sec.gov/Archives/edgar/data/64803/000119312507232584/d10q.htm"
  },
  {
    "date": "2007-06-30",
    "symbol": "CVS",
    "reportedCurrency": "USD",
    "cik": "0000064803",
    "fillingDate": "2007-08-08",
    "acceptedDate": "2007-08-08 16:30:45",
    "calendarYear": "2007",
    "period": "Q2",
    "revenue": 20703300000,
    "costOfRevenue": 16544800000,
    "grossProfit": 4158500000,
    "grossProfitRatio": 0.2008616984,
    "researchAndDevelopmentExpenses": 0,
    "generalAndAdministrativeExpenses": 0,
    "sellingAndMarketingExpenses": 0,
    "sellingGeneralAndAdministrativeExpenses": 2848700000,
    "otherExpenses": 0,
    "operatingExpenses": 2848700000,
    "costAndExpenses": 19393500000,
    "interestIncome": 0,
    "interestExpense": 0,
    "depreciationAndAmortization": 308000000,
    "ebitda": 1617800000,
    "ebitdaratio": 0.0781421319,
    "operatingIncome": 1309800000,
    "operatingIncomeRatio": 0.0632652766,
    "totalOtherIncomeExpensesNet": -105900000,
    "incomeBeforeTax": 1203900000,
    "incomeBeforeTaxRatio": 0.05815015,
    "incomeTaxExpense": 480300000,
    "netIncome": 723600000,
    "netIncomeRatio": 0.0349509498,
    "eps": 0.48,
    "epsdiluted": 0.47,
    "weightedAverageShsOut": 1492400000,
    "weightedAverageShsOutDil": 1542500000,
    "link": "https://www.sec.gov/Archives/edgar/data/64803/000119312507175628/0001193125-07-175628-index.htm",
    "finalLink": "https://www.sec.gov/Archives/edgar/data/64803/000119312507175628/d10q.htm"
  },
  {
    "date": "2007-03-31",
    "symbol": "CVS",
    "reportedCurrency": "USD",
    "cik": "0000064803",
    "fillingDate": "2007-05-08",
    "acceptedDate": "2007-05-08 15:18:32",
    "calendarYear": "2007",
    "period": "Q1",
    "revenue": 13184600000,
    "costOfRevenue": 9835400000,
    "grossProfit": 3349200000,
    "grossProfitRatio": 0.2540236336,
    "researchAndDevelopmentExpenses": 0,
    "generalAndAdministrativeExpenses": 0,
    "sellingAndMarketingExpenses": 0,
    "sellingGeneralAndAdministrativeExpenses": 2403900000,
    "otherExpenses": 208800000,
    "operatingExpenses": 2612700000,
    "costAndExpenses": 12448100000,
    "interestIncome": 0,
    "interestExpense": 0,
    "depreciationAndAmortization": 208800000,
    "ebitda": 945300000,
    "ebitdaratio": 0.0716972832,
    "operatingIncome": 736500000,
    "operatingIncomeRatio": 0.0558606253,
    "totalOtherIncomeExpensesNet": -63900000,
    "incomeBeforeTax": 672600000,
    "incomeBeforeTaxRatio": 0.0510140619,
    "incomeTaxExpense": 263700000,
    "netIncome": 408900000,
    "netIncomeRatio": 0.0310134551,
    "eps": 0.45,
    "epsdiluted": 0.43,
    "weightedAverageShsOut": 906100000,
    "weightedAverageShsOutDil": 939800000,
    "link": "https://www.sec.gov/Archives/edgar/data/64803/000119312507105923/0001193125-07-105923-index.htm",
    "finalLink": "https://www.sec.gov/Archives/edgar/data/64803/000119312507105923/d10q.htm"
  },
  {
    "date": "2006-12-30",
    "symbol": "CVS",
    "reportedCurrency": "USD",
    "cik": "0000064803",
    "fillingDate": "2007-02-27",
    "acceptedDate": "2007-02-27 16:25:20",
    "calendarYear": "2006",
    "period": "Q4",
    "revenue": 12066300000,
    "costOfRevenue": 8701000000,
    "grossProfit": 3365300000,
    "grossProfitRatio": 0.2789007401,
    "researchAndDevelopmentExpenses": 0,
    "generalAndAdministrativeExpenses": 0,
    "sellingAndMarketingExpenses": 0,
    "sellingGeneralAndAdministrativeExpenses": 2414600000,
    "otherExpenses": 201400000,
    "operatingExpenses": 2616000000,
    "costAndExpenses": 11317000000,
    "interestIncome": 0,
    "interestExpense": 0,
    "depreciationAndAmortization": 201400000,
    "ebitda": 950700000,
    "ebitdaratio": 0.078789687,
    "operatingIncome": 749300000,
    "operatingIncomeRatio": 0.0620985721,
    "totalOtherIncomeExpensesNet": -81100000,
    "incomeBeforeTax": 668200000,
    "incomeBeforeTaxRatio": 0.0553773733,
    "incomeTaxExpense": 251000000,
    "netIncome": 417200000,
    "netIncomeRatio": 0.0345756363,
    "eps": 0.49,
    "epsdiluted": 0.49,
    "weightedAverageShsOut": 824500000,
    "weightedAverageShsOutDil": 855000000,
    "link": "https://www.sec.gov/Archives/edgar/data/64803/000110465907014431/0001104659-07-014431-index.htm",
    "finalLink": "https://www.sec.gov/Archives/edgar/data/64803/000110465907014431/a07-4967_110k.htm"
  },
  {
    "date": "2006-09-30",
    "symbol": "CVS",
    "reportedCurrency": "USD",
    "cik": "0000064803",
    "fillingDate": "2006-11-03",
    "acceptedDate": "2006-11-03 15:54:10",
    "calendarYear": "2006",
    "period": "Q3",
    "revenue": 11208800000,
    "costOfRevenue": 8173200000,
    "grossProfit": 3035600000,
    "grossProfitRatio": 0.2708229248,
    "researchAndDevelopmentExpenses": 0,
    "generalAndAdministrativeExpenses": 0,
    "sellingAndMarketingExpenses": 0,
    "sellingGeneralAndAdministrativeExpenses": 2498800000,
    "otherExpenses": 0,
    "operatingExpenses": 2498800000,
    "costAndExpenses": 10672000000,
    "interestIncome": 0,
    "interestExpense": 0,
    "depreciationAndAmortization": 193400000,
    "ebitda": 730200000,
    "ebitdaratio": 0.065145243,
    "operatingIncome": 536800000,
    "operatingIncomeRatio": 0.0478909428,
    "totalOtherIncomeExpensesNet": -75200000,
    "incomeBeforeTax": 461600000,
    "incomeBeforeTaxRatio": 0.0411819285,
    "incomeTaxExpense": 177400000,
    "netIncome": 284200000,
    "netIncomeRatio": 0.0253550782,
    "eps": 0.34,
    "epsdiluted": 0.33,
    "weightedAverageShsOut": 822300000,
    "weightedAverageShsOutDil": 855400000,
    "link": "https://www.sec.gov/Archives/edgar/data/64803/000119312506223656/0001193125-06-223656-index.htm",
    "finalLink": "https://www.sec.gov/Archives/edgar/data/64803/000119312506223656/d10q.htm"
  },
  {
    "date": "2006-07-01",
    "symbol": "CVS",
    "reportedCurrency": "USD",
    "cik": "0000064803",
    "fillingDate": "2006-08-08",
    "acceptedDate": "2006-08-08 16:28:04",
    "calendarYear": "2006",
    "period": "Q2",
    "revenue": 10564400000,
    "costOfRevenue": 7769700000,
    "grossProfit": 2794700000,
    "grossProfitRatio": 0.2645393965,
    "researchAndDevelopmentExpenses": 0,
    "generalAndAdministrativeExpenses": 0,
    "sellingAndMarketingExpenses": 0,
    "sellingGeneralAndAdministrativeExpenses": 2199700000,
    "otherExpenses": 0,
    "operatingExpenses": 2199700000,
    "costAndExpenses": 9969400000,
    "interestIncome": 0,
    "interestExpense": 0,
    "depreciationAndAmortization": 183100000,
    "ebitda": 778100000,
    "ebitdaratio": 0.0736530234,
    "operatingIncome": 595000000,
    "operatingIncomeRatio": 0.0563212298,
    "totalOtherIncomeExpensesNet": -38400000,
    "incomeBeforeTax": 556600000,
    "incomeBeforeTaxRatio": 0.0526863807,
    "incomeTaxExpense": 218700000,
    "netIncome": 337900000,
    "netIncomeRatio": 0.0319847791,
    "eps": 0.41,
    "epsdiluted": 0.4,
    "weightedAverageShsOut": 818900000,
    "weightedAverageShsOutDil": 850600000,
    "link": "https://www.sec.gov/Archives/edgar/data/64803/000119312506165760/0001193125-06-165760-index.htm",
    "finalLink": "https://www.sec.gov/Archives/edgar/data/64803/000119312506165760/d10q.htm"
  },
  {
    "date": "2006-04-01",
    "symbol": "CVS",
    "reportedCurrency": "USD",
    "cik": "0000064803",
    "fillingDate": "2006-05-09",
    "acceptedDate": "2006-05-09 16:16:24",
    "calendarYear": "2006",
    "period": "Q1",
    "revenue": 9979200000,
    "costOfRevenue": 7330200000,
    "grossProfit": 2649000000,
    "grossProfitRatio": 0.2654521405,
    "researchAndDevelopmentExpenses": 0,
    "generalAndAdministrativeExpenses": 0,
    "sellingAndMarketingExpenses": 0,
    "sellingGeneralAndAdministrativeExpenses": 1933100000,
    "otherExpenses": 155400000,
    "operatingExpenses": 2088500000,
    "costAndExpenses": 9418700000,
    "interestIncome": 0,
    "interestExpense": 0,
    "depreciationAndAmortization": 155400000,
    "ebitda": 715900000,
    "ebitdaratio": 0.0717392176,
    "operatingIncome": 560500000,
    "operatingIncomeRatio": 0.056166827,
    "totalOtherIncomeExpensesNet": -21100000,
    "incomeBeforeTax": 539400000,
    "incomeBeforeTaxRatio": 0.0540524291,
    "incomeTaxExpense": 209800000,
    "netIncome": 329600000,
    "netIncomeRatio": 0.0330286997,
    "eps": 0.4,
    "epsdiluted": 0.39,
    "weightedAverageShsOut": 816800000,
    "weightedAverageShsOutDil": 848500000,
    "link": "https://www.sec.gov/Archives/edgar/data/64803/000119312506105433/0001193125-06-105433-index.htm",
    "finalLink": "https://www.sec.gov/Archives/edgar/data/64803/000119312506105433/d10q.htm"
  },
  {
    "date": "2005-12-31",
    "symbol": "CVS",
    "reportedCurrency": "USD",
    "cik": "0000064803",
    "fillingDate": "2006-03-14",
    "acceptedDate": "2006-03-14 16:38:07",
    "calendarYear": "2005",
    "period": "Q4",
    "revenue": 9732000000,
    "costOfRevenue": 7030000000,
    "grossProfit": 2702000000,
    "grossProfitRatio": 0.2776407727,
    "researchAndDevelopmentExpenses": 0,
    "generalAndAdministrativeExpenses": 0,
    "sellingAndMarketingExpenses": 0,
    "sellingGeneralAndAdministrativeExpenses": 1943000000,
    "otherExpenses": 155900000,
    "operatingExpenses": 2098900000,
    "costAndExpenses": 9128900000,
    "interestIncome": 0,
    "interestExpense": 0,
    "depreciationAndAmortization": 155900000,
    "ebitda": 759000000,
    "ebitdaratio": 0.0779901356,
    "operatingIncome": 603100000,
    "operatingIncomeRatio": 0.0619708179,
    "totalOtherIncomeExpensesNet": -26900000,
    "incomeBeforeTax": 576200000,
    "incomeBeforeTaxRatio": 0.0592067406,
    "incomeTaxExpense": 169800000,
    "netIncome": 406400000,
    "netIncomeRatio": 0.0417591451,
    "eps": 0.48,
    "epsdiluted": 0.48,
    "weightedAverageShsOut": 814400000,
    "weightedAverageShsOutDil": 845000000,
    "link": "https://www.sec.gov/Archives/edgar/data/64803/000119312506053756/0001193125-06-053756-index.htm",
    "finalLink": "https://www.sec.gov/Archives/edgar/data/64803/000119312506053756/d10k.htm"
  },
  {
    "date": "2005-10-01",
    "symbol": "CVS",
    "reportedCurrency": "USD",
    "cik": "0000064803",
    "fillingDate": "2005-11-03",
    "acceptedDate": "2005-11-03 16:37:26",
    "calendarYear": "2005",
    "period": "Q3",
    "revenue": 8970400000,
    "costOfRevenue": 6569400000,
    "grossProfit": 2401000000,
    "grossProfitRatio": 0.2676580754,
    "researchAndDevelopmentExpenses": 0,
    "generalAndAdministrativeExpenses": 0,
    "sellingAndMarketingExpenses": 0,
    "sellingGeneralAndAdministrativeExpenses": 1814400000,
    "otherExpenses": 147700000,
    "operatingExpenses": 1962100000,
    "costAndExpenses": 8531500000,
    "interestIncome": 0,
    "interestExpense": 0,
    "depreciationAndAmortization": 147700000,
    "ebitda": 586600000,
    "ebitdaratio": 0.0653928476,
    "operatingIncome": 438900000,
    "operatingIncomeRatio": 0.0489275841,
    "totalOtherIncomeExpensesNet": -27300000,
    "incomeBeforeTax": 411600000,
    "incomeBeforeTaxRatio": 0.0458842415,
    "incomeTaxExpense": 158900000,
    "netIncome": 252700000,
    "netIncomeRatio": 0.0281704272,
    "eps": 0.31,
    "epsdiluted": 0.3,
    "weightedAverageShsOut": 813500000,
    "weightedAverageShsOutDil": 845000000,
    "link": "https://www.sec.gov/Archives/edgar/data/64803/000119312505215706/0001193125-05-215706-index.htm",
    "finalLink": "https://www.sec.gov/Archives/edgar/data/64803/000119312505215706/d10q.htm"
  },
  {
    "date": "2005-07-02",
    "symbol": "CVS",
    "reportedCurrency": "USD",
    "cik": "0000064803",
    "fillingDate": "2005-08-09",
    "acceptedDate": "2005-08-09 14:42:47",
    "calendarYear": "2005",
    "period": "Q2",
    "revenue": 9121600000,
    "costOfRevenue": 6704200000,
    "grossProfit": 2417400000,
    "grossProfitRatio": 0.2650192949,
    "researchAndDevelopmentExpenses": 0,
    "generalAndAdministrativeExpenses": 0,
    "sellingAndMarketingExpenses": 0,
    "sellingGeneralAndAdministrativeExpenses": 1792100000,
    "otherExpenses": 147600000,
    "operatingExpenses": 1939700000,
    "costAndExpenses": 8643900000,
    "interestIncome": 0,
    "interestExpense": 0,
    "depreciationAndAmortization": 147600000,
    "ebitda": 625300000,
    "ebitdaratio": 0.0685515699,
    "operatingIncome": 477700000,
    "operatingIncomeRatio": 0.0523701982,
    "totalOtherIncomeExpensesNet": -28300000,
    "incomeBeforeTax": 449400000,
    "incomeBeforeTaxRatio": 0.0492676723,
    "incomeTaxExpense": 173500000,
    "netIncome": 275900000,
    "netIncomeRatio": 0.0302468865,
    "eps": 0.34,
    "epsdiluted": 0.33,
    "weightedAverageShsOut": 810900000,
    "weightedAverageShsOutDil": 841900000,
    "link": "https://www.sec.gov/Archives/edgar/data/64803/000119312505162397/0001193125-05-162397-index.htm",
    "finalLink": "https://www.sec.gov/Archives/edgar/data/64803/000119312505162397/d10q.htm"
  },
  {
    "date": "2005-04-02",
    "symbol": "CVS",
    "reportedCurrency": "USD",
    "cik": "0000064803",
    "fillingDate": "2005-05-09",
    "acceptedDate": "2005-05-09 16:09:09",
    "calendarYear": "2005",
    "period": "Q1",
    "revenue": 9182200000,
    "costOfRevenue": 6801400000,
    "grossProfit": 2380800000,
    "grossProfitRatio": 0.2592842674,
    "researchAndDevelopmentExpenses": 0,
    "generalAndAdministrativeExpenses": 0,
    "sellingAndMarketingExpenses": 0,
    "sellingGeneralAndAdministrativeExpenses": 1743100000,
    "otherExpenses": 137900000,
    "operatingExpenses": 1881000000,
    "costAndExpenses": 8682400000,
    "interestIncome": 0,
    "interestExpense": 0,
    "depreciationAndAmortization": 137900000,
    "ebitda": 637700000,
    "ebitdaratio": 0.0694495872,
    "operatingIncome": 499800000,
    "operatingIncomeRatio": 0.0544313999,
    "totalOtherIncomeExpensesNet": -28000000,
    "incomeBeforeTax": 471800000,
    "incomeBeforeTaxRatio": 0.0513820217,
    "incomeTaxExpense": 182100000,
    "netIncome": 289700000,
    "netIncomeRatio": 0.0315501732,
    "eps": 0.36,
    "epsdiluted": 0.35,
    "weightedAverageShsOut": 806800000,
    "weightedAverageShsOutDil": 837200000,
    "link": "https://www.sec.gov/Archives/edgar/data/64803/000110465905021671/0001104659-05-021671-index.htm",
    "finalLink": "https://www.sec.gov/Archives/edgar/data/64803/000110465905021671/a05-8874_110q.htm"
  },
  {
    "date": "2005-01-01",
    "symbol": "CVS",
    "reportedCurrency": "USD",
    "cik": "0000064803",
    "fillingDate": "2005-03-16",
    "acceptedDate": "2005-03-16 17:07:02",
    "calendarYear": "2004",
    "period": "Q4",
    "revenue": 8923200000,
    "costOfRevenue": 6561000000,
    "grossProfit": 2362200000,
    "grossProfitRatio": 0.264725659,
    "researchAndDevelopmentExpenses": 0,
    "generalAndAdministrativeExpenses": 0,
    "sellingAndMarketingExpenses": 0,
    "sellingGeneralAndAdministrativeExpenses": 1827600000,
    "otherExpenses": 188700000,
    "operatingExpenses": 2016300000,
    "costAndExpenses": 8577300000,
    "interestIncome": 0,
    "interestExpense": 0,
    "depreciationAndAmortization": 131800000,
    "ebitda": 534600000,
    "ebitdaratio": 0.0599112426,
    "operatingIncome": 345900000,
    "operatingIncomeRatio": 0.0387641205,
    "totalOtherIncomeExpensesNet": -28700000,
    "incomeBeforeTax": 317200000,
    "incomeBeforeTaxRatio": 0.0355477855,
    "incomeTaxExpense": 62100000,
    "netIncome": 255100000,
    "netIncomeRatio": 0.0285883988,
    "eps": 0.31,
    "epsdiluted": 0.31,
    "weightedAverageShsOut": 814423894,
    "weightedAverageShsOutDil": 836000000,
    "link": "https://www.sec.gov/Archives/edgar/data/64803/000119312505052880/0001193125-05-052880-index.htm",
    "finalLink": "https://www.sec.gov/Archives/edgar/data/64803/000119312505052880/d10k.htm"
  },
  {
    "date": "2004-10-02",
    "symbol": "CVS",
    "reportedCurrency": "USD",
    "cik": "0000064803",
    "fillingDate": "2004-11-10",
    "acceptedDate": "2004-11-10 16:32:26",
    "calendarYear": "2004",
    "period": "Q3",
    "revenue": 7909400000,
    "costOfRevenue": 5838600000,
    "grossProfit": 2070800000,
    "grossProfitRatio": 0.2618150555,
    "researchAndDevelopmentExpenses": 0,
    "generalAndAdministrativeExpenses": 0,
    "sellingAndMarketingExpenses": 0,
    "sellingGeneralAndAdministrativeExpenses": 1636200000,
    "otherExpenses": 118600000,
    "operatingExpenses": 1754800000,
    "costAndExpenses": 7593400000,
    "interestIncome": 0,
    "interestExpense": 0,
    "depreciationAndAmortization": 118600000,
    "ebitda": 434600000,
    "ebitdaratio": 0.0549472779,
    "operatingIncome": 316000000,
    "operatingIncomeRatio": 0.0399524616,
    "totalOtherIncomeExpensesNet": -15800000,
    "incomeBeforeTax": 300200000,
    "incomeBeforeTaxRatio": 0.0379548385,
    "incomeTaxExpense": 115600000,
    "netIncome": 184600000,
    "netIncomeRatio": 0.0233393178,
    "eps": 0.23,
    "epsdiluted": 0.22,
    "weightedAverageShsOut": 799200000,
    "weightedAverageShsOutDil": 833000000,
    "link": "https://www.sec.gov/Archives/edgar/data/64803/000119312504192863/0001193125-04-192863-index.htm",
    "finalLink": "https://www.sec.gov/Archives/edgar/data/64803/000119312504192863/d10q.htm"
  },
  {
    "date": "2004-07-03",
    "symbol": "CVS",
    "reportedCurrency": "USD",
    "cik": "0000064803",
    "fillingDate": "2004-08-12",
    "acceptedDate": "2004-08-12 15:39:13",
    "calendarYear": "2004",
    "period": "Q2",
    "revenue": 6943100000,
    "costOfRevenue": 5116600000,
    "grossProfit": 1826500000,
    "grossProfitRatio": 0.2630669298,
    "researchAndDevelopmentExpenses": 0,
    "generalAndAdministrativeExpenses": 0,
    "sellingAndMarketingExpenses": 0,
    "sellingGeneralAndAdministrativeExpenses": 1343200000,
    "otherExpenses": 96100000,
    "operatingExpenses": 1439300000,
    "costAndExpenses": 6555900000,
    "interestIncome": 0,
    "interestExpense": 0,
    "depreciationAndAmortization": 96100000,
    "ebitda": 483300000,
    "ebitdaratio": 0.0696086762,
    "operatingIncome": 387200000,
    "operatingIncomeRatio": 0.0557675966,
    "totalOtherIncomeExpensesNet": -6000000,
    "incomeBeforeTax": 381200000,
    "incomeBeforeTaxRatio": 0.0549034293,
    "incomeTaxExpense": 146700000,
    "netIncome": 234500000,
    "netIncomeRatio": 0.0337745388,
    "eps": 0.29,
    "epsdiluted": 0.28,
    "weightedAverageShsOut": 796000000,
    "weightedAverageShsOutDil": 830000000,
    "link": "https://www.sec.gov/Archives/edgar/data/64803/000104746904026341/0001047469-04-026341-index.htm",
    "finalLink": "https://www.sec.gov/Archives/edgar/data/64803/000104746904026341/a2139489z10-q.htm"
  },
  {
    "date": "2004-04-03",
    "symbol": "CVS",
    "reportedCurrency": "USD",
    "cik": "0000064803",
    "fillingDate": "2004-05-13",
    "acceptedDate": "2004-05-13 16:04:04",
    "calendarYear": "2004",
    "period": "Q1",
    "revenue": 6818600000,
    "costOfRevenue": 5046900000,
    "grossProfit": 1771700000,
    "grossProfitRatio": 0.2598333969,
    "researchAndDevelopmentExpenses": 0,
    "generalAndAdministrativeExpenses": 0,
    "sellingAndMarketingExpenses": 0,
    "sellingGeneralAndAdministrativeExpenses": 1272700000,
    "otherExpenses": 93400000,
    "operatingExpenses": 1366100000,
    "costAndExpenses": 6413000000,
    "interestIncome": 0,
    "interestExpense": 0,
    "depreciationAndAmortization": 93400000,
    "ebitda": 499000000,
    "ebitdaratio": 0.0731821782,
    "operatingIncome": 405600000,
    "operatingIncomeRatio": 0.0594843516,
    "totalOtherIncomeExpensesNet": -7800000,
    "incomeBeforeTax": 397800000,
    "incomeBeforeTaxRatio": 0.0583404218,
    "incomeTaxExpense": 153200000,
    "netIncome": 244600000,
    "netIncomeRatio": 0.0358724665,
    "eps": 0.31,
    "epsdiluted": 0.3,
    "weightedAverageShsOut": 792600000,
    "weightedAverageShsOutDil": 824400000,
    "link": "https://www.sec.gov/Archives/edgar/data/64803/000119312504087423/0001193125-04-087423-index.htm",
    "finalLink": "https://www.sec.gov/Archives/edgar/data/64803/000119312504087423/d10q.htm"
  },
  {
    "date": "2004-01-03",
    "symbol": "CVS",
    "reportedCurrency": "USD",
    "cik": "0000064803",
    "fillingDate": "2004-03-12",
    "acceptedDate": "2004-03-12 16:33:40",
    "calendarYear": "2003",
    "period": "Q4",
    "revenue": 7452200000,
    "costOfRevenue": 5487100000,
    "grossProfit": 1965100000,
    "grossProfitRatio": 0.2636939427,
    "researchAndDevelopmentExpenses": 0,
    "generalAndAdministrativeExpenses": 0,
    "sellingAndMarketingExpenses": 0,
    "sellingGeneralAndAdministrativeExpenses": 1438600000,
    "otherExpenses": 1169800000,
    "operatingExpenses": 2608400000,
    "costAndExpenses": 8095500000,
    "interestIncome": 0,
    "interestExpense": 0,
    "depreciationAndAmortization": 87900000,
    "ebitda": -555400000,
    "ebitdaratio": -0.0745283272,
    "operatingIncome": -643300000,
    "operatingIncomeRatio": -0.0863235018,
    "totalOtherIncomeExpensesNet": 1070900000,
    "incomeBeforeTax": 427600000,
    "incomeBeforeTaxRatio": 0.057379029,
    "incomeTaxExpense": 164200000,
    "netIncome": 263400000,
    "netIncomeRatio": 0.0353452672,
    "eps": 0.32,
    "epsdiluted": 0.32,
    "weightedAverageShsOut": 822000000,
    "weightedAverageShsOutDil": 822000000,
    "link": "https://www.sec.gov/Archives/edgar/data/64803/000119312504040575/0001193125-04-040575-index.htm",
    "finalLink": "https://www.sec.gov/Archives/edgar/data/64803/000119312504040575/d10k.htm"
  },
  {
    "date": "2003-09-27",
    "symbol": "CVS",
    "reportedCurrency": "USD",
    "cik": "0000064803",
    "fillingDate": "2003-11-10",
    "acceptedDate": "2003-11-10 16:21:49",
    "calendarYear": "2003",
    "period": "Q3",
    "revenue": 6378100000,
    "costOfRevenue": 4719500000,
    "grossProfit": 1658600000,
    "grossProfitRatio": 0.2600460952,
    "researchAndDevelopmentExpenses": 0,
    "generalAndAdministrativeExpenses": 0,
    "sellingAndMarketingExpenses": 0,
    "sellingGeneralAndAdministrativeExpenses": 1256100000,
    "otherExpenses": 85800000,
    "operatingExpenses": 1341900000,
    "costAndExpenses": 6061400000,
    "interestIncome": 0,
    "interestExpense": 0,
    "depreciationAndAmortization": 85800000,
    "ebitda": 402500000,
    "ebitdaratio": 0.0631065678,
    "operatingIncome": 316700000,
    "operatingIncomeRatio": 0.0496542858,
    "totalOtherIncomeExpensesNet": -11800000,
    "incomeBeforeTax": 304900000,
    "incomeBeforeTaxRatio": 0.047804205,
    "incomeTaxExpense": 117100000,
    "netIncome": 187800000,
    "netIncomeRatio": 0.0294445054,
    "eps": 0.24,
    "epsdiluted": 0.23,
    "weightedAverageShsOut": 789600000,
    "weightedAverageShsOutDil": 816600000,
    "link": "https://www.sec.gov/Archives/edgar/data/64803/000119312503076264/0001193125-03-076264-index.htm",
    "finalLink": "https://www.sec.gov/Archives/edgar/data/64803/000119312503076264/d10q.htm"
  },
  {
    "date": "2003-06-28",
    "symbol": "CVS",
    "reportedCurrency": "USD",
    "cik": "0000064803",
    "fillingDate": "2003-08-08",
    "acceptedDate": "2003-08-08 17:10:27",
    "calendarYear": "2003",
    "period": "Q2",
    "revenue": 6444900000,
    "costOfRevenue": 4811100000,
    "grossProfit": 1633800000,
    "grossProfitRatio": 0.2535027696,
    "researchAndDevelopmentExpenses": 0,
    "generalAndAdministrativeExpenses": 0,
    "sellingAndMarketingExpenses": 0,
    "sellingGeneralAndAdministrativeExpenses": 1211400000,
    "otherExpenses": 85400000,
    "operatingExpenses": 1296800000,
    "costAndExpenses": 6107900000,
    "interestIncome": 0,
    "interestExpense": 0,
    "depreciationAndAmortization": 85400000,
    "ebitda": 422400000,
    "ebitdaratio": 0.0655401946,
    "operatingIncome": 337000000,
    "operatingIncomeRatio": 0.0522894071,
    "totalOtherIncomeExpensesNet": -12700000,
    "incomeBeforeTax": 324300000,
    "incomeBeforeTaxRatio": 0.0503188568,
    "incomeTaxExpense": 124500000,
    "netIncome": 199800000,
    "netIncomeRatio": 0.0310012568,
    "eps": 0.25,
    "epsdiluted": 0.25,
    "weightedAverageShsOut": 788000000,
    "weightedAverageShsOutDil": 813200000,
    "link": "https://www.sec.gov/Archives/edgar/data/64803/000119312503031999/0001193125-03-031999-index.htm",
    "finalLink": "https://www.sec.gov/Archives/edgar/data/64803/000119312503031999/d10q.htm"
  },
  {
    "date": "2003-03-29",
    "symbol": "CVS",
    "reportedCurrency": "USD",
    "cik": "0000064803",
    "fillingDate": "2003-05-12",
    "acceptedDate": "2003-05-12 16:40:33",
    "calendarYear": "2003",
    "period": "Q1",
    "revenue": 6312800000,
    "costOfRevenue": 4707300000,
    "grossProfit": 1605500000,
    "grossProfitRatio": 0.254324547,
    "researchAndDevelopmentExpenses": 0,
    "generalAndAdministrativeExpenses": 0,
    "sellingAndMarketingExpenses": 0,
    "sellingGeneralAndAdministrativeExpenses": 1191600000,
    "otherExpenses": 82600000,
    "operatingExpenses": 1274200000,
    "costAndExpenses": 5981500000,
    "interestIncome": 0,
    "interestExpense": 0,
    "depreciationAndAmortization": 82600000,
    "ebitda": 413900000,
    "ebitdaratio": 0.0655652009,
    "operatingIncome": 331300000,
    "operatingIncomeRatio": 0.0524806742,
    "totalOtherIncomeExpensesNet": -12600000,
    "incomeBeforeTax": 318700000,
    "incomeBeforeTaxRatio": 0.0504847294,
    "incomeTaxExpense": 122400000,
    "netIncome": 196300000,
    "netIncomeRatio": 0.0310955519,
    "eps": 0.25,
    "epsdiluted": 0.24,
    "weightedAverageShsOut": 786800000,
    "weightedAverageShsOutDil": 811400000,
    "link": "https://www.sec.gov/Archives/edgar/data/64803/000092701603002556/0000927016-03-002556-index.htm",
    "finalLink": "https://www.sec.gov/Archives/edgar/data/64803/000092701603002556/d10q.htm"
  },
  {
    "date": "2002-12-28",
    "symbol": "CVS",
    "reportedCurrency": "USD",
    "cik": "0000064803",
    "fillingDate": "2003-03-18",
    "acceptedDate": "2003-03-18 17:30:36",
    "calendarYear": "2002",
    "period": "Q4",
    "revenue": 6344800000,
    "costOfRevenue": 4732100000,
    "grossProfit": 1612700000,
    "grossProfitRatio": 0.2541766486,
    "researchAndDevelopmentExpenses": 0,
    "generalAndAdministrativeExpenses": 0,
    "sellingAndMarketingExpenses": 0,
    "sellingGeneralAndAdministrativeExpenses": 1198400000,
    "otherExpenses": 79400000,
    "operatingExpenses": 1277800000,
    "costAndExpenses": 6009900000,
    "interestIncome": 0,
    "interestExpense": 0,
    "depreciationAndAmortization": 79400000,
    "ebitda": 414300000,
    "ebitdaratio": 0.0652975665,
    "operatingIncome": 334900000,
    "operatingIncomeRatio": 0.0527833817,
    "totalOtherIncomeExpensesNet": -12100000,
    "incomeBeforeTax": 322800000,
    "incomeBeforeTaxRatio": 0.0508763082,
    "incomeTaxExpense": 122700000,
    "netIncome": 200100000,
    "netIncomeRatio": 0.0315376371,
    "eps": 0.25,
    "epsdiluted": 0.25,
    "weightedAverageShsOut": 785800000,
    "weightedAverageShsOutDil": 811000000,
    "link": "https://www.sec.gov/Archives/edgar/data/64803/000110465903004471/0001104659-03-004471-index.htm",
    "finalLink": "https://www.sec.gov/Archives/edgar/data/64803/000110465903004471/j8483_10k.htm"
  },
  {
    "date": "2002-09-28",
    "symbol": "CVS",
    "reportedCurrency": "USD",
    "cik": "0000064803",
    "fillingDate": "2002-11-12",
    "acceptedDate": "2002-11-12 16:22:31",
    "calendarYear": "2002",
    "period": "Q3",
    "revenue": 5876400000,
    "costOfRevenue": 4395100000,
    "grossProfit": 1481300000,
    "grossProfitRatio": 0.252076101,
    "researchAndDevelopmentExpenses": 0,
    "generalAndAdministrativeExpenses": 0,
    "sellingAndMarketingExpenses": 0,
    "sellingGeneralAndAdministrativeExpenses": 1127700000,
    "otherExpenses": 77100000,
    "operatingExpenses": 1204800000,
    "costAndExpenses": 5599900000,
    "interestIncome": 0,
    "interestExpense": 0,
    "depreciationAndAmortization": 77100000,
    "ebitda": 353600000,
    "ebitdaratio": 0.060172895,
    "operatingIncome": 276500000,
    "operatingIncomeRatio": 0.0470526172,
    "totalOtherIncomeExpensesNet": -11400000,
    "incomeBeforeTax": 265100000,
    "incomeBeforeTaxRatio": 0.045112654,
    "incomeTaxExpense": 100700000,
    "netIncome": 164400000,
    "netIncomeRatio": 0.027976312,
    "eps": 0.21,
    "epsdiluted": 0.2,
    "weightedAverageShsOut": 785400000,
    "weightedAverageShsOutDil": 810800000,
    "link": "https://www.sec.gov/Archives/edgar/data/64803/000092701602005392/0000927016-02-005392-index.htm",
    "finalLink": "https://www.sec.gov/Archives/edgar/data/64803/000092701602005392/d10q.txt"
  },
  {
    "date": "2002-06-29",
    "symbol": "CVS",
    "reportedCurrency": "USD",
    "cik": "0000064803",
    "fillingDate": "2002-08-09",
    "acceptedDate": "2002-08-09 16:22:06",
    "calendarYear": "2002",
    "period": "Q2",
    "revenue": 5989500000,
    "costOfRevenue": 4508400000,
    "grossProfit": 1481100000,
    "grossProfitRatio": 0.2472827448,
    "researchAndDevelopmentExpenses": 0,
    "generalAndAdministrativeExpenses": 0,
    "sellingAndMarketingExpenses": 0,
    "sellingGeneralAndAdministrativeExpenses": 1104000000,
    "otherExpenses": 78800000,
    "operatingExpenses": 1182800000,
    "costAndExpenses": 5691200000,
    "interestIncome": 0,
    "interestExpense": 0,
    "depreciationAndAmortization": 78800000,
    "ebitda": 377100000,
    "ebitdaratio": 0.0629601803,
    "operatingIncome": 298300000,
    "operatingIncomeRatio": 0.0498038234,
    "totalOtherIncomeExpensesNet": -13800000,
    "incomeBeforeTax": 284500000,
    "incomeBeforeTaxRatio": 0.0474997913,
    "incomeTaxExpense": 108100000,
    "netIncome": 176400000,
    "netIncomeRatio": 0.0294515402,
    "eps": 0.22,
    "epsdiluted": 0.22,
    "weightedAverageShsOut": 784000000,
    "weightedAverageShsOutDil": 812200000,
    "link": "https://www.sec.gov/Archives/edgar/data/64803/000092701602003918/0000927016-02-003918-index.htm",
    "finalLink": "https://www.sec.gov/Archives/edgar/data/64803/000092701602003918/d10q.txt"
  },
  {
    "date": "2002-03-30",
    "symbol": "CVS",
    "reportedCurrency": "USD",
    "cik": "0000064803",
    "fillingDate": "2002-05-14",
    "acceptedDate": "2002-05-14 16:42:41",
    "calendarYear": "2002",
    "period": "Q1",
    "revenue": 5970700000,
    "costOfRevenue": 4477000000,
    "grossProfit": 1493700000,
    "grossProfitRatio": 0.2501716717,
    "researchAndDevelopmentExpenses": 0,
    "generalAndAdministrativeExpenses": 0,
    "sellingAndMarketingExpenses": 0,
    "sellingGeneralAndAdministrativeExpenses": 1122200000,
    "otherExpenses": 75000000,
    "operatingExpenses": 1197200000,
    "costAndExpenses": 5674200000,
    "interestIncome": 0,
    "interestExpense": 0,
    "depreciationAndAmortization": 75000000,
    "ebitda": 371500000,
    "ebitdaratio": 0.0622205102,
    "operatingIncome": 296500000,
    "operatingIncomeRatio": 0.0496591689,
    "totalOtherIncomeExpensesNet": -13100000,
    "incomeBeforeTax": 283400000,
    "incomeBeforeTaxRatio": 0.0474651213,
    "incomeTaxExpense": 107700000,
    "netIncome": 175700000,
    "netIncomeRatio": 0.0294270354,
    "eps": 0.22,
    "epsdiluted": 0.22,
    "weightedAverageShsOut": 783200000,
    "weightedAverageShsOutDil": 809400000,
    "link": "https://www.sec.gov/Archives/edgar/data/64803/000092701602002843/0000927016-02-002843-index.htm",
    "finalLink": "https://www.sec.gov/Archives/edgar/data/64803/000092701602002843/d10q.txt"
  },
  {
    "date": "2001-12-29",
    "symbol": "CVS",
    "reportedCurrency": "USD",
    "cik": "0000064803",
    "fillingDate": "2002-03-21",
    "acceptedDate": "2002-03-21 00:00:00",
    "calendarYear": "2001",
    "period": "Q4",
    "revenue": 5950500000,
    "costOfRevenue": 4543200000,
    "grossProfit": 1407300000,
    "grossProfitRatio": 0.2365011344,
    "researchAndDevelopmentExpenses": 0,
    "generalAndAdministrativeExpenses": 0,
    "sellingAndMarketingExpenses": 0,
    "sellingGeneralAndAdministrativeExpenses": 1146500000,
    "otherExpenses": 433800000,
    "operatingExpenses": 1580300000,
    "costAndExpenses": 6123500000,
    "interestIncome": 0,
    "interestExpense": 0,
    "depreciationAndAmortization": 81300000,
    "ebitda": 260800000,
    "ebitdaratio": 0.0438282497,
    "operatingIncome": -173000000,
    "operatingIncomeRatio": -0.0290731871,
    "totalOtherIncomeExpensesNet": -14100000,
    "incomeBeforeTax": -187100000,
    "incomeBeforeTaxRatio": -0.0314427359,
    "incomeTaxExpense": -56800000,
    "netIncome": -130300000,
    "netIncomeRatio": -0.0218973196,
    "eps": -0.17,
    "epsdiluted": -0.17,
    "weightedAverageShsOut": 769890196,
    "weightedAverageShsOutDil": 782000000,
    "link": "https://www.sec.gov/Archives/edgar/data/64803/000110465902000809/0001104659-02-000809-index.htm",
    "finalLink": "https://www.sec.gov/Archives/edgar/data/64803/000110465902000809/j2961_10k405.htm"
  },
  {
    "date": "2001-09-29",
    "symbol": "CVS",
    "reportedCurrency": "USD",
    "cik": "0000064803",
    "fillingDate": "2001-11-09",
    "acceptedDate": "2001-11-09 00:00:00",
    "calendarYear": "2001",
    "period": "Q3",
    "revenue": 5410800000,
    "costOfRevenue": 4039000000,
    "grossProfit": 1371800000,
    "grossProfitRatio": 0.2535299771,
    "researchAndDevelopmentExpenses": 0,
    "generalAndAdministrativeExpenses": 0,
    "sellingAndMarketingExpenses": 0,
    "sellingGeneralAndAdministrativeExpenses": 1070900000,
    "otherExpenses": 80700000,
    "operatingExpenses": 1151600000,
    "costAndExpenses": 5190600000,
    "interestIncome": 0,
    "interestExpense": 0,
    "depreciationAndAmortization": 80700000,
    "ebitda": 300900000,
    "ebitdaratio": 0.0556110002,
    "operatingIncome": 220200000,
    "operatingIncomeRatio": 0.040696385,
    "totalOtherIncomeExpensesNet": -16100000,
    "incomeBeforeTax": 204100000,
    "incomeBeforeTaxRatio": 0.0377208546,
    "incomeTaxExpense": 80400000,
    "netIncome": 123700000,
    "netIncomeRatio": 0.022861684,
    "eps": 0.16,
    "epsdiluted": 0.15,
    "weightedAverageShsOut": 783000000,
    "weightedAverageShsOutDil": 812000000,
    "link": "https://www.sec.gov/Archives/edgar/data/64803/000092701601503598/0000927016-01-503598-index.htm",
    "finalLink": "https://www.sec.gov/Archives/edgar/data/64803/000092701601503598/d10q.txt"
  },
  {
    "date": "2001-06-30",
    "symbol": "CVS",
    "reportedCurrency": "USD",
    "cik": "0000064803",
    "fillingDate": "2001-08-14",
    "acceptedDate": "2001-08-14 00:00:00",
    "calendarYear": "2001",
    "period": "Q2",
    "revenue": 5494200000,
    "costOfRevenue": 4035800000,
    "grossProfit": 1458400000,
    "grossProfitRatio": 0.2654435587,
    "researchAndDevelopmentExpenses": 0,
    "generalAndAdministrativeExpenses": 0,
    "sellingAndMarketingExpenses": 0,
    "sellingGeneralAndAdministrativeExpenses": 1036200000,
    "otherExpenses": 80200000,
    "operatingExpenses": 1116400000,
    "costAndExpenses": 5152200000,
    "interestIncome": 0,
    "interestExpense": 0,
    "depreciationAndAmortization": 80200000,
    "ebitda": 422200000,
    "ebitdaratio": 0.0768446726,
    "operatingIncome": 342000000,
    "operatingIncomeRatio": 0.062247461,
    "totalOtherIncomeExpensesNet": -15100000,
    "incomeBeforeTax": 326900000,
    "incomeBeforeTaxRatio": 0.0594991082,
    "incomeTaxExpense": 128900000,
    "netIncome": 198000000,
    "netIncomeRatio": 0.0360380037,
    "eps": 0.25,
    "epsdiluted": 0.24,
    "weightedAverageShsOut": 787000000,
    "weightedAverageShsOutDil": 822200000,
    "link": "https://www.sec.gov/Archives/edgar/data/64803/000110465901501965/0001104659-01-501965-index.htm",
    "finalLink": "https://www.sec.gov/Archives/edgar/data/64803/000110465901501965/j0972_10q.htm"
  },
  {
    "date": "2001-03-31",
    "symbol": "CVS",
    "reportedCurrency": "USD",
    "cik": "0000064803",
    "fillingDate": "2001-05-11",
    "acceptedDate": "2001-05-11 00:00:00",
    "calendarYear": "2001",
    "period": "Q1",
    "revenue": 5385900000,
    "costOfRevenue": 3932500000,
    "grossProfit": 1453400000,
    "grossProfitRatio": 0.2698527637,
    "researchAndDevelopmentExpenses": 0,
    "generalAndAdministrativeExpenses": 0,
    "sellingAndMarketingExpenses": 0,
    "sellingGeneralAndAdministrativeExpenses": 993400000,
    "otherExpenses": 78600000,
    "operatingExpenses": 1072000000,
    "costAndExpenses": 5004500000,
    "interestIncome": 0,
    "interestExpense": 0,
    "depreciationAndAmortization": 78600000,
    "ebitda": 460000000,
    "ebitdaratio": 0.0854081955,
    "operatingIncome": 381400000,
    "operatingIncomeRatio": 0.0708145342,
    "totalOtherIncomeExpensesNet": -15700000,
    "incomeBeforeTax": 365700000,
    "incomeBeforeTaxRatio": 0.0678995154,
    "incomeTaxExpense": 144000000,
    "netIncome": 221700000,
    "netIncomeRatio": 0.0411630368,
    "eps": 0.28,
    "epsdiluted": 0.27,
    "weightedAverageShsOut": 785600000,
    "weightedAverageShsOutDil": 822600000,
    "link": "https://www.sec.gov/Archives/edgar/data/64803/000091205701514681/0000912057-01-514681-index.htm",
    "finalLink": "https://www.sec.gov/Archives/edgar/data/64803/000091205701514681/a2048629z10-q.txt"
  },
  {
    "date": "2000-12-30",
    "symbol": "CVS",
    "reportedCurrency": "USD",
    "cik": "0000064803",
    "fillingDate": "2001-03-19",
    "acceptedDate": "2001-03-19 00:00:00",
    "calendarYear": "2000",
    "period": "Q4",
    "revenue": 5488800000,
    "costOfRevenue": 4060300000,
    "grossProfit": 1428500000,
    "grossProfitRatio": 0.2602572511,
    "researchAndDevelopmentExpenses": 0,
    "generalAndAdministrativeExpenses": 0,
    "sellingAndMarketingExpenses": 0,
    "sellingGeneralAndAdministrativeExpenses": 982900000,
    "otherExpenses": 76400000,
    "operatingExpenses": 1059300000,
    "costAndExpenses": 5119600000,
    "interestIncome": 0,
    "interestExpense": 0,
    "depreciationAndAmortization": 76400000,
    "ebitda": 445600000,
    "ebitdaratio": 0.0811835009,
    "operatingIncome": 369200000,
    "operatingIncomeRatio": 0.0672642472,
    "totalOtherIncomeExpensesNet": -20100000,
    "incomeBeforeTax": 349100000,
    "incomeBeforeTaxRatio": 0.0636022446,
    "incomeTaxExpense": 139600000,
    "netIncome": 209500000,
    "netIncomeRatio": 0.0381686343,
    "eps": 0.26,
    "epsdiluted": 0.26,
    "weightedAverageShsOut": 784183957,
    "weightedAverageShsOutDil": 820000000,
    "link": "https://www.sec.gov/Archives/edgar/data/64803/000091205701007764/0000912057-01-007764-index.htm",
    "finalLink": "https://www.sec.gov/Archives/edgar/data/64803/000091205701007764/a2041427z10-k.txt"
  },
  {
    "date": "2000-09-30",
    "symbol": "CVS",
    "reportedCurrency": "USD",
    "cik": "0000064803",
    "fillingDate": "2000-11-14",
    "acceptedDate": "2000-11-14 00:00:00",
    "calendarYear": "2000",
    "period": "Q3",
    "revenue": 4916400000,
    "costOfRevenue": 3619000000,
    "grossProfit": 1297400000,
    "grossProfitRatio": 0.2638922789,
    "researchAndDevelopmentExpenses": 0,
    "generalAndAdministrativeExpenses": 0,
    "sellingAndMarketingExpenses": 0,
    "sellingGeneralAndAdministrativeExpenses": 937700000,
    "otherExpenses": 75000000,
    "operatingExpenses": 1012700000,
    "costAndExpenses": 4631700000,
    "interestIncome": 0,
    "interestExpense": 0,
    "depreciationAndAmortization": 75000000,
    "ebitda": 359700000,
    "ebitdaratio": 0.0731632902,
    "operatingIncome": 284700000,
    "operatingIncomeRatio": 0.0579082255,
    "totalOtherIncomeExpensesNet": -20100000,
    "incomeBeforeTax": 264600000,
    "incomeBeforeTaxRatio": 0.0538198682,
    "incomeTaxExpense": 105900000,
    "netIncome": 158700000,
    "netIncomeRatio": 0.0322797169,
    "eps": 0.2,
    "epsdiluted": 0.2,
    "weightedAverageShsOut": 782000000,
    "weightedAverageShsOutDil": 815000000,
    "link": "https://www.sec.gov/Archives/edgar/data/64803/000091205700049898/0000912057-00-049898-index.htm",
    "finalLink": "https://www.sec.gov/Archives/edgar/data/64803/000091205700049898/a2030349z10-q.txt"
  },
  {
    "date": "2000-07-01",
    "symbol": "CVS",
    "reportedCurrency": "USD",
    "cik": "0000064803",
    "fillingDate": "2000-08-15",
    "acceptedDate": "2000-08-15 00:00:00",
    "calendarYear": "2000",
    "period": "Q2",
    "revenue": 4942800000,
    "costOfRevenue": 3607000000,
    "grossProfit": 1335800000,
    "grossProfitRatio": 0.2702516792,
    "researchAndDevelopmentExpenses": 0,
    "generalAndAdministrativeExpenses": 0,
    "sellingAndMarketingExpenses": 0,
    "sellingGeneralAndAdministrativeExpenses": 928500000,
    "otherExpenses": 73400000,
    "operatingExpenses": 1001900000,
    "costAndExpenses": 4608900000,
    "interestIncome": 0,
    "interestExpense": 0,
    "depreciationAndAmortization": 73400000,
    "ebitda": 407300000,
    "ebitdaratio": 0.0824026867,
    "operatingIncome": 333900000,
    "operatingIncomeRatio": 0.0675528041,
    "totalOtherIncomeExpensesNet": -23000000,
    "incomeBeforeTax": 310900000,
    "incomeBeforeTaxRatio": 0.0628995711,
    "incomeTaxExpense": 124400000,
    "netIncome": 186500000,
    "netIncomeRatio": 0.0377316501,
    "eps": 0.24,
    "epsdiluted": 0.23,
    "weightedAverageShsOut": 780600000,
    "weightedAverageShsOutDil": 816000000,
    "link": "https://www.sec.gov/Archives/edgar/data/64803/000091205700037780/0000912057-00-037780-index.htm",
    "finalLink": "https://www.sec.gov/Archives/edgar/data/64803/000091205700037780/a10-q.txt"
  },
  {
    "date": "2000-04-01",
    "symbol": "CVS",
    "reportedCurrency": "USD",
    "cik": "0000064803",
    "fillingDate": "2000-05-15",
    "acceptedDate": "2000-05-15 00:00:00",
    "calendarYear": "2000",
    "period": "Q1",
    "revenue": 4739500000,
    "costOfRevenue": 3439500000,
    "grossProfit": 1300000000,
    "grossProfitRatio": 0.274290537,
    "researchAndDevelopmentExpenses": 0,
    "generalAndAdministrativeExpenses": 0,
    "sellingAndMarketingExpenses": 0,
    "sellingGeneralAndAdministrativeExpenses": 893300000,
    "otherExpenses": 71800000,
    "operatingExpenses": 965100000,
    "costAndExpenses": 4404600000,
    "interestIncome": 0,
    "interestExpense": 0,
    "depreciationAndAmortization": 71800000,
    "ebitda": 406700000,
    "ebitdaratio": 0.0858107395,
    "operatingIncome": 334900000,
    "operatingIncomeRatio": 0.0706614622,
    "totalOtherIncomeExpensesNet": -16100000,
    "incomeBeforeTax": 318800000,
    "incomeBeforeTaxRatio": 0.0672644794,
    "incomeTaxExpense": 127500000,
    "netIncome": 191300000,
    "netIncomeRatio": 0.0403629075,
    "eps": 0.24,
    "epsdiluted": 0.24,
    "weightedAverageShsOut": 782200000,
    "weightedAverageShsOutDil": 814200000,
    "link": "https://www.sec.gov/Archives/edgar/data/64803/000091205700024874/0000912057-00-024874-index.htm",
    "finalLink": "https://www.sec.gov/Archives/edgar/data/64803/000091205700024874/0000912057-00-024874.txt"
  },
  {
    "date": "2000-01-01",
    "symbol": "CVS",
    "reportedCurrency": "USD",
    "cik": "0000064803",
    "fillingDate": "2000-03-31",
    "acceptedDate": "2000-03-31 00:00:00",
    "calendarYear": "1999",
    "period": "Q4",
    "revenue": 5183600000,
    "costOfRevenue": 3823200000,
    "grossProfit": 1360400000,
    "grossProfitRatio": 0.2624430897,
    "researchAndDevelopmentExpenses": 0,
    "generalAndAdministrativeExpenses": 0,
    "sellingAndMarketingExpenses": 0,
    "sellingGeneralAndAdministrativeExpenses": 956900000,
    "otherExpenses": 71100000,
    "operatingExpenses": 1028000000,
    "costAndExpenses": 4851200000,
    "interestIncome": 0,
    "interestExpense": 0,
    "depreciationAndAmortization": 71100000,
    "ebitda": 403500000,
    "ebitdaratio": 0.0778416544,
    "operatingIncome": 332400000,
    "operatingIncomeRatio": 0.0641253183,
    "totalOtherIncomeExpensesNet": -16600000,
    "incomeBeforeTax": 315800000,
    "incomeBeforeTaxRatio": 0.0609229107,
    "incomeTaxExpense": 129500000,
    "netIncome": 186300000,
    "netIncomeRatio": 0.0359402732,
    "eps": 0.23,
    "epsdiluted": 0.23,
    "weightedAverageShsOut": 783800000,
    "weightedAverageShsOutDil": 817000000,
    "link": "https://www.sec.gov/Archives/edgar/data/64803/000095013500001935/0000950135-00-001935-index.htm",
    "finalLink": "https://www.sec.gov/Archives/edgar/data/64803/000095013500001935/0000950135-00-001935.txt"
  },
  {
    "date": "1999-09-25",
    "symbol": "CVS",
    "reportedCurrency": "USD",
    "cik": "0000064803",
    "fillingDate": "1999-11-05",
    "acceptedDate": "1999-11-05 00:00:00",
    "calendarYear": "1999",
    "period": "Q3",
    "revenue": 4311800000,
    "costOfRevenue": 3170700000,
    "grossProfit": 1141100000,
    "grossProfitRatio": 0.2646458556,
    "researchAndDevelopmentExpenses": 0,
    "generalAndAdministrativeExpenses": 0,
    "sellingAndMarketingExpenses": 0,
    "sellingGeneralAndAdministrativeExpenses": 851300000,
    "otherExpenses": 70100000,
    "operatingExpenses": 921400000,
    "costAndExpenses": 4092100000,
    "interestIncome": 0,
    "interestExpense": 0,
    "depreciationAndAmortization": 70100000,
    "ebitda": 289800000,
    "ebitdaratio": 0.0672109096,
    "operatingIncome": 219700000,
    "operatingIncomeRatio": 0.0509531982,
    "totalOtherIncomeExpensesNet": -13700000,
    "incomeBeforeTax": 206000000,
    "incomeBeforeTaxRatio": 0.0477758709,
    "incomeTaxExpense": 84400000,
    "netIncome": 121600000,
    "netIncomeRatio": 0.0282016791,
    "eps": 0.15,
    "epsdiluted": 0.15,
    "weightedAverageShsOut": 783600000,
    "weightedAverageShsOutDil": 796200000,
    "link": "https://www.sec.gov/Archives/edgar/data/64803/000091205799003645/0000912057-99-003645-index.htm",
    "finalLink": "https://www.sec.gov/Archives/edgar/data/64803/000091205799003645/0000912057-99-003645.txt"
  },
  {
    "date": "1999-06-26",
    "symbol": "CVS",
    "reportedCurrency": "USD",
    "cik": "0000064803",
    "fillingDate": "1999-08-10",
    "acceptedDate": "1999-08-10 00:00:00",
    "calendarYear": "1999",
    "period": "Q2",
    "revenue": 4362400000,
    "costOfRevenue": 3172000000,
    "grossProfit": 1190400000,
    "grossProfitRatio": 0.2728773152,
    "researchAndDevelopmentExpenses": 0,
    "generalAndAdministrativeExpenses": 0,
    "sellingAndMarketingExpenses": 0,
    "sellingGeneralAndAdministrativeExpenses": 831500000,
    "otherExpenses": 68700000,
    "operatingExpenses": 900200000,
    "costAndExpenses": 4072200000,
    "interestIncome": 0,
    "interestExpense": 0,
    "depreciationAndAmortization": 68700000,
    "ebitda": 358900000,
    "ebitdaratio": 0.0822712268,
    "operatingIncome": 290200000,
    "operatingIncomeRatio": 0.0665230149,
    "totalOtherIncomeExpensesNet": -14500000,
    "incomeBeforeTax": 275700000,
    "incomeBeforeTaxRatio": 0.0631991564,
    "incomeTaxExpense": 113100000,
    "netIncome": 162600000,
    "netIncomeRatio": 0.0372730607,
    "eps": 0.21,
    "epsdiluted": 0.2,
    "weightedAverageShsOut": 782200000,
    "weightedAverageShsOutDil": 817400000,
    "link": "https://www.sec.gov/Archives/edgar/data/64803/000104746999030657/0001047469-99-030657-index.htm",
    "finalLink": "https://www.sec.gov/Archives/edgar/data/64803/000104746999030657/0001047469-99-030657.txt"
  },
  {
    "date": "1999-03-27",
    "symbol": "CVS",
    "reportedCurrency": "USD",
    "cik": "0000064803",
    "fillingDate": "1999-05-11",
    "acceptedDate": "1999-05-11 00:00:00",
    "calendarYear": "1999",
    "period": "Q1",
    "revenue": 4240500000,
    "costOfRevenue": 3071100000,
    "grossProfit": 1169400000,
    "grossProfitRatio": 0.2757693668,
    "researchAndDevelopmentExpenses": 0,
    "generalAndAdministrativeExpenses": 0,
    "sellingAndMarketingExpenses": 0,
    "sellingGeneralAndAdministrativeExpenses": 808200000,
    "otherExpenses": 68000000,
    "operatingExpenses": 876200000,
    "costAndExpenses": 3947300000,
    "interestIncome": 0,
    "interestExpense": 0,
    "depreciationAndAmortization": 68000000,
    "ebitda": 361200000,
    "ebitdaratio": 0.0851786346,
    "operatingIncome": 293200000,
    "operatingIncomeRatio": 0.0691427898,
    "totalOtherIncomeExpensesNet": -14300000,
    "incomeBeforeTax": 278900000,
    "incomeBeforeTaxRatio": 0.0657705459,
    "incomeTaxExpense": 114300000,
    "netIncome": 164600000,
    "netIncomeRatio": 0.0388161773,
    "eps": 0.21,
    "epsdiluted": 0.2,
    "weightedAverageShsOut": 781000000,
    "weightedAverageShsOutDil": 816400000,
    "link": "https://www.sec.gov/Archives/edgar/data/64803/000102986999000541/0001029869-99-000541-index.htm",
    "finalLink": "https://www.sec.gov/Archives/edgar/data/64803/0001029869-99-000541.txt"
  },
  {
    "date": "1998-12-31",
    "symbol": "CVS",
    "reportedCurrency": "USD",
    "cik": "0000064803",
    "fillingDate": "1999-03-31",
    "acceptedDate": "1999-03-31 00:00:00",
    "calendarYear": "1998",
    "period": "Q4",
    "revenue": 4191100000,
    "costOfRevenue": 3084600000,
    "grossProfit": 1106500000,
    "grossProfitRatio": 0.2640118346,
    "researchAndDevelopmentExpenses": 0,
    "generalAndAdministrativeExpenses": 0,
    "sellingAndMarketingExpenses": 0,
    "sellingGeneralAndAdministrativeExpenses": 775500000,
    "otherExpenses": 63900000,
    "operatingExpenses": 839400000,
    "costAndExpenses": 3924000000,
    "interestIncome": 0,
    "interestExpense": 0,
    "depreciationAndAmortization": 63900000,
    "ebitda": 331000000,
    "ebitdaratio": 0.0789768796,
    "operatingIncome": 267100000,
    "operatingIncomeRatio": 0.0637302856,
    "totalOtherIncomeExpensesNet": -15700000,
    "incomeBeforeTax": 251400000,
    "incomeBeforeTaxRatio": 0.0599842523,
    "incomeTaxExpense": 105600000,
    "netIncome": 145800000,
    "netIncomeRatio": 0.0347880031,
    "eps": 0.18,
    "epsdiluted": 0.18,
    "weightedAverageShsOut": 815000000,
    "weightedAverageShsOutDil": 815000000,
    "link": "https://www.sec.gov/Archives/edgar/data/64803/000102986999000377/0001029869-99-000377-index.htm",
    "finalLink": "https://www.sec.gov/Archives/edgar/data/64803/0001029869-99-000377.txt"
  },
  {
    "date": "1998-09-26",
    "symbol": "CVS",
    "reportedCurrency": "USD",
    "cik": "0000064803",
    "fillingDate": "1998-11-06",
    "acceptedDate": "1998-11-06 00:00:00",
    "calendarYear": "1998",
    "period": "Q3",
    "revenue": 3725100000,
    "costOfRevenue": 2729800000,
    "grossProfit": 995300000,
    "grossProfitRatio": 0.2671874581,
    "researchAndDevelopmentExpenses": 0,
    "generalAndAdministrativeExpenses": 0,
    "sellingAndMarketingExpenses": 0,
    "sellingGeneralAndAdministrativeExpenses": 742900000,
    "otherExpenses": 60700000,
    "operatingExpenses": 803600000,
    "costAndExpenses": 3533400000,
    "interestIncome": 0,
    "interestExpense": 0,
    "depreciationAndAmortization": 60800000,
    "ebitda": 252500000,
    "ebitdaratio": 0.0677834152,
    "operatingIncome": 191700000,
    "operatingIncomeRatio": 0.0514617057,
    "totalOtherIncomeExpensesNet": -15100000,
    "incomeBeforeTax": 176600000,
    "incomeBeforeTaxRatio": 0.0474081233,
    "incomeTaxExpense": 74200000,
    "netIncome": 102400000,
    "netIncomeRatio": 0.0274891949,
    "eps": 0.13,
    "epsdiluted": 0.13,
    "weightedAverageShsOut": 792000000,
    "weightedAverageShsOutDil": 792000000,
    "link": "https://www.sec.gov/Archives/edgar/data/64803/000102986998001249/0001029869-98-001249-index.htm",
    "finalLink": "https://www.sec.gov/Archives/edgar/data/64803/0001029869-98-001249.txt"
  },
  {
    "date": "1998-06-27",
    "symbol": "CVS",
    "reportedCurrency": "USD",
    "cik": "0000064803",
    "fillingDate": "1998-08-11",
    "acceptedDate": "1998-08-11 00:00:00",
    "calendarYear": "1998",
    "period": "Q2",
    "revenue": 3755900000,
    "costOfRevenue": 2735400000,
    "grossProfit": 1020500000,
    "grossProfitRatio": 0.2717058495,
    "researchAndDevelopmentExpenses": 0,
    "generalAndAdministrativeExpenses": 0,
    "sellingAndMarketingExpenses": 0,
    "sellingGeneralAndAdministrativeExpenses": 726400000,
    "otherExpenses": 61200000,
    "operatingExpenses": 787600000,
    "costAndExpenses": 3523000000,
    "interestIncome": 0,
    "interestExpense": 0,
    "depreciationAndAmortization": 61200000,
    "ebitda": 294100000,
    "ebitdaratio": 0.0783034692,
    "operatingIncome": 232900000,
    "operatingIncomeRatio": 0.0620091057,
    "totalOtherIncomeExpensesNet": -177200000,
    "incomeBeforeTax": 55700000,
    "incomeBeforeTaxRatio": 0.0148300008,
    "incomeTaxExpense": 39500000,
    "netIncome": 16200000,
    "netIncomeRatio": 0.0043132139,
    "eps": 0.015,
    "epsdiluted": 0.015,
    "weightedAverageShsOut": 853333333,
    "weightedAverageShsOutDil": 853333333,
    "link": "https://www.sec.gov/Archives/edgar/data/64803/000102986998001007/0001029869-98-001007-index.htm",
    "finalLink": "https://www.sec.gov/Archives/edgar/data/64803/0001029869-98-001007.txt"
  },
  {
    "date": "1998-03-28",
    "symbol": "CVS",
    "reportedCurrency": "USD",
    "cik": "0000064803",
    "fillingDate": "1998-05-12",
    "acceptedDate": "1998-05-12 00:00:00",
    "calendarYear": "1998",
    "period": "Q1",
    "revenue": 3601500000,
    "costOfRevenue": 2594600000,
    "grossProfit": 1006900000,
    "grossProfitRatio": 0.2795779536,
    "researchAndDevelopmentExpenses": 0,
    "generalAndAdministrativeExpenses": 0,
    "sellingAndMarketingExpenses": 0,
    "sellingGeneralAndAdministrativeExpenses": 704300000,
    "otherExpenses": 63800000,
    "operatingExpenses": 768100000,
    "costAndExpenses": 3362700000,
    "interestIncome": 0,
    "interestExpense": 0,
    "depreciationAndAmortization": 63800000,
    "ebitda": 302600000,
    "ebitdaratio": 0.084020547,
    "operatingIncome": 238800000,
    "operatingIncomeRatio": 0.066305706,
    "totalOtherIncomeExpensesNet": -11100000,
    "incomeBeforeTax": 227700000,
    "incomeBeforeTaxRatio": 0.0632236568,
    "incomeTaxExpense": 95700000,
    "netIncome": 132000000,
    "netIncomeRatio": 0.0366513953,
    "eps": 0.17,
    "epsdiluted": 0.17,
    "weightedAverageShsOut": 756470588,
    "weightedAverageShsOutDil": 779393939,
    "link": "https://www.sec.gov/Archives/edgar/data/64803/000104746998019509/0001047469-98-019509-index.htm",
    "finalLink": "https://www.sec.gov/Archives/edgar/data/64803/0001047469-98-019509.txt"
  },
  {
    "date": "1997-12-31",
    "symbol": "CVS",
    "reportedCurrency": "USD",
    "cik": "0000064803",
    "fillingDate": "1998-03-31",
    "acceptedDate": "1998-03-31 00:00:00",
    "calendarYear": "1997",
    "period": "Q4",
    "revenue": 3336400000,
    "costOfRevenue": 2438300000,
    "grossProfit": 898100000,
    "grossProfitRatio": 0.2691823522,
    "researchAndDevelopmentExpenses": 0,
    "generalAndAdministrativeExpenses": 0,
    "sellingAndMarketingExpenses": 0,
    "sellingGeneralAndAdministrativeExpenses": 636500000,
    "otherExpenses": 58500000,
    "operatingExpenses": 695000000,
    "costAndExpenses": 3133300000,
    "interestIncome": 0,
    "interestExpense": 0,
    "depreciationAndAmortization": 58500000,
    "ebitda": 261600000,
    "ebitdaratio": 0.0784078648,
    "operatingIncome": 203100000,
    "operatingIncomeRatio": 0.0608739959,
    "totalOtherIncomeExpensesNet": -6000000,
    "incomeBeforeTax": 197100000,
    "incomeBeforeTaxRatio": 0.0590756504,
    "incomeTaxExpense": 86300000,
    "netIncome": 110800000,
    "netIncomeRatio": 0.0332094473,
    "eps": 0.14,
    "epsdiluted": 0.14,
    "weightedAverageShsOut": 802000000,
    "weightedAverageShsOutDil": 802000000,
    "link": "https://www.sec.gov/Archives/edgar/data/64803/000104746998012979/0001047469-98-012979-index.htm",
    "finalLink": "https://www.sec.gov/Archives/edgar/data/64803/000104746998012979/"
  },
  {
    "date": "1997-09-27",
    "symbol": "CVS",
    "reportedCurrency": "USD",
    "cik": "0000064803",
    "fillingDate": "1997-11-06",
    "acceptedDate": "1997-11-06 00:00:00",
    "calendarYear": "1997",
    "period": "Q3",
    "revenue": 3328700000,
    "costOfRevenue": 2423100000,
    "grossProfit": 905600000,
    "grossProfitRatio": 0.2720581608,
    "researchAndDevelopmentExpenses": 0,
    "generalAndAdministrativeExpenses": 0,
    "sellingAndMarketingExpenses": 0,
    "sellingGeneralAndAdministrativeExpenses": 688600000,
    "otherExpenses": 63500000,
    "operatingExpenses": 752100000,
    "costAndExpenses": 3175200000,
    "interestIncome": 0,
    "interestExpense": 0,
    "depreciationAndAmortization": 71600000,
    "ebitda": 225100000,
    "ebitdaratio": 0.0676239974,
    "operatingIncome": 153500000,
    "operatingIncomeRatio": 0.0461140986,
    "totalOtherIncomeExpensesNet": -9200000,
    "incomeBeforeTax": 144300000,
    "incomeBeforeTaxRatio": 0.0433502569,
    "incomeTaxExpense": 62100000,
    "netIncome": 82200000,
    "netIncomeRatio": 0.0246943251,
    "eps": 0.11,
    "epsdiluted": 0.11,
    "weightedAverageShsOut": 750476190,
    "weightedAverageShsOutDil": 750476190,
    "link": "https://www.sec.gov/Archives/edgar/data/64803/000095013597004337/0000950135-97-004337-index.htm",
    "finalLink": "https://www.sec.gov/Archives/edgar/data/64803/0000950135-97-004337.txt"
  },
  {
    "date": "1997-06-28",
    "symbol": "CVS",
    "reportedCurrency": "USD",
    "cik": "0000064803",
    "fillingDate": "1997-08-08",
    "acceptedDate": "1997-08-08 00:00:00",
    "calendarYear": "1997",
    "period": "Q2",
    "revenue": 3160600000,
    "costOfRevenue": 2354200000,
    "grossProfit": 806400000,
    "grossProfitRatio": 0.2551414288,
    "researchAndDevelopmentExpenses": 0,
    "generalAndAdministrativeExpenses": 0,
    "sellingAndMarketingExpenses": 0,
    "sellingGeneralAndAdministrativeExpenses": 645900000,
    "otherExpenses": 54800000,
    "operatingExpenses": 700700000,
    "costAndExpenses": 3054900000,
    "interestIncome": 0,
    "interestExpense": 0,
    "depreciationAndAmortization": 54800000,
    "ebitda": 160500000,
    "ebitdaratio": 0.0507814972,
    "operatingIncome": 105700000,
    "operatingIncomeRatio": 0.0334430171,
    "totalOtherIncomeExpensesNet": -428200000,
    "incomeBeforeTax": -322500000,
    "incomeBeforeTaxRatio": -0.1020375878,
    "incomeTaxExpense": -91700000,
    "netIncome": -230500000,
    "netIncomeRatio": -0.0729291907,
    "eps": -0.34,
    "epsdiluted": -0.34,
    "weightedAverageShsOut": 668285714,
    "weightedAverageShsOutDil": 668285714,
    "link": "https://www.sec.gov/Archives/edgar/data/64803/000095013597003302/0000950135-97-003302-index.htm",
    "finalLink": "https://www.sec.gov/Archives/edgar/data/64803/0000950135-97-003302.txt"
  },
  {
    "date": "1997-03-29",
    "symbol": "CVS",
    "reportedCurrency": "USD",
    "cik": "0000064803",
    "fillingDate": "1997-05-12",
    "acceptedDate": "1997-05-12 00:00:00",
    "calendarYear": "1997",
    "period": "Q1",
    "revenue": 3160800000,
    "costOfRevenue": 2260700000,
    "grossProfit": 900100000,
    "grossProfitRatio": 0.2847696786,
    "researchAndDevelopmentExpenses": 0,
    "generalAndAdministrativeExpenses": 0,
    "sellingAndMarketingExpenses": 0,
    "sellingGeneralAndAdministrativeExpenses": 654500000,
    "otherExpenses": 53500000,
    "operatingExpenses": 708000000,
    "costAndExpenses": 2968700000,
    "interestIncome": 0,
    "interestExpense": 0,
    "depreciationAndAmortization": 53500000,
    "ebitda": 245600000,
    "ebitdaratio": 0.0777018476,
    "operatingIncome": 192100000,
    "operatingIncomeRatio": 0.060775753,
    "totalOtherIncomeExpensesNet": -43900000,
    "incomeBeforeTax": 148200000,
    "incomeBeforeTaxRatio": 0.0468868641,
    "incomeTaxExpense": 65600000,
    "netIncome": 82700000,
    "netIncomeRatio": 0.0261642622,
    "eps": 0.12,
    "epsdiluted": 0.12,
    "weightedAverageShsOut": 429200000,
    "weightedAverageShsOutDil": 429200000,
    "link": "https://www.sec.gov/Archives/edgar/data/64803/000095013597002293/0000950135-97-002293-index.htm",
    "finalLink": "https://www.sec.gov/Archives/edgar/data/64803/0000950135-97-002293.txt"
  },
  {
    "date": "1996-12-31",
    "symbol": "CVS",
    "reportedCurrency": "USD",
    "cik": "0000064803",
    "fillingDate": "1997-03-31",
    "acceptedDate": "1997-03-31 00:00:00",
    "calendarYear": "1996",
    "period": "Q4",
    "revenue": 1549900000,
    "costOfRevenue": 1067100000,
    "grossProfit": 482800000,
    "grossProfitRatio": 0.311503968,
    "researchAndDevelopmentExpenses": 0,
    "generalAndAdministrativeExpenses": 0,
    "sellingAndMarketingExpenses": 0,
    "sellingGeneralAndAdministrativeExpenses": 319100000,
    "otherExpenses": 74500000,
    "operatingExpenses": 393600000,
    "costAndExpenses": 1460700000,
    "interestIncome": 0,
    "interestExpense": 0,
    "depreciationAndAmortization": 74500000,
    "ebitda": 163700000,
    "ebitdaratio": 0.1056197174,
    "operatingIncome": 89200000,
    "operatingIncomeRatio": 0.0575521001,
    "totalOtherIncomeExpensesNet": 18000000,
    "incomeBeforeTax": 107200000,
    "incomeBeforeTaxRatio": 0.0691657526,
    "incomeTaxExpense": 43900000,
    "netIncome": 60100000,
    "netIncomeRatio": 0.0387766953,
    "eps": 0.0811,
    "epsdiluted": 0.0811,
    "weightedAverageShsOut": 741000000,
    "weightedAverageShsOutDil": 741000000,
    "link": "https://www.sec.gov/Archives/edgar/data/64803/000095013597001475/0000950135-97-001475-index.html",
    "finalLink": "https://www.sec.gov/Archives/edgar/data/64803/"
  },
  {
    "date": "1996-09-28",
    "symbol": "CVS",
    "reportedCurrency": "USD",
    "cik": "0000064803",
    "fillingDate": "1996-11-08",
    "acceptedDate": "1996-11-08 00:00:00",
    "calendarYear": "1996",
    "period": "Q3",
    "revenue": 1356300000,
    "costOfRevenue": 982200000,
    "grossProfit": 374100000,
    "grossProfitRatio": 0.2758239328,
    "researchAndDevelopmentExpenses": 0,
    "generalAndAdministrativeExpenses": 0,
    "sellingAndMarketingExpenses": 0,
    "sellingGeneralAndAdministrativeExpenses": 299600000,
    "otherExpenses": 19600000,
    "operatingExpenses": 319200000,
    "costAndExpenses": 1301400000,
    "interestIncome": 0,
    "interestExpense": 0,
    "depreciationAndAmortization": -34500000,
    "ebitda": 74500000,
    "ebitdaratio": 0.0549288505,
    "operatingIncome": 54900000,
    "operatingIncomeRatio": 0.0404777704,
    "totalOtherIncomeExpensesNet": 21200000,
    "incomeBeforeTax": 76100000,
    "incomeBeforeTaxRatio": 0.0561085306,
    "incomeTaxExpense": 31200000,
    "netIncome": 63700000,
    "netIncomeRatio": 0.0469660105,
    "eps": 0.14,
    "epsdiluted": 0.14,
    "weightedAverageShsOut": 439310345,
    "weightedAverageShsOutDil": 439310345,
    "link": "https://www.sec.gov/Archives/edgar/data/64803/000095013596004734/0000950135-96-004734-index.htm",
    "finalLink": "https://www.sec.gov/Archives/edgar/data/64803/0000950135-96-004734.txt"
  },
  {
    "date": "1996-06-29",
    "symbol": "CVS",
    "reportedCurrency": "USD",
    "cik": "0000064803",
    "fillingDate": "1996-08-09",
    "acceptedDate": "1996-08-09 00:00:00",
    "calendarYear": "1996",
    "period": "Q2",
    "revenue": 2674700000,
    "costOfRevenue": 1919700000,
    "grossProfit": 755000000,
    "grossProfitRatio": 0.2822746476,
    "researchAndDevelopmentExpenses": 0,
    "generalAndAdministrativeExpenses": 0,
    "sellingAndMarketingExpenses": 0,
    "sellingGeneralAndAdministrativeExpenses": 553600000,
    "otherExpenses": 47200000,
    "operatingExpenses": 600800000,
    "costAndExpenses": 2520500000,
    "interestIncome": 0,
    "interestExpense": 0,
    "depreciationAndAmortization": 59100000,
    "ebitda": 213300000,
    "ebitdaratio": 0.0797472614,
    "operatingIncome": 154200000,
    "operatingIncomeRatio": 0.0576513254,
    "totalOtherIncomeExpensesNet": 41800000,
    "incomeBeforeTax": 196000000,
    "incomeBeforeTaxRatio": 0.0732792463,
    "incomeTaxExpense": 81800000,
    "netIncome": -39300000,
    "netIncomeRatio": -0.0146932366,
    "eps": -0.15,
    "epsdiluted": -0.15,
    "weightedAverageShsOut": 422708000,
    "weightedAverageShsOutDil": 422708000,
    "link": "https://www.sec.gov/Archives/edgar/data/64803/000095013596003431/0000950135-96-003431-index.htm",
    "finalLink": "https://www.sec.gov/Archives/edgar/data/64803/0000950135-96-003431.txt"
  },
  {
    "date": "1996-03-31",
    "symbol": "CVS",
    "reportedCurrency": "USD",
    "cik": "0000064803",
    "fillingDate": "1996-05-14",
    "acceptedDate": "1996-05-14 00:00:00",
    "calendarYear": "1996",
    "period": "Q1",
    "revenue": 1744700000,
    "costOfRevenue": 1200200000,
    "grossProfit": 544500000,
    "grossProfitRatio": 0.3120880381,
    "researchAndDevelopmentExpenses": 0,
    "generalAndAdministrativeExpenses": 0,
    "sellingAndMarketingExpenses": 0,
    "sellingGeneralAndAdministrativeExpenses": 481900000,
    "otherExpenses": 34600000,
    "operatingExpenses": 516500000,
    "costAndExpenses": 1716700000,
    "interestIncome": 0,
    "interestExpense": 0,
    "depreciationAndAmortization": 34600000,
    "ebitda": 62600000,
    "ebitdaratio": 0.035880094,
    "operatingIncome": 28000000,
    "operatingIncomeRatio": 0.0160486043,
    "totalOtherIncomeExpensesNet": -3000000,
    "incomeBeforeTax": 25000000,
    "incomeBeforeTaxRatio": 0.014329111,
    "incomeTaxExpense": 10500000,
    "netIncome": 14200000,
    "netIncomeRatio": 0.0081389351,
    "eps": 0.065,
    "epsdiluted": 0.06,
    "weightedAverageShsOut": 421020000,
    "weightedAverageShsOutDil": 421020000,
    "link": "https://www.sec.gov/Archives/edgar/data/64803/000095010396000874/0000950103-96-000874-index.html",
    "finalLink": "https://www.sec.gov/Archives/edgar/data/64803/0000950103-96-000874.txt"
  },
  {
    "date": "1995-12-31",
    "symbol": "CVS",
    "reportedCurrency": "USD",
    "cik": "0000064803",
    "fillingDate": "1996-03-29",
    "acceptedDate": "1996-03-29 00:00:00",
    "calendarYear": "1995",
    "period": "Q4",
    "revenue": 1612900000,
    "costOfRevenue": 1169800000,
    "grossProfit": 443100000,
    "grossProfitRatio": 0.2747225494,
    "researchAndDevelopmentExpenses": 0,
    "generalAndAdministrativeExpenses": 0,
    "sellingAndMarketingExpenses": 0,
    "sellingGeneralAndAdministrativeExpenses": 266400000,
    "otherExpenses": 48900000,
    "operatingExpenses": 315300000,
    "costAndExpenses": 1485100000,
    "interestIncome": 0,
    "interestExpense": 0,
    "depreciationAndAmortization": 48900000,
    "ebitda": 176700000,
    "ebitdaratio": 0.1095542191,
    "operatingIncome": 127800000,
    "operatingIncomeRatio": 0.0792361585,
    "totalOtherIncomeExpensesNet": -930400000,
    "incomeBeforeTax": -802600000,
    "incomeBeforeTaxRatio": -0.4976129952,
    "incomeTaxExpense": -184700000,
    "netIncome": -659400000,
    "netIncomeRatio": -0.4088288177,
    "eps": -1.57,
    "epsdiluted": -1.53,
    "weightedAverageShsOut": 420655226,
    "weightedAverageShsOutDil": 432000000,
    "link": "https://www.sec.gov/Archives/edgar/data/64803/000089109296000050/0000891092-96-000050-index.html",
    "finalLink": "https://www.sec.gov/Archives/edgar/data/64803/"
  },
  {
    "date": "1995-09-30",
    "symbol": "CVS",
    "reportedCurrency": "USD",
    "cik": "0000064803",
    "fillingDate": "1995-11-14",
    "acceptedDate": "1995-11-14 00:00:00",
    "calendarYear": "1995",
    "period": "Q3",
    "revenue": 2814000000,
    "costOfRevenue": 1871200000,
    "grossProfit": 942800000,
    "grossProfitRatio": 0.3350390903,
    "researchAndDevelopmentExpenses": 0,
    "generalAndAdministrativeExpenses": 0,
    "sellingAndMarketingExpenses": 0,
    "sellingGeneralAndAdministrativeExpenses": 859900000,
    "otherExpenses": 62900000,
    "operatingExpenses": 922800000,
    "costAndExpenses": 2794000000,
    "interestIncome": 0,
    "interestExpense": 0,
    "depreciationAndAmortization": 63000000,
    "ebitda": 83000000,
    "ebitdaratio": 0.0294953802,
    "operatingIncome": 20000000,
    "operatingIncomeRatio": 0.0071073205,
    "totalOtherIncomeExpensesNet": -23900000,
    "incomeBeforeTax": -3900000,
    "incomeBeforeTaxRatio": -0.0013859275,
    "incomeTaxExpense": -1400000,
    "netIncome": -2500000,
    "netIncomeRatio": -0.0008884151,
    "eps": -0.0055,
    "epsdiluted": -0.0055,
    "weightedAverageShsOut": 453333333,
    "weightedAverageShsOutDil": 453333333,
    "link": "https://www.sec.gov/Archives/edgar/data/64803/000089109295000191/0000891092-95-000191-index.html",
    "finalLink": "https://www.sec.gov/Archives/edgar/data/64803/"
  }
]