[
  {
    "date": "2024-12-31",
    "symbol": "CVS",
    "reportedCurrency": "USD",
    "cik": "0000064803",
    "fillingDate": "2025-02-12",
    "acceptedDate": "2025-02-12 06:47:38",
    "calendarYear": "2024",
    "period": "FY",
    "revenue": 372809000000,
    "costOfRevenue": 321408000000,
    "grossProfit": 51401000000,
    "grossProfitRatio": 0.1378748904,
    "researchAndDevelopmentExpenses": 0,
    "generalAndAdministrativeExpenses": 0,
    "sellingAndMarketingExpenses": 0,
    "sellingGeneralAndAdministrativeExpenses": 0,
    "otherExpenses": 42885000000,
    "operatingExpenses": 42885000000,
    "costAndExpenses": 364293000000,
    "interestIncome": 0,
    "interestExpense": 2958000000,
    "depreciationAndAmortization": 4597000000,
    "ebitda": 13683000000,
    "ebitdaratio": 0.0367024401,
    "operatingIncome": 8516000000,
    "operatingIncomeRatio": 0.0228427962,
    "totalOtherIncomeExpensesNet": -2368000000,
    "incomeBeforeTax": 6148000000,
    "incomeBeforeTaxRatio": 0.0164910182,
    "incomeTaxExpense": 1562000000,
    "netIncome": 4614000000,
    "netIncomeRatio": 0.0123763107,
    "eps": 3.66,
    "epsdiluted": 3.66,
    "weightedAverageShsOut": 1259000000,
    "weightedAverageShsOutDil": 1262000000,
    "link": "https://www.sec.gov/Archives/edgar/data/64803/000006480325000007/0000064803-25-000007-index.htm",
    "finalLink": "https://www.sec.gov/Archives/edgar/data/64803/000006480325000007/cvs-20241231.htm"
  },
  {
    "date": "2023-12-31",
    "symbol": "CVS",
    "reportedCurrency": "USD",
    "cik": "0000064803",
    "fillingDate": "2024-02-07",
    "acceptedDate": "2024-02-07 06:52:35",
    "calendarYear": "2023",
    "period": "FY",
    "revenue": 357776000000,
    "costOfRevenue": 303345000000,
    "grossProfit": 54431000000,
    "grossProfitRatio": 0.1521370914,
    "researchAndDevelopmentExpenses": 0,
    "generalAndAdministrativeExpenses": 0,
    "sellingAndMarketingExpenses": 0,
    "sellingGeneralAndAdministrativeExpenses": 0,
    "otherExpenses": 40688000000,
    "operatingExpenses": 40688000000,
    "costAndExpenses": 344033000000,
    "interestIncome": 0,
    "interestExpense": 2658000000,
    "depreciationAndAmortization": 4366000000,
    "ebitda": 18197000000,
    "ebitdaratio": 0.0508614329,
    "operatingIncome": 13743000000,
    "operatingIncomeRatio": 0.0384123027,
    "totalOtherIncomeExpensesNet": -2570000000,
    "incomeBeforeTax": 11173000000,
    "incomeBeforeTaxRatio": 0.0312290372,
    "incomeTaxExpense": 2805000000,
    "netIncome": 8344000000,
    "netIncomeRatio": 0.023321855,
    "eps": 6.49,
    "epsdiluted": 6.47,
    "weightedAverageShsOut": 1285000000,
    "weightedAverageShsOutDil": 1290000000,
    "link": "https://www.sec.gov/Archives/edgar/data/64803/000006480324000007/0000064803-24-000007-index.htm",
    "finalLink": "https://www.sec.gov/Archives/edgar/data/64803/000006480324000007/cvs-20231231.htm"
  },
  {
    "date": "2022-12-31",
    "symbol": "CVS",
    "reportedCurrency": "USD",
    "cik": "0000064803",
    "fillingDate": "2023-02-08",
    "acceptedDate": "2023-02-08 06:37:38",
    "calendarYear": "2022",
    "period": "FY",
    "revenue": 322467000000,
    "costOfRevenue": 267965000000,
    "grossProfit": 54502000000,
    "grossProfitRatio": 0.1690157442,
    "researchAndDevelopmentExpenses": 0,
    "generalAndAdministrativeExpenses": 0,
    "sellingAndMarketingExpenses": 0,
    "sellingGeneralAndAdministrativeExpenses": 0,
    "otherExpenses": 46548000000,
    "operatingExpenses": 46548000000,
    "costAndExpenses": 314513000000,
    "interestIncome": 0,
    "interestExpense": 2287000000,
    "depreciationAndAmortization": 4224000000,
    "ebitda": 12347000000,
    "ebitdaratio": 0.0382891893,
    "operatingIncome": 7954000000,
    "operatingIncomeRatio": 0.0246660899,
    "totalOtherIncomeExpensesNet": -2118000000,
    "incomeBeforeTax": 5836000000,
    "incomeBeforeTaxRatio": 0.0180979759,
    "incomeTaxExpense": 1509000000,
    "netIncome": 4311000000,
    "netIncomeRatio": 0.0133688098,
    "eps": 3.29,
    "epsdiluted": 3.26,
    "weightedAverageShsOut": 1312000000,
    "weightedAverageShsOutDil": 1323000000,
    "link": "https://www.sec.gov/Archives/edgar/data/64803/000006480323000009/0000064803-23-000009-index.htm",
    "finalLink": "https://www.sec.gov/Archives/edgar/data/64803/000006480323000009/cvs-20221231.htm"
  },
  {
    "date": "2021-12-31",
    "symbol": "CVS",
    "reportedCurrency": "USD",
    "cik": "0000064803",
    "fillingDate": "2022-02-09",
    "acceptedDate": "2022-02-09 06:37:35",
    "calendarYear": "2021",
    "period": "FY",
    "revenue": 292111000000,
    "costOfRevenue": 239991000000,
    "grossProfit": 52120000000,
    "grossProfitRatio": 0.1784253246,
    "researchAndDevelopmentExpenses": 0,
    "generalAndAdministrativeExpenses": 0,
    "sellingAndMarketingExpenses": 0,
    "sellingGeneralAndAdministrativeExpenses": 0,
    "otherExpenses": 38810000000,
    "operatingExpenses": 38810000000,
    "costAndExpenses": 278801000000,
    "interestIncome": 0,
    "interestExpense": 2503000000,
    "depreciationAndAmortization": 4486000000,
    "ebitda": 17526000000,
    "ebitdaratio": 0.0599977406,
    "operatingIncome": 13310000000,
    "operatingIncomeRatio": 0.0455648709,
    "totalOtherIncomeExpensesNet": -2773000000,
    "incomeBeforeTax": 10537000000,
    "incomeBeforeTaxRatio": 0.0360719042,
    "incomeTaxExpense": 2548000000,
    "netIncome": 8001000000,
    "netIncomeRatio": 0.0273902729,
    "eps": 6,
    "epsdiluted": 5.95,
    "weightedAverageShsOut": 1319000000,
    "weightedAverageShsOutDil": 1329000000,
    "link": "https://www.sec.gov/Archives/edgar/data/64803/000006480322000008/0000064803-22-000008-index.htm",
    "finalLink": "https://www.sec.gov/Archives/edgar/data/64803/000006480322000008/cvs-20211231.htm"
  },
  {
    "date": "2020-12-31",
    "symbol": "CVS",
    "reportedCurrency": "USD",
    "cik": "0000064803",
    "fillingDate": "2021-02-16",
    "acceptedDate": "2021-02-16 06:47:54",
    "calendarYear": "2020",
    "period": "FY",
    "revenue": 268706000000,
    "costOfRevenue": 219660000000,
    "grossProfit": 49046000000,
    "grossProfitRatio": 0.1825266276,
    "researchAndDevelopmentExpenses": 0,
    "generalAndAdministrativeExpenses": 0,
    "sellingAndMarketingExpenses": 0,
    "sellingGeneralAndAdministrativeExpenses": 0,
    "otherExpenses": 35135000000,
    "operatingExpenses": 35135000000,
    "costAndExpenses": 254795000000,
    "interestIncome": 0,
    "interestExpense": 2907000000,
    "depreciationAndAmortization": 4441000000,
    "ebitda": 17118000000,
    "ebitdaratio": 0.0637053136,
    "operatingIncome": 13911000000,
    "operatingIncomeRatio": 0.0517703364,
    "totalOtherIncomeExpensesNet": -4141000000,
    "incomeBeforeTax": 9770000000,
    "incomeBeforeTaxRatio": 0.0363594412,
    "incomeTaxExpense": 2569000000,
    "netIncome": 7179000000,
    "netIncomeRatio": 0.0267169323,
    "eps": 5.48,
    "epsdiluted": 5.46,
    "weightedAverageShsOut": 1309000000,
    "weightedAverageShsOutDil": 1314000000,
    "link": "https://www.sec.gov/Archives/edgar/data/64803/000006480321000011/0000064803-21-000011-index.htm",
    "finalLink": "https://www.sec.gov/Archives/edgar/data/64803/000006480321000011/cvs-20201231.htm"
  },
  {
    "date": "2019-12-31",
    "symbol": "CVS",
    "reportedCurrency": "USD",
    "cik": "0000064803",
    "fillingDate": "2020-02-18",
    "acceptedDate": "2020-02-18 06:26:11",
    "calendarYear": "2019",
    "period": "FY",
    "revenue": 256776000000,
    "costOfRevenue": 211248000000,
    "grossProfit": 45528000000,
    "grossProfitRatio": 0.1773062903,
    "researchAndDevelopmentExpenses": 0,
    "generalAndAdministrativeExpenses": 0,
    "sellingAndMarketingExpenses": 0,
    "sellingGeneralAndAdministrativeExpenses": 0,
    "otherExpenses": 33541000000,
    "operatingExpenses": 33541000000,
    "costAndExpenses": 244789000000,
    "interestIncome": 0,
    "interestExpense": 3035000000,
    "depreciationAndAmortization": 4371000000,
    "ebitda": 16403000000,
    "ebitdaratio": 0.0638805807,
    "operatingIncome": 11987000000,
    "operatingIncomeRatio": 0.0466827118,
    "totalOtherIncomeExpensesNet": -2990000000,
    "incomeBeforeTax": 8997000000,
    "incomeBeforeTaxRatio": 0.0350383213,
    "incomeTaxExpense": 2366000000,
    "netIncome": 6634000000,
    "netIncomeRatio": 0.0258357479,
    "eps": 5.1,
    "epsdiluted": 5.08,
    "weightedAverageShsOut": 1301000000,
    "weightedAverageShsOutDil": 1305000000,
    "link": "https://www.sec.gov/Archives/edgar/data/64803/000006480320000007/0000064803-20-000007-index.htm",
    "finalLink": "https://www.sec.gov/Archives/edgar/data/64803/000006480320000007/a2019form10-k.htm"
  },
  {
    "date": "2018-12-31",
    "symbol": "CVS",
    "reportedCurrency": "USD",
    "cik": "0000064803",
    "fillingDate": "2019-02-28",
    "acceptedDate": "2019-02-28 07:02:43",
    "calendarYear": "2018",
    "period": "FY",
    "revenue": 194579000000,
    "costOfRevenue": 163041000000,
    "grossProfit": 31538000000,
    "grossProfitRatio": 0.162083267,
    "researchAndDevelopmentExpenses": 0,
    "generalAndAdministrativeExpenses": 0,
    "sellingAndMarketingExpenses": 0,
    "sellingGeneralAndAdministrativeExpenses": 0,
    "otherExpenses": 27517000000,
    "operatingExpenses": 27517000000,
    "costAndExpenses": 190558000000,
    "interestIncome": 0,
    "interestExpense": 2619000000,
    "depreciationAndAmortization": 2718000000,
    "ebitda": 6743000000,
    "ebitdaratio": 0.0346543049,
    "operatingIncome": 4021000000,
    "operatingIncomeRatio": 0.0206651283,
    "totalOtherIncomeExpensesNet": -2615000000,
    "incomeBeforeTax": 1406000000,
    "incomeBeforeTaxRatio": 0.0072258568,
    "incomeTaxExpense": 2002000000,
    "netIncome": -594000000,
    "netIncomeRatio": -0.0030527446,
    "eps": -0.57,
    "epsdiluted": -0.57,
    "weightedAverageShsOut": 1044000000,
    "weightedAverageShsOutDil": 1044000000,
    "link": "https://www.sec.gov/Archives/edgar/data/64803/000006480319000013/0000064803-19-000013-index.htm",
    "finalLink": "https://www.sec.gov/Archives/edgar/data/64803/000006480319000013/cvs-2018231x10k.htm"
  },
  {
    "date": "2017-12-31",
    "symbol": "CVS",
    "reportedCurrency": "USD",
    "cik": "0000064803",
    "fillingDate": "2018-02-14",
    "acceptedDate": "2018-02-14 17:30:39",
    "calendarYear": "2017",
    "period": "FY",
    "revenue": 184786000000,
    "costOfRevenue": 156258000000,
    "grossProfit": 28528000000,
    "grossProfitRatio": 0.1543839901,
    "researchAndDevelopmentExpenses": 0,
    "generalAndAdministrativeExpenses": 0,
    "sellingAndMarketingExpenses": 0,
    "sellingGeneralAndAdministrativeExpenses": 0,
    "otherExpenses": 18990000000,
    "operatingExpenses": 18990000000,
    "costAndExpenses": 175248000000,
    "interestIncome": 0,
    "interestExpense": 1062000000,
    "depreciationAndAmortization": 2479000000,
    "ebitda": 11809000000,
    "ebitdaratio": 0.0639063565,
    "operatingIncome": 9538000000,
    "operatingIncomeRatio": 0.0516164645,
    "totalOtherIncomeExpensesNet": -1270000000,
    "incomeBeforeTax": 8268000000,
    "incomeBeforeTaxRatio": 0.0447436494,
    "incomeTaxExpense": 1637000000,
    "netIncome": 6622000000,
    "netIncomeRatio": 0.0358360482,
    "eps": 6.47,
    "epsdiluted": 6.44,
    "weightedAverageShsOut": 1020000000,
    "weightedAverageShsOutDil": 1024000000,
    "link": "https://www.sec.gov/Archives/edgar/data/64803/000155837018000707/0001558370-18-000707-index.htm",
    "finalLink": "https://www.sec.gov/Archives/edgar/data/64803/000155837018000707/cvs-20171231x10k.htm"
  },
  {
    "date": "2016-12-31",
    "symbol": "CVS",
    "reportedCurrency": "USD",
    "cik": "0000064803",
    "fillingDate": "2017-02-09",
    "acceptedDate": "2017-02-09 16:03:16",
    "calendarYear": "2016",
    "period": "FY",
    "revenue": 177546000000,
    "costOfRevenue": 148712000000,
    "grossProfit": 28834000000,
    "grossProfitRatio": 0.1624029829,
    "researchAndDevelopmentExpenses": 0,
    "generalAndAdministrativeExpenses": 0,
    "sellingAndMarketingExpenses": 0,
    "sellingGeneralAndAdministrativeExpenses": 0,
    "otherExpenses": 18448000000,
    "operatingExpenses": 18448000000,
    "costAndExpenses": 167160000000,
    "interestIncome": 20000000,
    "interestExpense": 1080000000,
    "depreciationAndAmortization": 2475000000,
    "ebitda": 12190000000,
    "ebitdaratio": 0.0686582632,
    "operatingIncome": 10386000000,
    "operatingIncomeRatio": 0.0584975161,
    "totalOtherIncomeExpensesNet": -1749000000,
    "incomeBeforeTax": 8637000000,
    "incomeBeforeTaxRatio": 0.0486465479,
    "incomeTaxExpense": 3317000000,
    "netIncome": 5317000000,
    "netIncomeRatio": 0.0299471686,
    "eps": 4.93,
    "epsdiluted": 4.9,
    "weightedAverageShsOut": 1073000000,
    "weightedAverageShsOutDil": 1079000000,
    "link": "https://www.sec.gov/Archives/edgar/data/64803/000006480317000006/0000064803-17-000006-index.htm",
    "finalLink": "https://www.sec.gov/Archives/edgar/data/64803/000006480317000006/cvs-20161231x10k.htm"
  },
  {
    "date": "2015-12-31",
    "symbol": "CVS",
    "reportedCurrency": "USD",
    "cik": "0000064803",
    "fillingDate": "2016-02-09",
    "acceptedDate": "2016-02-09 16:29:44",
    "calendarYear": "2015",
    "period": "FY",
    "revenue": 153290000000,
    "costOfRevenue": 126762000000,
    "grossProfit": 26528000000,
    "grossProfitRatio": 0.1730576032,
    "researchAndDevelopmentExpenses": 0,
    "generalAndAdministrativeExpenses": 0,
    "sellingAndMarketingExpenses": 0,
    "sellingGeneralAndAdministrativeExpenses": 0,
    "otherExpenses": 17053000000,
    "operatingExpenses": 17053000000,
    "costAndExpenses": 143815000000,
    "interestIncome": 21000000,
    "interestExpense": 859000000,
    "depreciationAndAmortization": 2092000000,
    "ebitda": 11567000000,
    "ebitdaratio": 0.0754582817,
    "operatingIncome": 9475000000,
    "operatingIncomeRatio": 0.0618109466,
    "totalOtherIncomeExpensesNet": -859000000,
    "incomeBeforeTax": 8616000000,
    "incomeBeforeTaxRatio": 0.056207189,
    "incomeTaxExpense": 3386000000,
    "netIncome": 5237000000,
    "netIncomeRatio": 0.0341640029,
    "eps": 4.66,
    "epsdiluted": 4.63,
    "weightedAverageShsOut": 1118000000,
    "weightedAverageShsOutDil": 1126000000,
    "link": "https://www.sec.gov/Archives/edgar/data/64803/000006480316000074/0000064803-16-000074-index.htm",
    "finalLink": "https://www.sec.gov/Archives/edgar/data/64803/000006480316000074/cvs-20151231x10k.htm"
  },
  {
    "date": "2014-12-31",
    "symbol": "CVS",
    "reportedCurrency": "USD",
    "cik": "0000064803",
    "fillingDate": "2015-02-10",
    "acceptedDate": "2015-02-10 16:48:54",
    "calendarYear": "2014",
    "period": "FY",
    "revenue": 139367000000,
    "costOfRevenue": 114000000000,
    "grossProfit": 25367000000,
    "grossProfitRatio": 0.1820158287,
    "researchAndDevelopmentExpenses": 0,
    "generalAndAdministrativeExpenses": 0,
    "sellingAndMarketingExpenses": 0,
    "sellingGeneralAndAdministrativeExpenses": 0,
    "otherExpenses": 16568000000,
    "operatingExpenses": 16568000000,
    "costAndExpenses": 130568000000,
    "interestIncome": 15000000,
    "interestExpense": 615000000,
    "depreciationAndAmortization": 1931000000,
    "ebitda": 10224000000,
    "ebitdaratio": 0.0733602646,
    "operatingIncome": 8799000000,
    "operatingIncomeRatio": 0.0631354625,
    "totalOtherIncomeExpensesNet": -1121000000,
    "incomeBeforeTax": 7678000000,
    "incomeBeforeTaxRatio": 0.0550919515,
    "incomeTaxExpense": 3033000000,
    "netIncome": 4644000000,
    "netIncomeRatio": 0.033322092,
    "eps": 3.98,
    "epsdiluted": 3.96,
    "weightedAverageShsOut": 1161000000,
    "weightedAverageShsOutDil": 1169000000,
    "link": "https://www.sec.gov/Archives/edgar/data/64803/000006480315000008/0000064803-15-000008-index.htm",
    "finalLink": "https://www.sec.gov/Archives/edgar/data/64803/000006480315000008/cvs-20141231x10k.htm"
  },
  {
    "date": "2013-12-31",
    "symbol": "CVS",
    "reportedCurrency": "USD",
    "cik": "0000064803",
    "fillingDate": "2014-02-11",
    "acceptedDate": "2014-02-11 07:05:55",
    "calendarYear": "2013",
    "period": "FY",
    "revenue": 126761000000,
    "costOfRevenue": 102978000000,
    "grossProfit": 23783000000,
    "grossProfitRatio": 0.1876207982,
    "researchAndDevelopmentExpenses": 0,
    "generalAndAdministrativeExpenses": 0,
    "sellingAndMarketingExpenses": 0,
    "sellingGeneralAndAdministrativeExpenses": 0,
    "otherExpenses": 15746000000,
    "operatingExpenses": 15746000000,
    "costAndExpenses": 118724000000,
    "interestIncome": 8000000,
    "interestExpense": 517000000,
    "depreciationAndAmortization": 1870000000,
    "ebitda": 9915000000,
    "ebitdaratio": 0.0782180639,
    "operatingIncome": 8037000000,
    "operatingIncomeRatio": 0.0634027816,
    "totalOtherIncomeExpensesNet": -509000000,
    "incomeBeforeTax": 7528000000,
    "incomeBeforeTaxRatio": 0.059387351,
    "incomeTaxExpense": 2928000000,
    "netIncome": 4592000000,
    "netIncomeRatio": 0.036225653,
    "eps": 3.77,
    "epsdiluted": 3.74,
    "weightedAverageShsOut": 1217000000,
    "weightedAverageShsOutDil": 1226000000,
    "link": "https://www.sec.gov/Archives/edgar/data/64803/000006480314000008/0000064803-14-000008-index.htm",
    "finalLink": "https://www.sec.gov/Archives/edgar/data/64803/000006480314000008/cvs-20131231x10k.htm"
  },
  {
    "date": "2012-12-31",
    "symbol": "CVS",
    "reportedCurrency": "USD",
    "cik": "0000064803",
    "fillingDate": "2013-02-15",
    "acceptedDate": "2013-02-15 17:28:33",
    "calendarYear": "2012",
    "period": "FY",
    "revenue": 123120000000,
    "costOfRevenue": 100632000000,
    "grossProfit": 22488000000,
    "grossProfitRatio": 0.1826510721,
    "researchAndDevelopmentExpenses": 0,
    "generalAndAdministrativeExpenses": 0,
    "sellingAndMarketingExpenses": 0,
    "sellingGeneralAndAdministrativeExpenses": 0,
    "otherExpenses": 15278000000,
    "operatingExpenses": 15278000000,
    "costAndExpenses": 115910000000,
    "interestIncome": 4000000,
    "interestExpense": 561000000,
    "depreciationAndAmortization": 1753000000,
    "ebitda": 8619000000,
    "ebitdaratio": 0.0700048733,
    "operatingIncome": 7210000000,
    "operatingIncomeRatio": 0.0585607537,
    "totalOtherIncomeExpensesNet": -905000000,
    "incomeBeforeTax": 6305000000,
    "incomeBeforeTaxRatio": 0.0512102014,
    "incomeTaxExpense": 2436000000,
    "netIncome": 3864000000,
    "netIncomeRatio": 0.0313840156,
    "eps": 3.05,
    "epsdiluted": 3.03,
    "weightedAverageShsOut": 1271000000,
    "weightedAverageShsOutDil": 1280000000,
    "link": "https://www.sec.gov/Archives/edgar/data/64803/000110465913011354/0001104659-13-011354-index.htm",
    "finalLink": "https://www.sec.gov/Archives/edgar/data/64803/000110465913011354/a12-28799_110k.htm"
  },
  {
    "date": "2011-12-31",
    "symbol": "CVS",
    "reportedCurrency": "USD",
    "cik": "0000064803",
    "fillingDate": "2012-02-17",
    "acceptedDate": "2012-02-17 13:38:28",
    "calendarYear": "2011",
    "period": "FY",
    "revenue": 107080000000,
    "costOfRevenue": 86518000000,
    "grossProfit": 20562000000,
    "grossProfitRatio": 0.1920246545,
    "researchAndDevelopmentExpenses": 0,
    "generalAndAdministrativeExpenses": 0,
    "sellingAndMarketingExpenses": 0,
    "sellingGeneralAndAdministrativeExpenses": 14231000000,
    "otherExpenses": 0,
    "operatingExpenses": 14231000000,
    "costAndExpenses": 100749000000,
    "interestIncome": 4000000,
    "interestExpense": 588000000,
    "depreciationAndAmortization": 1568000000,
    "ebitda": 7903000000,
    "ebitdaratio": 0.0738046321,
    "operatingIncome": 6331000000,
    "operatingIncomeRatio": 0.0591240194,
    "totalOtherIncomeExpensesNet": -584000000,
    "incomeBeforeTax": 5747000000,
    "incomeBeforeTaxRatio": 0.0536701532,
    "incomeTaxExpense": 2258000000,
    "netIncome": 3462000000,
    "netIncomeRatio": 0.0323309675,
    "eps": 2.59,
    "epsdiluted": 2.57,
    "weightedAverageShsOut": 1338000000,
    "weightedAverageShsOutDil": 1347000000,
    "link": "https://www.sec.gov/Archives/edgar/data/64803/000110465912010850/0001104659-12-010850-index.htm",
    "finalLink": "https://www.sec.gov/Archives/edgar/data/64803/000110465912010850/a11-31657_310k.htm"
  },
  {
    "date": "2010-12-31",
    "symbol": "CVS",
    "reportedCurrency": "USD",
    "cik": "0000064803",
    "fillingDate": "2011-02-18",
    "acceptedDate": "2011-02-18 16:16:30",
    "calendarYear": "2010",
    "period": "FY",
    "revenue": 95778000000,
    "costOfRevenue": 75559000000,
    "grossProfit": 20219000000,
    "grossProfitRatio": 0.2111027585,
    "researchAndDevelopmentExpenses": 0,
    "generalAndAdministrativeExpenses": 0,
    "sellingAndMarketingExpenses": 0,
    "sellingGeneralAndAdministrativeExpenses": 14092000000,
    "otherExpenses": -10000000,
    "operatingExpenses": 14082000000,
    "costAndExpenses": 89641000000,
    "interestIncome": 3000000,
    "interestExpense": 539000000,
    "depreciationAndAmortization": 1469000000,
    "ebitda": 7609000000,
    "ebitdaratio": 0.0794441312,
    "operatingIncome": 6137000000,
    "operatingIncomeRatio": 0.0640752574,
    "totalOtherIncomeExpensesNet": -536000000,
    "incomeBeforeTax": 5601000000,
    "incomeBeforeTaxRatio": 0.0584789826,
    "incomeTaxExpense": 2179000000,
    "netIncome": 3427000000,
    "netIncomeRatio": 0.0357806594,
    "eps": 2.51,
    "epsdiluted": 2.49,
    "weightedAverageShsOut": 1367000000,
    "weightedAverageShsOutDil": 1377000000,
    "link": "https://www.sec.gov/Archives/edgar/data/64803/000119312511040351/0001193125-11-040351-index.htm",
    "finalLink": "https://www.sec.gov/Archives/edgar/data/64803/000119312511040351/d10k.htm"
  },
  {
    "date": "2009-12-31",
    "symbol": "CVS",
    "reportedCurrency": "USD",
    "cik": "0000064803",
    "fillingDate": "2010-02-26",
    "acceptedDate": "2010-02-26 17:00:54",
    "calendarYear": "2009",
    "period": "FY",
    "revenue": 98215000000,
    "costOfRevenue": 77857000000,
    "grossProfit": 20358000000,
    "grossProfitRatio": 0.2072799471,
    "researchAndDevelopmentExpenses": 0,
    "generalAndAdministrativeExpenses": 0,
    "sellingAndMarketingExpenses": 0,
    "sellingGeneralAndAdministrativeExpenses": 13933000000,
    "otherExpenses": 0,
    "operatingExpenses": 13933000000,
    "costAndExpenses": 91790000000,
    "interestIncome": 5000000,
    "interestExpense": 530000000,
    "depreciationAndAmortization": 1389000000,
    "ebitda": 7819000000,
    "ebitdaratio": 0.0796110574,
    "operatingIncome": 6425000000,
    "operatingIncomeRatio": 0.0654177061,
    "totalOtherIncomeExpensesNet": -525000000,
    "incomeBeforeTax": 5900000000,
    "incomeBeforeTaxRatio": 0.0600722904,
    "incomeTaxExpense": 2200000000,
    "netIncome": 3696000000,
    "netIncomeRatio": 0.0376317263,
    "eps": 2.58,
    "epsdiluted": 2.55,
    "weightedAverageShsOut": 1434000000,
    "weightedAverageShsOutDil": 1450000000,
    "link": "https://www.sec.gov/Archives/edgar/data/64803/000119312510043086/0001193125-10-043086-index.htm",
    "finalLink": "https://www.sec.gov/Archives/edgar/data/64803/000119312510043086/d10k.htm"
  },
  {
    "date": "2008-12-31",
    "symbol": "CVS",
    "reportedCurrency": "USD",
    "cik": "0000064803",
    "fillingDate": "2009-02-27",
    "acceptedDate": "2009-02-27 16:46:31",
    "calendarYear": "2008",
    "period": "FY",
    "revenue": 87472000000,
    "costOfRevenue": 69182000000,
    "grossProfit": 18290000000,
    "grossProfitRatio": 0.209095482,
    "researchAndDevelopmentExpenses": 0,
    "generalAndAdministrativeExpenses": 0,
    "sellingAndMarketingExpenses": 0,
    "sellingGeneralAndAdministrativeExpenses": 12244200000,
    "otherExpenses": -200000,
    "operatingExpenses": 12244000000,
    "costAndExpenses": 81426000000,
    "interestIncome": 21000000,
    "interestExpense": 530000000,
    "depreciationAndAmortization": 1274000000,
    "ebitda": 7341000000,
    "ebitdaratio": 0.0839239985,
    "operatingIncome": 6046000000,
    "operatingIncomeRatio": 0.069119261,
    "totalOtherIncomeExpensesNet": -509000000,
    "incomeBeforeTax": 5537000000,
    "incomeBeforeTaxRatio": 0.0633002561,
    "incomeTaxExpense": 2193000000,
    "netIncome": 3212000000,
    "netIncomeRatio": 0.0367203219,
    "eps": 2.23,
    "epsdiluted": 2.18,
    "weightedAverageShsOut": 1434000000,
    "weightedAverageShsOutDil": 1469000000,
    "link": "https://www.sec.gov/Archives/edgar/data/64803/000119312509041089/0001193125-09-041089-index.htm",
    "finalLink": "https://www.sec.gov/Archives/edgar/data/64803/000119312509041089/d10k.htm"
  },
  {
    "date": "2007-12-29",
    "symbol": "CVS",
    "reportedCurrency": "USD",
    "cik": "0000064803",
    "fillingDate": "2008-02-27",
    "acceptedDate": "2008-02-27 15:33:36",
    "calendarYear": "2007",
    "period": "FY",
    "revenue": 76329500000,
    "costOfRevenue": 60221800000,
    "grossProfit": 16107700000,
    "grossProfitRatio": 0.2110285014,
    "researchAndDevelopmentExpenses": 0,
    "generalAndAdministrativeExpenses": 0,
    "sellingAndMarketingExpenses": 0,
    "sellingGeneralAndAdministrativeExpenses": 11314400000,
    "otherExpenses": 0,
    "operatingExpenses": 11314400000,
    "costAndExpenses": 71536200000,
    "interestIncome": 0,
    "interestExpense": 0,
    "depreciationAndAmortization": 1094600000,
    "ebitda": 5887900000,
    "ebitdaratio": 0.0771379349,
    "operatingIncome": 4793300000,
    "operatingIncomeRatio": 0.0627974767,
    "totalOtherIncomeExpensesNet": -434600000,
    "incomeBeforeTax": 4358700000,
    "incomeBeforeTaxRatio": 0.057103741,
    "incomeTaxExpense": 1721700000,
    "netIncome": 2637000000,
    "netIncomeRatio": 0.0345475865,
    "eps": 1.97,
    "epsdiluted": 1.92,
    "weightedAverageShsOut": 1328200000,
    "weightedAverageShsOutDil": 1371800000,
    "link": "https://www.sec.gov/Archives/edgar/data/64803/000119312508040019/0001193125-08-040019-index.htm",
    "finalLink": "https://www.sec.gov/Archives/edgar/data/64803/000119312508040019/d10k.htm"
  },
  {
    "date": "2006-12-30",
    "symbol": "CVS",
    "reportedCurrency": "USD",
    "cik": "0000064803",
    "fillingDate": "2007-02-27",
    "acceptedDate": "2007-02-27 16:25:20",
    "calendarYear": "2006",
    "period": "FY",
    "revenue": 43821400000,
    "costOfRevenue": 32079200000,
    "grossProfit": 11742200000,
    "grossProfitRatio": 0.2679558389,
    "researchAndDevelopmentExpenses": 0,
    "generalAndAdministrativeExpenses": 0,
    "sellingAndMarketingExpenses": 0,
    "sellingGeneralAndAdministrativeExpenses": 9300600000,
    "otherExpenses": 0,
    "operatingExpenses": 9300600000,
    "costAndExpenses": 41379800000,
    "interestIncome": 0,
    "interestExpense": 0,
    "depreciationAndAmortization": 733300000,
    "ebitda": 3174900000,
    "ebitdaratio": 0.072450903,
    "operatingIncome": 2441600000,
    "operatingIncomeRatio": 0.0557170697,
    "totalOtherIncomeExpensesNet": -215800000,
    "incomeBeforeTax": 2225800000,
    "incomeBeforeTaxRatio": 0.0507925352,
    "incomeTaxExpense": 856900000,
    "netIncome": 1368900000,
    "netIncomeRatio": 0.0312381622,
    "eps": 1.65,
    "epsdiluted": 1.6,
    "weightedAverageShsOut": 820600000,
    "weightedAverageShsOutDil": 853200000,
    "link": "https://www.sec.gov/Archives/edgar/data/64803/000110465907014431/0001104659-07-014431-index.htm",
    "finalLink": "https://www.sec.gov/Archives/edgar/data/64803/000110465907014431/a07-4967_110k.htm"
  },
  {
    "date": "2005-12-31",
    "symbol": "CVS",
    "reportedCurrency": "USD",
    "cik": "0000064803",
    "fillingDate": "2006-03-14",
    "acceptedDate": "2006-03-14 16:38:07",
    "calendarYear": "2005",
    "period": "FY",
    "revenue": 37006700000,
    "costOfRevenue": 27312100000,
    "grossProfit": 9694600000,
    "grossProfitRatio": 0.2619687786,
    "researchAndDevelopmentExpenses": 0,
    "generalAndAdministrativeExpenses": 0,
    "sellingAndMarketingExpenses": 0,
    "sellingGeneralAndAdministrativeExpenses": 7675100000,
    "otherExpenses": 0,
    "operatingExpenses": 7675100000,
    "costAndExpenses": 34987200000,
    "interestIncome": 0,
    "interestExpense": 0,
    "depreciationAndAmortization": 589100000,
    "ebitda": 2608600000,
    "ebitdaratio": 0.0704899383,
    "operatingIncome": 2019500000,
    "operatingIncomeRatio": 0.0545711993,
    "totalOtherIncomeExpensesNet": -110500000,
    "incomeBeforeTax": 1909000000,
    "incomeBeforeTaxRatio": 0.0515852535,
    "incomeTaxExpense": 684300000,
    "netIncome": 1224700000,
    "netIncomeRatio": 0.0330940073,
    "eps": 1.49,
    "epsdiluted": 1.45,
    "weightedAverageShsOut": 811400000,
    "weightedAverageShsOutDil": 841600000,
    "link": "https://www.sec.gov/Archives/edgar/data/64803/000119312506053756/0001193125-06-053756-index.htm",
    "finalLink": "https://www.sec.gov/Archives/edgar/data/64803/000119312506053756/d10k.htm"
  },
  {
    "date": "2005-01-01",
    "symbol": "CVS",
    "reportedCurrency": "USD",
    "cik": "0000064803",
    "fillingDate": "2005-03-16",
    "acceptedDate": "2005-03-16 17:07:02",
    "calendarYear": "2004",
    "period": "FY",
    "revenue": 30594300000,
    "costOfRevenue": 22563100000,
    "grossProfit": 8031200000,
    "grossProfitRatio": 0.2625064146,
    "researchAndDevelopmentExpenses": 0,
    "generalAndAdministrativeExpenses": 0,
    "sellingAndMarketingExpenses": 0,
    "sellingGeneralAndAdministrativeExpenses": 6079700000,
    "otherExpenses": 496800000,
    "operatingExpenses": 6576500000,
    "costAndExpenses": 29139600000,
    "interestIncome": 0,
    "interestExpense": 0,
    "depreciationAndAmortization": 439900000,
    "ebitda": 1951500000,
    "ebitdaratio": 0.0637863916,
    "operatingIncome": 1454700000,
    "operatingIncomeRatio": 0.0475480727,
    "totalOtherIncomeExpensesNet": -58300000,
    "incomeBeforeTax": 1396400000,
    "incomeBeforeTaxRatio": 0.045642489,
    "incomeTaxExpense": 477600000,
    "netIncome": 918800000,
    "netIncomeRatio": 0.0300317379,
    "eps": 1.13,
    "epsdiluted": 1.1,
    "weightedAverageShsOut": 800530973,
    "weightedAverageShsOutDil": 822363636,
    "link": "https://www.sec.gov/Archives/edgar/data/64803/000119312505052880/0001193125-05-052880-index.htm",
    "finalLink": "https://www.sec.gov/Archives/edgar/data/64803/000119312505052880/d10k.htm"
  },
  {
    "date": "2004-01-03",
    "symbol": "CVS",
    "reportedCurrency": "USD",
    "cik": "0000064803",
    "fillingDate": "2004-03-12",
    "acceptedDate": "2004-03-12 16:33:40",
    "calendarYear": "2003",
    "period": "FY",
    "revenue": 26588000000,
    "costOfRevenue": 19725000000,
    "grossProfit": 6863000000,
    "grossProfitRatio": 0.2581239657,
    "researchAndDevelopmentExpenses": 0,
    "generalAndAdministrativeExpenses": 0,
    "sellingAndMarketingExpenses": 0,
    "sellingGeneralAndAdministrativeExpenses": 5097700000,
    "otherExpenses": 341700000,
    "operatingExpenses": 5439400000,
    "costAndExpenses": 25164400000,
    "interestIncome": 0,
    "interestExpense": 0,
    "depreciationAndAmortization": 341700000,
    "ebitda": 1765300000,
    "ebitdaratio": 0.0663946141,
    "operatingIncome": 1423600000,
    "operatingIncomeRatio": 0.0535429517,
    "totalOtherIncomeExpensesNet": -48100000,
    "incomeBeforeTax": 1375500000,
    "incomeBeforeTaxRatio": 0.0517338649,
    "incomeTaxExpense": 528200000,
    "netIncome": 847300000,
    "netIncomeRatio": 0.0318677599,
    "eps": 1.06,
    "epsdiluted": 1.03,
    "weightedAverageShsOut": 785566038,
    "weightedAverageShsOutDil": 808446602,
    "link": "https://www.sec.gov/Archives/edgar/data/64803/000119312504040575/0001193125-04-040575-index.htm",
    "finalLink": "https://www.sec.gov/Archives/edgar/data/64803/000119312504040575/d10k.htm"
  },
  {
    "date": "2002-12-28",
    "symbol": "CVS",
    "reportedCurrency": "USD",
    "cik": "0000064803",
    "fillingDate": "2003-03-18",
    "acceptedDate": "2003-03-18 17:30:36",
    "calendarYear": "2002",
    "period": "FY",
    "revenue": 24181500000,
    "costOfRevenue": 18112700000,
    "grossProfit": 6068800000,
    "grossProfitRatio": 0.2509687158,
    "researchAndDevelopmentExpenses": 0,
    "generalAndAdministrativeExpenses": 0,
    "sellingAndMarketingExpenses": 0,
    "sellingGeneralAndAdministrativeExpenses": 4552300000,
    "otherExpenses": 310300000,
    "operatingExpenses": 4862600000,
    "costAndExpenses": 22975300000,
    "interestIncome": 0,
    "interestExpense": 0,
    "depreciationAndAmortization": 310300000,
    "ebitda": 1516500000,
    "ebitdaratio": 0.0627132312,
    "operatingIncome": 1206200000,
    "operatingIncomeRatio": 0.0498811075,
    "totalOtherIncomeExpensesNet": -50400000,
    "incomeBeforeTax": 1155800000,
    "incomeBeforeTaxRatio": 0.0477968695,
    "incomeTaxExpense": 439200000,
    "netIncome": 716600000,
    "netIncomeRatio": 0.0296342245,
    "eps": 0.9,
    "epsdiluted": 0.88,
    "weightedAverageShsOut": 784600000,
    "weightedAverageShsOutDil": 810600000,
    "link": "https://www.sec.gov/Archives/edgar/data/64803/000110465903004471/0001104659-03-004471-index.htm",
    "finalLink": "https://www.sec.gov/Archives/edgar/data/64803/000110465903004471/j8483_10k.htm"
  },
  {
    "date": "2001-12-29",
    "symbol": "CVS",
    "reportedCurrency": "USD",
    "cik": "0000064803",
    "fillingDate": "2002-03-21",
    "acceptedDate": "2002-03-21 00:00:00",
    "calendarYear": "2001",
    "period": "FY",
    "revenue": 22241400000,
    "costOfRevenue": 16550400000,
    "grossProfit": 5691000000,
    "grossProfitRatio": 0.2558741806,
    "researchAndDevelopmentExpenses": 0,
    "generalAndAdministrativeExpenses": 0,
    "sellingAndMarketingExpenses": 0,
    "sellingGeneralAndAdministrativeExpenses": 4247100000,
    "otherExpenses": 673300000,
    "operatingExpenses": 4920400000,
    "costAndExpenses": 21470800000,
    "interestIncome": 0,
    "interestExpense": 0,
    "depreciationAndAmortization": 320800000,
    "ebitda": 1443900000,
    "ebitdaratio": 0.0649194745,
    "operatingIncome": 770600000,
    "operatingIncomeRatio": 0.0346470996,
    "totalOtherIncomeExpensesNet": -61000000,
    "incomeBeforeTax": 709600000,
    "incomeBeforeTaxRatio": 0.0319044664,
    "incomeTaxExpense": 296400000,
    "netIncome": 413200000,
    "netIncomeRatio": 0.0185779672,
    "eps": 0.51,
    "epsdiluted": 0.5,
    "weightedAverageShsOut": 781372549,
    "weightedAverageShsOutDil": 797000000,
    "link": "https://www.sec.gov/Archives/edgar/data/64803/000110465902000809/0001104659-02-000809-index.htm",
    "finalLink": "https://www.sec.gov/Archives/edgar/data/64803/000110465902000809/j2961_10k405.htm"
  },
  {
    "date": "2000-12-30",
    "symbol": "CVS",
    "reportedCurrency": "USD",
    "cik": "0000064803",
    "fillingDate": "2001-03-19",
    "acceptedDate": "2001-03-19 00:00:00",
    "calendarYear": "2000",
    "period": "FY",
    "revenue": 20087500000,
    "costOfRevenue": 14725800000,
    "grossProfit": 5361700000,
    "grossProfitRatio": 0.2669172371,
    "researchAndDevelopmentExpenses": 0,
    "generalAndAdministrativeExpenses": 0,
    "sellingAndMarketingExpenses": 0,
    "sellingGeneralAndAdministrativeExpenses": 3742400000,
    "otherExpenses": 296600000,
    "operatingExpenses": 4039000000,
    "costAndExpenses": 18764800000,
    "interestIncome": 0,
    "interestExpense": 0,
    "depreciationAndAmortization": 296600000,
    "ebitda": 1619300000,
    "ebitdaratio": 0.0806123211,
    "operatingIncome": 1322700000,
    "operatingIncomeRatio": 0.0658469197,
    "totalOtherIncomeExpensesNet": -79300000,
    "incomeBeforeTax": 1243400000,
    "incomeBeforeTaxRatio": 0.061899191,
    "incomeTaxExpense": 497400000,
    "netIncome": 746000000,
    "netIncomeRatio": 0.0371375233,
    "eps": 0.94,
    "epsdiluted": 0.92,
    "weightedAverageShsOut": 782245989,
    "weightedAverageShsOutDil": 799344262,
    "link": "https://www.sec.gov/Archives/edgar/data/64803/000091205701007764/0000912057-01-007764-index.htm",
    "finalLink": "https://www.sec.gov/Archives/edgar/data/64803/000091205701007764/a2041427z10-k.txt"
  },
  {
    "date": "2000-01-01",
    "symbol": "CVS",
    "reportedCurrency": "USD",
    "cik": "0000064803",
    "fillingDate": "2000-03-31",
    "acceptedDate": "2000-03-31 00:00:00",
    "calendarYear": "1999",
    "period": "FY",
    "revenue": 18098300000,
    "costOfRevenue": 13236900000,
    "grossProfit": 4861400000,
    "grossProfitRatio": 0.268610864,
    "researchAndDevelopmentExpenses": 0,
    "generalAndAdministrativeExpenses": 0,
    "sellingAndMarketingExpenses": 0,
    "sellingGeneralAndAdministrativeExpenses": 3448000000,
    "otherExpenses": 277900000,
    "operatingExpenses": 3725900000,
    "costAndExpenses": 16962800000,
    "interestIncome": 0,
    "interestExpense": 0,
    "depreciationAndAmortization": 277900000,
    "ebitda": 1413400000,
    "ebitdaratio": 0.0780957327,
    "operatingIncome": 1135500000,
    "operatingIncomeRatio": 0.0627406994,
    "totalOtherIncomeExpensesNet": -59100000,
    "incomeBeforeTax": 1076400000,
    "incomeBeforeTaxRatio": 0.0594751993,
    "incomeTaxExpense": 441300000,
    "netIncome": 635100000,
    "netIncomeRatio": 0.0350916937,
    "eps": 0.8,
    "epsdiluted": 0.78,
    "weightedAverageShsOut": 782600000,
    "weightedAverageShsOutDil": 817800000,
    "link": "https://www.sec.gov/Archives/edgar/data/64803/000095013500001935/0000950135-00-001935-index.htm",
    "finalLink": "https://www.sec.gov/Archives/edgar/data/64803/000095013500001935/0000950135-00-001935.txt"
  },
  {
    "date": "1998-12-31",
    "symbol": "CVS",
    "reportedCurrency": "USD",
    "cik": "0000064803",
    "fillingDate": "1999-03-31",
    "acceptedDate": "1999-03-31 00:00:00",
    "calendarYear": "1998",
    "period": "FY",
    "revenue": 15273600000,
    "costOfRevenue": 11144400000,
    "grossProfit": 4129200000,
    "grossProfitRatio": 0.2703488372,
    "researchAndDevelopmentExpenses": 0,
    "generalAndAdministrativeExpenses": 0,
    "sellingAndMarketingExpenses": 0,
    "sellingGeneralAndAdministrativeExpenses": 2949000000,
    "otherExpenses": 249700000,
    "operatingExpenses": 3198700000,
    "costAndExpenses": 14343100000,
    "interestIncome": 0,
    "interestExpense": 0,
    "depreciationAndAmortization": 249700000,
    "ebitda": 1180200000,
    "ebitdaratio": 0.0772705845,
    "operatingIncome": 930500000,
    "operatingIncomeRatio": 0.060922114,
    "totalOtherIncomeExpensesNet": -239500000,
    "incomeBeforeTax": 691000000,
    "incomeBeforeTaxRatio": 0.0452414624,
    "incomeTaxExpense": 306500000,
    "netIncome": 384500000,
    "netIncomeRatio": 0.0251741567,
    "eps": 0.48,
    "epsdiluted": 0.48,
    "weightedAverageShsOut": 774200000,
    "weightedAverageShsOutDil": 810400000,
    "link": "https://www.sec.gov/Archives/edgar/data/64803/000102986999000377/0001029869-99-000377-index.htm",
    "finalLink": "https://www.sec.gov/Archives/edgar/data/64803/0001029869-99-000377.txt"
  },
  {
    "date": "1997-12-31",
    "symbol": "CVS",
    "reportedCurrency": "USD",
    "cik": "0000064803",
    "fillingDate": "1998-03-31",
    "acceptedDate": "1998-03-31 00:00:00",
    "calendarYear": "1997",
    "period": "FY",
    "revenue": 13749600000,
    "costOfRevenue": 10026900000,
    "grossProfit": 3722700000,
    "grossProfitRatio": 0.2707496945,
    "researchAndDevelopmentExpenses": 0,
    "generalAndAdministrativeExpenses": 0,
    "sellingAndMarketingExpenses": 0,
    "sellingGeneralAndAdministrativeExpenses": 2776000000,
    "otherExpenses": 242600000,
    "operatingExpenses": 3018600000,
    "costAndExpenses": 13045500000,
    "interestIncome": 0,
    "interestExpense": 0,
    "depreciationAndAmortization": 242600000,
    "ebitda": 946700000,
    "ebitdaratio": 0.0688529121,
    "operatingIncome": 704100000,
    "operatingIncomeRatio": 0.0512087624,
    "totalOtherIncomeExpensesNet": -466500000,
    "incomeBeforeTax": 237600000,
    "incomeBeforeTaxRatio": 0.0172805027,
    "incomeTaxExpense": 149200000,
    "netIncome": 88800000,
    "netIncomeRatio": 0.0064583697,
    "eps": 0.1,
    "epsdiluted": 0.095,
    "weightedAverageShsOut": 751000000,
    "weightedAverageShsOutDil": 790526316,
    "link": "https://www.sec.gov/Archives/edgar/data/64803/000104746998012979/0001047469-98-012979-index.htm",
    "finalLink": "https://www.sec.gov/Archives/edgar/data/64803/000104746998012979/"
  },
  {
    "date": "1996-12-31",
    "symbol": "CVS",
    "reportedCurrency": "USD",
    "cik": "0000064803",
    "fillingDate": "1997-04-16",
    "acceptedDate": "1997-04-16 00:00:00",
    "calendarYear": "1996",
    "period": "FY",
    "revenue": 11831600000,
    "costOfRevenue": 8473300000,
    "grossProfit": 3358300000,
    "grossProfitRatio": 0.2838415768,
    "researchAndDevelopmentExpenses": 0,
    "generalAndAdministrativeExpenses": 0,
    "sellingAndMarketingExpenses": 0,
    "sellingGeneralAndAdministrativeExpenses": 2490800000,
    "otherExpenses": 262800000,
    "operatingExpenses": 2753600000,
    "costAndExpenses": 11226900000,
    "interestIncome": 0,
    "interestExpense": 0,
    "depreciationAndAmortization": 262800000,
    "ebitda": 867500000,
    "ebitdaratio": 0.0733205991,
    "operatingIncome": 604700000,
    "operatingIncomeRatio": 0.0511088948,
    "totalOtherIncomeExpensesNet": 38700000,
    "incomeBeforeTax": 643400000,
    "incomeBeforeTaxRatio": 0.0543797965,
    "incomeTaxExpense": 271000000,
    "netIncome": 208200000,
    "netIncomeRatio": 0.0175969438,
    "eps": 0.27,
    "epsdiluted": 0.26,
    "weightedAverageShsOut": 426400000,
    "weightedAverageShsOutDil": 426400000,
    "link": "https://www.sec.gov/Archives/edgar/data/64803/000095013597001884/0000950135-97-001884-index.html",
    "finalLink": "https://www.sec.gov/Archives/edgar/data/64803/"
  },
  {
    "date": "1995-12-31",
    "symbol": "CVS",
    "reportedCurrency": "USD",
    "cik": "0000064803",
    "fillingDate": "1996-03-29",
    "acceptedDate": "1996-03-29 00:00:00",
    "calendarYear": "1995",
    "period": "FY",
    "revenue": 9763400000,
    "costOfRevenue": 6859200000,
    "grossProfit": 2904200000,
    "grossProfitRatio": 0.2974578528,
    "researchAndDevelopmentExpenses": 0,
    "generalAndAdministrativeExpenses": 0,
    "sellingAndMarketingExpenses": 0,
    "sellingGeneralAndAdministrativeExpenses": 2180300000,
    "otherExpenses": 327700000,
    "operatingExpenses": 2508000000,
    "costAndExpenses": 9367200000,
    "interestIncome": 0,
    "interestExpense": 0,
    "depreciationAndAmortization": 327700000,
    "ebitda": 723900000,
    "ebitdaratio": 0.074144253,
    "operatingIncome": 396200000,
    "operatingIncomeRatio": 0.0405801258,
    "totalOtherIncomeExpensesNet": -280000000,
    "incomeBeforeTax": 116200000,
    "incomeBeforeTaxRatio": 0.0119015917,
    "incomeTaxExpense": 58400000,
    "netIncome": -572800000,
    "netIncomeRatio": -0.0586680869,
    "eps": -1.52,
    "epsdiluted": -1.52,
    "weightedAverageShsOut": 432000000,
    "weightedAverageShsOutDil": 432000000,
    "link": "https://www.sec.gov/Archives/edgar/data/64803/000089109296000050/0000891092-96-000050-index.html",
    "finalLink": "https://www.sec.gov/Archives/edgar/data/64803/"
  },
  {
    "date": "1994-12-31",
    "symbol": "CVS",
    "reportedCurrency": "USD",
    "cik": "0000064803",
    "fillingDate": "1995-03-29",
    "acceptedDate": "1995-03-29 00:00:00",
    "calendarYear": "1994",
    "period": "FY",
    "revenue": 11285600000,
    "costOfRevenue": 7252600000,
    "grossProfit": 4033000000,
    "grossProfitRatio": 0.3573580492,
    "researchAndDevelopmentExpenses": 0,
    "generalAndAdministrativeExpenses": 0,
    "sellingAndMarketingExpenses": 0,
    "sellingGeneralAndAdministrativeExpenses": 3216000000,
    "otherExpenses": 206300000,
    "operatingExpenses": 3422300000,
    "costAndExpenses": 10674900000,
    "interestIncome": 0,
    "interestExpense": 0,
    "depreciationAndAmortization": 206300000,
    "ebitda": 817000000,
    "ebitdaratio": 0.0723931382,
    "operatingIncome": 610700000,
    "operatingIncomeRatio": 0.0541132062,
    "totalOtherIncomeExpensesNet": -84500000,
    "incomeBeforeTax": 526200000,
    "incomeBeforeTaxRatio": 0.0466257886,
    "incomeTaxExpense": 218700000,
    "netIncome": 307500000,
    "netIncomeRatio": 0.0272471114,
    "eps": 0.69,
    "epsdiluted": 0.69,
    "weightedAverageShsOut": 422545455,
    "weightedAverageShsOutDil": 422545455,
    "link": "https://www.sec.gov/Archives/edgar/data/64803/000089109295000026/0000891092-95-000026-index.htm",
    "finalLink": "https://www.sec.gov/Archives/edgar/data/64803/0000891092-95-000026.txt"
  },
  {
    "date": "1993-12-31",
    "symbol": "CVS",
    "reportedCurrency": "USD",
    "cik": "0000064803",
    "fillingDate": "1994-03-31",
    "acceptedDate": "1994-03-31 00:00:00",
    "calendarYear": "1993",
    "period": "FY",
    "revenue": 10435400000,
    "costOfRevenue": 6664400000,
    "grossProfit": 3771000000,
    "grossProfitRatio": 0.3613661192,
    "researchAndDevelopmentExpenses": 0,
    "generalAndAdministrativeExpenses": 0,
    "sellingAndMarketingExpenses": 0,
    "sellingGeneralAndAdministrativeExpenses": 2956100000,
    "otherExpenses": 191600000,
    "operatingExpenses": 3147700000,
    "costAndExpenses": 9812100000,
    "interestIncome": 0,
    "interestExpense": 0,
    "depreciationAndAmortization": 191600000,
    "ebitda": 814900000,
    "ebitdaratio": 0.078089963,
    "operatingIncome": 623300000,
    "operatingIncomeRatio": 0.0597293827,
    "totalOtherIncomeExpensesNet": -71100000,
    "incomeBeforeTax": 552200000,
    "incomeBeforeTaxRatio": 0.0529160358,
    "incomeTaxExpense": 220400000,
    "netIncome": 331800000,
    "netIncomeRatio": 0.0317956188,
    "eps": 0.6,
    "epsdiluted": 0.6,
    "weightedAverageShsOut": 525000000,
    "weightedAverageShsOutDil": 529411765,
    "link": "https://www.sec.gov/Archives/edgar/data/64803/000095011094000133/0000950110-94-000133-index.html",
    "finalLink": "https://www.sec.gov/Archives/edgar/data/64803/"
  },
  {
    "date": "1992-12-31",
    "symbol": "CVS",
    "reportedCurrency": "USD",
    "cik": "0000064803",
    "fillingDate": "1992-12-31",
    "acceptedDate": "1992-12-30 19:00:00",
    "calendarYear": "1992",
    "period": "FY",
    "revenue": 10432800000,
    "costOfRevenue": 6529200000,
    "grossProfit": 3903600000,
    "grossProfitRatio": 0.3741660916,
    "researchAndDevelopmentExpenses": 0,
    "generalAndAdministrativeExpenses": 0,
    "sellingAndMarketingExpenses": 0,
    "sellingGeneralAndAdministrativeExpenses": 3341700000,
    "otherExpenses": 201000000,
    "operatingExpenses": 3542700000,
    "costAndExpenses": 10071900000,
    "interestIncome": 0,
    "interestExpense": 0,
    "depreciationAndAmortization": 201000000,
    "ebitda": 561900000,
    "ebitdaratio": 0.0538589832,
    "operatingIncome": 360900000,
    "operatingIncomeRatio": 0.0345928226,
    "totalOtherIncomeExpensesNet": -79200000,
    "incomeBeforeTax": 281700000,
    "incomeBeforeTaxRatio": 0.0270013803,
    "incomeTaxExpense": 125700000,
    "netIncome": 133400000,
    "netIncomeRatio": 0.0127865961,
    "eps": 0.28,
    "epsdiluted": 0.28,
    "weightedAverageShsOut": 420357143,
    "weightedAverageShsOutDil": 420357143,
    "link": "",
    "finalLink": ""
  },
  {
    "date": "1991-12-31",
    "symbol": "CVS",
    "reportedCurrency": "USD",
    "cik": "0000064803",
    "fillingDate": "1991-12-31",
    "acceptedDate": "1991-12-30 19:00:00",
    "calendarYear": "1991",
    "period": "FY",
    "revenue": 9886200000,
    "costOfRevenue": 6163900000,
    "grossProfit": 3722300000,
    "grossProfitRatio": 0.3765147377,
    "researchAndDevelopmentExpenses": 0,
    "generalAndAdministrativeExpenses": 0,
    "sellingAndMarketingExpenses": 0,
    "sellingGeneralAndAdministrativeExpenses": 2914200000,
    "otherExpenses": 138500000,
    "operatingExpenses": 3052700000,
    "costAndExpenses": 9216600000,
    "interestIncome": 0,
    "interestExpense": 0,
    "depreciationAndAmortization": 138500000,
    "ebitda": 808100000,
    "ebitdaratio": 0.0817402035,
    "operatingIncome": 669600000,
    "operatingIncomeRatio": 0.0677307762,
    "totalOtherIncomeExpensesNet": -80000000,
    "incomeBeforeTax": 589600000,
    "incomeBeforeTaxRatio": 0.0596386883,
    "incomeTaxExpense": 242900000,
    "netIncome": 346700000,
    "netIncomeRatio": 0.0350690862,
    "eps": 0.8,
    "epsdiluted": 0.8,
    "weightedAverageShsOut": 413625000,
    "weightedAverageShsOutDil": 413625000,
    "link": "",
    "finalLink": ""
  },
  {
    "date": "1990-12-31",
    "symbol": "CVS",
    "reportedCurrency": "USD",
    "cik": "0000064803",
    "fillingDate": "1990-12-31",
    "acceptedDate": "1990-12-30 19:00:00",
    "calendarYear": "1990",
    "period": "FY",
    "revenue": 8686800000,
    "costOfRevenue": 5372400000,
    "grossProfit": 3314400000,
    "grossProfitRatio": 0.3815444122,
    "researchAndDevelopmentExpenses": 0,
    "generalAndAdministrativeExpenses": 0,
    "sellingAndMarketingExpenses": 0,
    "sellingGeneralAndAdministrativeExpenses": 2535800000,
    "otherExpenses": 114400000,
    "operatingExpenses": 2650200000,
    "costAndExpenses": 8022600000,
    "interestIncome": 0,
    "interestExpense": 0,
    "depreciationAndAmortization": 114400000,
    "ebitda": 778600000,
    "ebitdaratio": 0.0896302436,
    "operatingIncome": 664200000,
    "operatingIncomeRatio": 0.0764608371,
    "totalOtherIncomeExpensesNet": -76900000,
    "incomeBeforeTax": 587300000,
    "incomeBeforeTaxRatio": 0.0676083253,
    "incomeTaxExpense": 202000000,
    "netIncome": 385300000,
    "netIncomeRatio": 0.044354653,
    "eps": 0.9,
    "epsdiluted": 0.9,
    "weightedAverageShsOut": 410444444,
    "weightedAverageShsOutDil": 410444444,
    "link": "",
    "finalLink": ""
  },
  {
    "date": "1989-12-31",
    "symbol": "CVS",
    "reportedCurrency": "USD",
    "cik": "0000064803",
    "fillingDate": "1989-12-31",
    "acceptedDate": "1989-12-30 19:00:00",
    "calendarYear": "1989",
    "period": "FY",
    "revenue": 7554000000,
    "costOfRevenue": 4564100000,
    "grossProfit": 2989900000,
    "grossProfitRatio": 0.3958035478,
    "researchAndDevelopmentExpenses": 0,
    "generalAndAdministrativeExpenses": 0,
    "sellingAndMarketingExpenses": 0,
    "sellingGeneralAndAdministrativeExpenses": 2231200000,
    "otherExpenses": 97800000,
    "operatingExpenses": 2329000000,
    "costAndExpenses": 6893100000,
    "interestIncome": 0,
    "interestExpense": 0,
    "depreciationAndAmortization": 97800000,
    "ebitda": 758700000,
    "ebitdaratio": 0.1004368546,
    "operatingIncome": 660900000,
    "operatingIncomeRatio": 0.0874900715,
    "totalOtherIncomeExpensesNet": -54800000,
    "incomeBeforeTax": 606100000,
    "incomeBeforeTaxRatio": 0.0802356367,
    "incomeTaxExpense": 208000000,
    "netIncome": 398100000,
    "netIncomeRatio": 0.052700556,
    "eps": 0.89,
    "epsdiluted": 0.89,
    "weightedAverageShsOut": 430674157,
    "weightedAverageShsOutDil": 430674157,
    "link": "",
    "finalLink": ""
  },
  {
    "date": "1988-12-31",
    "symbol": "CVS",
    "reportedCurrency": "USD",
    "cik": "0000064803",
    "fillingDate": "1988-12-31",
    "acceptedDate": "1988-12-30 19:00:00",
    "calendarYear": "1988",
    "period": "FY",
    "revenue": 6780400000,
    "costOfRevenue": 4085600000,
    "grossProfit": 2694800000,
    "grossProfitRatio": 0.3974396791,
    "researchAndDevelopmentExpenses": 0,
    "generalAndAdministrativeExpenses": 0,
    "sellingAndMarketingExpenses": 0,
    "sellingGeneralAndAdministrativeExpenses": 2023000000,
    "otherExpenses": 82200000,
    "operatingExpenses": 2105200000,
    "costAndExpenses": 6190800000,
    "interestIncome": 0,
    "interestExpense": 0,
    "depreciationAndAmortization": 82200000,
    "ebitda": 671800000,
    "ebitdaratio": 0.0990797003,
    "operatingIncome": 589600000,
    "operatingIncomeRatio": 0.0869565217,
    "totalOtherIncomeExpensesNet": -47100000,
    "incomeBeforeTax": 542500000,
    "incomeBeforeTaxRatio": 0.0800100289,
    "incomeTaxExpense": 188000000,
    "netIncome": 354500000,
    "netIncomeRatio": 0.0522830511,
    "eps": 0.41,
    "epsdiluted": 0.41,
    "weightedAverageShsOut": 435808000,
    "weightedAverageShsOutDil": 435808000,
    "link": "",
    "finalLink": ""
  },
  {
    "date": "1987-12-31",
    "symbol": "CVS",
    "reportedCurrency": "USD",
    "cik": "0000064803",
    "fillingDate": "1987-12-31",
    "acceptedDate": "1987-12-30 19:00:00",
    "calendarYear": "1987",
    "period": "FY",
    "revenue": 5930300000,
    "costOfRevenue": 3567800000,
    "grossProfit": 2362500000,
    "grossProfitRatio": 0.3983778224,
    "researchAndDevelopmentExpenses": 0,
    "generalAndAdministrativeExpenses": 0,
    "sellingAndMarketingExpenses": 0,
    "sellingGeneralAndAdministrativeExpenses": 1766900000,
    "otherExpenses": 72000000,
    "operatingExpenses": 1838900000,
    "costAndExpenses": 5406700000,
    "interestIncome": 0,
    "interestExpense": 0,
    "depreciationAndAmortization": 72000000,
    "ebitda": 595600000,
    "ebitdaratio": 0.1004333676,
    "operatingIncome": 523600000,
    "operatingIncomeRatio": 0.0882923292,
    "totalOtherIncomeExpensesNet": -47500000,
    "incomeBeforeTax": 476100000,
    "incomeBeforeTaxRatio": 0.0802826164,
    "incomeTaxExpense": 190700000,
    "netIncome": 285400000,
    "netIncomeRatio": 0.0481257272,
    "eps": 0.66,
    "epsdiluted": 0.66,
    "weightedAverageShsOut": 432272727,
    "weightedAverageShsOutDil": 432272727,
    "link": "",
    "finalLink": ""
  },
  {
    "date": "1986-12-31",
    "symbol": "CVS",
    "reportedCurrency": "USD",
    "cik": "0000064803",
    "fillingDate": "1986-12-31",
    "acceptedDate": "1986-12-30 19:00:00",
    "calendarYear": "1986",
    "period": "FY",
    "revenue": 5262400000,
    "costOfRevenue": 3141100000,
    "grossProfit": 2121300000,
    "grossProfitRatio": 0.4031050471,
    "researchAndDevelopmentExpenses": 0,
    "generalAndAdministrativeExpenses": 0,
    "sellingAndMarketingExpenses": 0,
    "sellingGeneralAndAdministrativeExpenses": 1573700000,
    "otherExpenses": 64100000,
    "operatingExpenses": 1637800000,
    "costAndExpenses": 4778900000,
    "interestIncome": 0,
    "interestExpense": 0,
    "depreciationAndAmortization": 64100000,
    "ebitda": 547600000,
    "ebitdaratio": 0.1040589845,
    "operatingIncome": 483500000,
    "operatingIncomeRatio": 0.0918782305,
    "totalOtherIncomeExpensesNet": -51300000,
    "incomeBeforeTax": 432200000,
    "incomeBeforeTaxRatio": 0.0821298267,
    "incomeTaxExpense": 193900000,
    "netIncome": 238300000,
    "netIncomeRatio": 0.0452835208,
    "eps": 0.55,
    "epsdiluted": 0.55,
    "weightedAverageShsOut": 433090909,
    "weightedAverageShsOutDil": 433090909,
    "link": "",
    "finalLink": ""
  },
  {
    "date": "1985-12-31",
    "symbol": "CVS",
    "reportedCurrency": "USD",
    "cik": "0000064803",
    "fillingDate": "1985-12-31",
    "acceptedDate": "1985-12-30 19:00:00",
    "calendarYear": "1985",
    "period": "FY",
    "revenue": 4774900000,
    "costOfRevenue": 2853900000,
    "grossProfit": 1921000000,
    "grossProfitRatio": 0.4023120903,
    "researchAndDevelopmentExpenses": 0,
    "generalAndAdministrativeExpenses": 0,
    "sellingAndMarketingExpenses": 0,
    "sellingGeneralAndAdministrativeExpenses": 1408900000,
    "otherExpenses": 63100000,
    "operatingExpenses": 1472000000,
    "costAndExpenses": 4325900000,
    "interestIncome": 0,
    "interestExpense": 0,
    "depreciationAndAmortization": 63100000,
    "ebitda": 512100000,
    "ebitdaratio": 0.1072483193,
    "operatingIncome": 449000000,
    "operatingIncomeRatio": 0.0940333829,
    "totalOtherIncomeExpensesNet": -57800000,
    "incomeBeforeTax": 391200000,
    "incomeBeforeTaxRatio": 0.0819284173,
    "incomeTaxExpense": 171400000,
    "netIncome": 210200000,
    "netIncomeRatio": 0.0440218643,
    "eps": 0.49,
    "epsdiluted": 0.49,
    "weightedAverageShsOut": 433195876,
    "weightedAverageShsOutDil": 433195876,
    "link": "",
    "finalLink": ""
  }
]