[
  {
    "date": "2025-06-30",
    "symbol": "CVX",
    "reportedCurrency": "USD",
    "cik": "0000093410",
    "fillingDate": "2025-08-07",
    "acceptedDate": "2025-08-07 10:18:13",
    "calendarYear": "2025",
    "period": "Q2",
    "revenue": 44375000000,
    "costOfRevenue": 39100000000,
    "grossProfit": 5275000000,
    "grossProfitRatio": 0.1188732394,
    "researchAndDevelopmentExpenses": 0,
    "generalAndAdministrativeExpenses": 0,
    "sellingAndMarketingExpenses": 0,
    "sellingGeneralAndAdministrativeExpenses": 252000000,
    "otherExpenses": 1049000000,
    "operatingExpenses": 1301000000,
    "costAndExpenses": 40401000000,
    "interestIncome": 0,
    "interestExpense": 274000000,
    "depreciationAndAmortization": 4344000000,
    "ebitda": 8765000000,
    "ebitdaratio": 0.1975211268,
    "operatingIncome": 3974000000,
    "operatingIncomeRatio": 0.0895549296,
    "totalOtherIncomeExpensesNet": 173000000,
    "incomeBeforeTax": 4147000000,
    "incomeBeforeTaxRatio": 0.0934535211,
    "incomeTaxExpense": 1632000000,
    "netIncome": 2490000000,
    "netIncomeRatio": 0.0561126761,
    "eps": 1.45,
    "epsdiluted": 1.45,
    "weightedAverageShsOut": 1731836000,
    "weightedAverageShsOutDil": 1737844000,
    "link": "https://www.sec.gov/Archives/edgar/data/93410/000009341025000062/0000093410-25-000062-index.htm",
    "finalLink": "https://www.sec.gov/Archives/edgar/data/93410/000009341025000062/cvx-20250630.htm"
  },
  {
    "date": "2025-03-31",
    "symbol": "CVX",
    "reportedCurrency": "USD",
    "cik": "0000093410",
    "fillingDate": "2025-05-08",
    "acceptedDate": "2025-05-08 10:49:09",
    "calendarYear": "2025",
    "period": "Q1",
    "revenue": 47610000000,
    "costOfRevenue": 36250000000,
    "grossProfit": 11360000000,
    "grossProfitRatio": 0.238605335,
    "researchAndDevelopmentExpenses": 0,
    "generalAndAdministrativeExpenses": 0,
    "sellingAndMarketingExpenses": 0,
    "sellingGeneralAndAdministrativeExpenses": 0,
    "otherExpenses": 13205000000,
    "operatingExpenses": 13205000000,
    "costAndExpenses": 49455000000,
    "interestIncome": 0,
    "interestExpense": 212000000,
    "depreciationAndAmortization": 4123000000,
    "ebitda": 9918000000,
    "ebitdaratio": 0.2083175803,
    "operatingIncome": -1845000000,
    "operatingIncomeRatio": -0.0387523629,
    "totalOtherIncomeExpensesNet": 7428000000,
    "incomeBeforeTax": 5583000000,
    "incomeBeforeTaxRatio": 0.1172652804,
    "incomeTaxExpense": 2071000000,
    "netIncome": 3512000000,
    "netIncomeRatio": 0.0737660155,
    "eps": 2.01,
    "epsdiluted": 2.01,
    "weightedAverageShsOut": 1744628000,
    "weightedAverageShsOutDil": 1751441000,
    "link": "https://www.sec.gov/Archives/edgar/data/93410/000009341025000019/0000093410-25-000019-index.htm",
    "finalLink": "https://www.sec.gov/Archives/edgar/data/93410/000009341025000019/cvx-20250331.htm"
  },
  {
    "date": "2024-12-31",
    "symbol": "CVX",
    "reportedCurrency": "USD",
    "cik": "0000093410",
    "fillingDate": "2025-02-21",
    "acceptedDate": "2025-02-21 11:20:51",
    "calendarYear": "2024",
    "period": "Q4",
    "revenue": 48334000000,
    "costOfRevenue": 35121000000,
    "grossProfit": 13213000000,
    "grossProfitRatio": 0.2733686432,
    "researchAndDevelopmentExpenses": 0,
    "generalAndAdministrativeExpenses": 0,
    "sellingAndMarketingExpenses": 0,
    "sellingGeneralAndAdministrativeExpenses": 1585000000,
    "otherExpenses": 9212000000,
    "operatingExpenses": 10797000000,
    "costAndExpenses": 45918000000,
    "interestIncome": 0,
    "interestExpense": 199000000,
    "depreciationAndAmortization": 5177000000,
    "ebitda": 11435000000,
    "ebitdaratio": 0.2365829437,
    "operatingIncome": 2416000000,
    "operatingIncomeRatio": 0.0499855174,
    "totalOtherIncomeExpensesNet": 3643000000,
    "incomeBeforeTax": 6059000000,
    "incomeBeforeTaxRatio": 0.1253568916,
    "incomeTaxExpense": 2800000000,
    "netIncome": 3239000000,
    "netIncomeRatio": 0.0670128688,
    "eps": 1.83,
    "epsdiluted": 1.82,
    "weightedAverageShsOut": 1770310000,
    "weightedAverageShsOutDil": 1777366000,
    "link": "https://www.sec.gov/Archives/edgar/data/93410/000009341025000009/0000093410-25-000009-index.htm",
    "finalLink": "https://www.sec.gov/Archives/edgar/data/93410/000009341025000009/cvx-20241231.htm"
  },
  {
    "date": "2024-09-30",
    "symbol": "CVX",
    "reportedCurrency": "USD",
    "cik": "0000093410",
    "fillingDate": "2024-11-07",
    "acceptedDate": "2024-11-07 11:26:20",
    "calendarYear": "2024",
    "period": "Q3",
    "revenue": 48926000000,
    "costOfRevenue": 34664000000,
    "grossProfit": 14262000000,
    "grossProfitRatio": 0.2915014512,
    "researchAndDevelopmentExpenses": 0,
    "generalAndAdministrativeExpenses": 0,
    "sellingAndMarketingExpenses": 0,
    "sellingGeneralAndAdministrativeExpenses": 1191000000,
    "otherExpenses": 8112000000,
    "operatingExpenses": 9303000000,
    "costAndExpenses": 43967000000,
    "interestIncome": 0,
    "interestExpense": 164000000,
    "depreciationAndAmortization": 4230000000,
    "ebitda": 10883000000,
    "ebitdaratio": 0.2224379675,
    "operatingIncome": 4959000000,
    "operatingIncomeRatio": 0.1013571516,
    "totalOtherIncomeExpensesNet": 1530000000,
    "incomeBeforeTax": 6489000000,
    "incomeBeforeTaxRatio": 0.1326288681,
    "incomeTaxExpense": 1993000000,
    "netIncome": 4487000000,
    "netIncomeRatio": 0.0917099293,
    "eps": 2.49,
    "epsdiluted": 2.48,
    "weightedAverageShsOut": 1800336000,
    "weightedAverageShsOutDil": 1807030000,
    "link": "https://www.sec.gov/Archives/edgar/data/93410/000009341024000059/0000093410-24-000059-index.htm",
    "finalLink": "https://www.sec.gov/Archives/edgar/data/93410/000009341024000059/cvx-20240930.htm"
  },
  {
    "date": "2024-06-30",
    "symbol": "CVX",
    "reportedCurrency": "USD",
    "cik": "0000093410",
    "fillingDate": "2024-08-07",
    "acceptedDate": "2024-08-07 11:11:12",
    "calendarYear": "2024",
    "period": "Q2",
    "revenue": 49574000000,
    "costOfRevenue": 34871000000,
    "grossProfit": 14703000000,
    "grossProfitRatio": 0.2965869206,
    "researchAndDevelopmentExpenses": 0,
    "generalAndAdministrativeExpenses": 0,
    "sellingAndMarketingExpenses": 0,
    "sellingGeneralAndAdministrativeExpenses": 1048000000,
    "otherExpenses": 8065000000,
    "operatingExpenses": 9113000000,
    "costAndExpenses": 43984000000,
    "interestIncome": 0,
    "interestExpense": 113000000,
    "depreciationAndAmortization": 4185000000,
    "ebitda": 11334000000,
    "ebitdaratio": 0.2286279098,
    "operatingIncome": 5590000000,
    "operatingIncomeRatio": 0.1127607213,
    "totalOtherIncomeExpensesNet": 1446000000,
    "incomeBeforeTax": 7036000000,
    "incomeBeforeTaxRatio": 0.1419292371,
    "incomeTaxExpense": 2593000000,
    "netIncome": 4434000000,
    "netIncomeRatio": 0.0894420462,
    "eps": 2.43,
    "epsdiluted": 2.43,
    "weightedAverageShsOut": 1825842000,
    "weightedAverageShsOutDil": 1833431000,
    "link": "https://www.sec.gov/Archives/edgar/data/93410/000009341024000040/0000093410-24-000040-index.htm",
    "finalLink": "https://www.sec.gov/Archives/edgar/data/93410/000009341024000040/cvx-20240630.htm"
  },
  {
    "date": "2024-03-31",
    "symbol": "CVX",
    "reportedCurrency": "USD",
    "cik": "0000093410",
    "fillingDate": "2024-05-02",
    "acceptedDate": "2024-05-02 11:14:45",
    "calendarYear": "2024",
    "period": "Q1",
    "revenue": 46580000000,
    "costOfRevenue": 31832000000,
    "grossProfit": 14748000000,
    "grossProfitRatio": 0.3166165736,
    "researchAndDevelopmentExpenses": 0,
    "generalAndAdministrativeExpenses": 0,
    "sellingAndMarketingExpenses": 0,
    "sellingGeneralAndAdministrativeExpenses": 1010000000,
    "otherExpenses": 7786000000,
    "operatingExpenses": 8796000000,
    "costAndExpenses": 40628000000,
    "interestIncome": 0,
    "interestExpense": 118000000,
    "depreciationAndAmortization": 4119000000,
    "ebitda": 12159000000,
    "ebitdaratio": 0.2610347789,
    "operatingIncome": 5952000000,
    "operatingIncomeRatio": 0.1277801632,
    "totalOtherIncomeExpensesNet": 1970000000,
    "incomeBeforeTax": 7922000000,
    "incomeBeforeTaxRatio": 0.1700729927,
    "incomeTaxExpense": 2371000000,
    "netIncome": 5501000000,
    "netIncomeRatio": 0.1180978961,
    "eps": 2.99,
    "epsdiluted": 2.97,
    "weightedAverageShsOut": 1842377000,
    "weightedAverageShsOutDil": 1849116000,
    "link": "https://www.sec.gov/Archives/edgar/data/93410/000009341024000021/0000093410-24-000021-index.htm",
    "finalLink": "https://www.sec.gov/Archives/edgar/data/93410/000009341024000021/cvx-20240331.htm"
  },
  {
    "date": "2023-12-31",
    "symbol": "CVX",
    "reportedCurrency": "USD",
    "cik": "0000093410",
    "fillingDate": "2024-02-26",
    "acceptedDate": "2024-02-26 16:07:14",
    "calendarYear": "2023",
    "period": "Q4",
    "revenue": 48933000000,
    "costOfRevenue": 34731000000,
    "grossProfit": 14202000000,
    "grossProfitRatio": 0.2902335847,
    "researchAndDevelopmentExpenses": 0,
    "generalAndAdministrativeExpenses": 0,
    "sellingAndMarketingExpenses": 0,
    "sellingGeneralAndAdministrativeExpenses": 969000000,
    "otherExpenses": 7826000000,
    "operatingExpenses": 8795000000,
    "costAndExpenses": 43526000000,
    "interestIncome": 0,
    "interestExpense": 120000000,
    "depreciationAndAmortization": 3602000000,
    "ebitda": 7212000000,
    "ebitdaratio": 0.1473852002,
    "operatingIncome": 5407000000,
    "operatingIncomeRatio": 0.1104980279,
    "totalOtherIncomeExpensesNet": -1917000000,
    "incomeBeforeTax": 3490000000,
    "incomeBeforeTaxRatio": 0.0713220117,
    "incomeTaxExpense": 1247000000,
    "netIncome": 2259000000,
    "netIncomeRatio": 0.0461651646,
    "eps": 1.23,
    "epsdiluted": 1.22,
    "weightedAverageShsOut": 1861474000,
    "weightedAverageShsOutDil": 1868101000,
    "link": "https://www.sec.gov/Archives/edgar/data/93410/000009341024000013/0000093410-24-000013-index.htm",
    "finalLink": "https://www.sec.gov/Archives/edgar/data/93410/000009341024000013/cvx-20231231.htm"
  },
  {
    "date": "2023-09-30",
    "symbol": "CVX",
    "reportedCurrency": "USD",
    "cik": "0000093410",
    "fillingDate": "2023-11-02",
    "acceptedDate": "2023-11-02 11:16:26",
    "calendarYear": "2023",
    "period": "Q3",
    "revenue": 51922000000,
    "costOfRevenue": 36353000000,
    "grossProfit": 15569000000,
    "grossProfitRatio": 0.2998536266,
    "researchAndDevelopmentExpenses": 0,
    "generalAndAdministrativeExpenses": 0,
    "sellingAndMarketingExpenses": 0,
    "sellingGeneralAndAdministrativeExpenses": 1163000000,
    "otherExpenses": 5347000000,
    "operatingExpenses": 6510000000,
    "costAndExpenses": 42863000000,
    "interestIncome": 0,
    "interestExpense": 114000000,
    "depreciationAndAmortization": 4197000000,
    "ebitda": 13049000000,
    "ebitdaratio": 0.2513192866,
    "operatingIncome": 9059000000,
    "operatingIncomeRatio": 0.1744732483,
    "totalOtherIncomeExpensesNet": -321000000,
    "incomeBeforeTax": 8738000000,
    "incomeBeforeTaxRatio": 0.1682908979,
    "incomeTaxExpense": 2183000000,
    "netIncome": 6526000000,
    "netIncomeRatio": 0.1256885328,
    "eps": 3.48,
    "epsdiluted": 3.48,
    "weightedAverageShsOut": 1870963000,
    "weightedAverageShsOutDil": 1877104000,
    "link": "https://www.sec.gov/Archives/edgar/data/93410/000009341023000088/0000093410-23-000088-index.htm",
    "finalLink": "https://www.sec.gov/Archives/edgar/data/93410/000009341023000088/cvx-20230930.htm"
  },
  {
    "date": "2023-06-30",
    "symbol": "CVX",
    "reportedCurrency": "USD",
    "cik": "0000093410",
    "fillingDate": "2023-08-03",
    "acceptedDate": "2023-08-03 10:51:13",
    "calendarYear": "2023",
    "period": "Q2",
    "revenue": 47216000000,
    "costOfRevenue": 32505000000,
    "grossProfit": 14711000000,
    "grossProfitRatio": 0.3115681125,
    "researchAndDevelopmentExpenses": 0,
    "generalAndAdministrativeExpenses": 0,
    "sellingAndMarketingExpenses": 0,
    "sellingGeneralAndAdministrativeExpenses": 1128000000,
    "otherExpenses": 7267000000,
    "operatingExpenses": 8395000000,
    "costAndExpenses": 40900000000,
    "interestIncome": 0,
    "interestExpense": 120000000,
    "depreciationAndAmortization": 3559000000,
    "ebitda": 11516000000,
    "ebitdaratio": 0.2439003728,
    "operatingIncome": 6316000000,
    "operatingIncomeRatio": 0.1337682142,
    "totalOtherIncomeExpensesNet": 1521000000,
    "incomeBeforeTax": 7837000000,
    "incomeBeforeTaxRatio": 0.1659818706,
    "incomeTaxExpense": 1829000000,
    "netIncome": 6010000000,
    "netIncomeRatio": 0.1272873602,
    "eps": 3.22,
    "epsdiluted": 3.2,
    "weightedAverageShsOut": 1867165000,
    "weightedAverageShsOutDil": 1875508000,
    "link": "https://www.sec.gov/Archives/edgar/data/93410/000009341023000079/0000093410-23-000079-index.htm",
    "finalLink": "https://www.sec.gov/Archives/edgar/data/93410/000009341023000079/cvx-20230630.htm"
  },
  {
    "date": "2023-03-31",
    "symbol": "CVX",
    "reportedCurrency": "USD",
    "cik": "0000093410",
    "fillingDate": "2023-05-04",
    "acceptedDate": "2023-05-04 11:29:30",
    "calendarYear": "2023",
    "period": "Q1",
    "revenue": 48842000000,
    "costOfRevenue": 32933000000,
    "grossProfit": 15909000000,
    "grossProfitRatio": 0.3257237623,
    "researchAndDevelopmentExpenses": 0,
    "generalAndAdministrativeExpenses": 0,
    "sellingAndMarketingExpenses": 0,
    "sellingGeneralAndAdministrativeExpenses": 881000000,
    "otherExpenses": 7307000000,
    "operatingExpenses": 8188000000,
    "costAndExpenses": 41121000000,
    "interestIncome": 0,
    "interestExpense": 115000000,
    "depreciationAndAmortization": 3631000000,
    "ebitda": 13265000000,
    "ebitdaratio": 0.271590025,
    "operatingIncome": 7721000000,
    "operatingIncomeRatio": 0.1580811597,
    "totalOtherIncomeExpensesNet": 1798000000,
    "incomeBeforeTax": 9519000000,
    "incomeBeforeTaxRatio": 0.194893739,
    "incomeTaxExpense": 2914000000,
    "netIncome": 6574000000,
    "netIncomeRatio": 0.1345972728,
    "eps": 3.48,
    "epsdiluted": 3.46,
    "weightedAverageShsOut": 1891695000,
    "weightedAverageShsOutDil": 1900785000,
    "link": "https://www.sec.gov/Archives/edgar/data/93410/000009341023000066/0000093410-23-000066-index.htm",
    "finalLink": "https://www.sec.gov/Archives/edgar/data/93410/000009341023000066/cvx-20230331.htm"
  },
  {
    "date": "2022-12-31",
    "symbol": "CVX",
    "reportedCurrency": "USD",
    "cik": "0000093410",
    "fillingDate": "2023-02-23",
    "acceptedDate": "2023-02-23 11:51:02",
    "calendarYear": "2022",
    "period": "Q4",
    "revenue": 54523000000,
    "costOfRevenue": 39438000000,
    "grossProfit": 15085000000,
    "grossProfitRatio": 0.2766722301,
    "researchAndDevelopmentExpenses": 0,
    "generalAndAdministrativeExpenses": 0,
    "sellingAndMarketingExpenses": 0,
    "sellingGeneralAndAdministrativeExpenses": 1454000000,
    "otherExpenses": 5614000000,
    "operatingExpenses": 7068000000,
    "costAndExpenses": 46506000000,
    "interestIncome": 0,
    "interestExpense": 123000000,
    "depreciationAndAmortization": 3485000000,
    "ebitda": 13416000000,
    "ebitdaratio": 0.2460612952,
    "operatingIncome": 8017000000,
    "operatingIncomeRatio": 0.1470388643,
    "totalOtherIncomeExpensesNet": 1791000000,
    "incomeBeforeTax": 9808000000,
    "incomeBeforeTaxRatio": 0.179887387,
    "incomeTaxExpense": 3430000000,
    "netIncome": 6353000000,
    "netIncomeRatio": 0.1165196339,
    "eps": 3.34,
    "epsdiluted": 3.33,
    "weightedAverageShsOut": 1910602000,
    "weightedAverageShsOutDil": 1919731000,
    "link": "https://www.sec.gov/Archives/edgar/data/93410/000009341023000009/0000093410-23-000009-index.htm",
    "finalLink": "https://www.sec.gov/Archives/edgar/data/93410/000009341023000009/cvx-20221231.htm"
  },
  {
    "date": "2022-09-30",
    "symbol": "CVX",
    "reportedCurrency": "USD",
    "cik": "0000093410",
    "fillingDate": "2022-11-03",
    "acceptedDate": "2022-11-03 11:42:38",
    "calendarYear": "2022",
    "period": "Q3",
    "revenue": 63508000000,
    "costOfRevenue": 42952000000,
    "grossProfit": 20556000000,
    "grossProfitRatio": 0.3236757574,
    "researchAndDevelopmentExpenses": 0,
    "generalAndAdministrativeExpenses": 0,
    "sellingAndMarketingExpenses": 0,
    "sellingGeneralAndAdministrativeExpenses": 1028000000,
    "otherExpenses": 7519000000,
    "operatingExpenses": 8547000000,
    "costAndExpenses": 51499000000,
    "interestIncome": 0,
    "interestExpense": 128000000,
    "depreciationAndAmortization": 4222000000,
    "ebitda": 19159000000,
    "ebitdaratio": 0.3016785287,
    "operatingIncome": 12009000000,
    "operatingIncomeRatio": 0.1890942873,
    "totalOtherIncomeExpensesNet": 2800000000,
    "incomeBeforeTax": 14809000000,
    "incomeBeforeTaxRatio": 0.233183221,
    "incomeTaxExpense": 3571000000,
    "netIncome": 11231000000,
    "netIncomeRatio": 0.1768438622,
    "eps": 5.81,
    "epsdiluted": 5.78,
    "weightedAverageShsOut": 1932238000,
    "weightedAverageShsOutDil": 1940002000,
    "link": "https://www.sec.gov/Archives/edgar/data/93410/000009341022000075/0000093410-22-000075-index.htm",
    "finalLink": "https://www.sec.gov/Archives/edgar/data/93410/000009341022000075/cvx-20220930.htm"
  },
  {
    "date": "2022-06-30",
    "symbol": "CVX",
    "reportedCurrency": "USD",
    "cik": "0000093410",
    "fillingDate": "2022-08-04",
    "acceptedDate": "2022-08-04 11:33:10",
    "calendarYear": "2022",
    "period": "Q2",
    "revenue": 65372000000,
    "costOfRevenue": 44384000000,
    "grossProfit": 20988000000,
    "grossProfitRatio": 0.3210548859,
    "researchAndDevelopmentExpenses": 0,
    "generalAndAdministrativeExpenses": 0,
    "sellingAndMarketingExpenses": 0,
    "sellingGeneralAndAdministrativeExpenses": 863000000,
    "otherExpenses": 7396000000,
    "operatingExpenses": 8259000000,
    "costAndExpenses": 52643000000,
    "interestIncome": 0,
    "interestExpense": 129000000,
    "depreciationAndAmortization": 3799000000,
    "ebitda": 19931000000,
    "ebitdaratio": 0.3048858839,
    "operatingIncome": 12729000000,
    "operatingIncomeRatio": 0.1947163923,
    "totalOtherIncomeExpensesNet": 3274000000,
    "incomeBeforeTax": 16003000000,
    "incomeBeforeTaxRatio": 0.2447989965,
    "incomeTaxExpense": 4288000000,
    "netIncome": 11622000000,
    "netIncomeRatio": 0.1777825369,
    "eps": 5.98,
    "epsdiluted": 5.95,
    "weightedAverageShsOut": 1947703000,
    "weightedAverageShsOutDil": 1957109000,
    "link": "https://www.sec.gov/Archives/edgar/data/93410/000009341022000066/0000093410-22-000066-index.htm",
    "finalLink": "https://www.sec.gov/Archives/edgar/data/93410/000009341022000066/cvx-20220630.htm"
  },
  {
    "date": "2022-03-31",
    "symbol": "CVX",
    "reportedCurrency": "USD",
    "cik": "0000093410",
    "fillingDate": "2022-05-04",
    "acceptedDate": "2022-05-04 12:16:42",
    "calendarYear": "2022",
    "period": "Q1",
    "revenue": 52314000000,
    "costOfRevenue": 37065000000,
    "grossProfit": 15249000000,
    "grossProfitRatio": 0.2914898498,
    "researchAndDevelopmentExpenses": 0,
    "generalAndAdministrativeExpenses": 0,
    "sellingAndMarketingExpenses": 0,
    "sellingGeneralAndAdministrativeExpenses": 967000000,
    "otherExpenses": 7087000000,
    "operatingExpenses": 8054000000,
    "costAndExpenses": 45119000000,
    "interestIncome": 0,
    "interestExpense": 136000000,
    "depreciationAndAmortization": 3789000000,
    "ebitda": 12979000000,
    "ebitdaratio": 0.2480980235,
    "operatingIncome": 7195000000,
    "operatingIncomeRatio": 0.1375348855,
    "totalOtherIncomeExpensesNet": 1859000000,
    "incomeBeforeTax": 9054000000,
    "incomeBeforeTaxRatio": 0.1730703062,
    "incomeTaxExpense": 2777000000,
    "netIncome": 6259000000,
    "netIncomeRatio": 0.1196429254,
    "eps": 3.23,
    "epsdiluted": 3.22,
    "weightedAverageShsOut": 1935668000,
    "weightedAverageShsOutDil": 1944542000,
    "link": "https://www.sec.gov/Archives/edgar/data/93410/000009341022000026/0000093410-22-000026-index.htm",
    "finalLink": "https://www.sec.gov/Archives/edgar/data/93410/000009341022000026/cvx-20220331.htm"
  },
  {
    "date": "2021-12-31",
    "symbol": "CVX",
    "reportedCurrency": "USD",
    "cik": "0000093410",
    "fillingDate": "2022-02-24",
    "acceptedDate": "2022-02-24 11:45:37",
    "calendarYear": "2021",
    "period": "Q4",
    "revenue": 45861000000,
    "costOfRevenue": 32154000000,
    "grossProfit": 13707000000,
    "grossProfitRatio": 0.2988814025,
    "researchAndDevelopmentExpenses": 0,
    "generalAndAdministrativeExpenses": 0,
    "sellingAndMarketingExpenses": 0,
    "sellingGeneralAndAdministrativeExpenses": 1271000000,
    "otherExpenses": 7478000000,
    "operatingExpenses": 8749000000,
    "costAndExpenses": 40903000000,
    "interestIncome": 0,
    "interestExpense": 155000000,
    "depreciationAndAmortization": 3846000000,
    "ebitda": 10986000000,
    "ebitdaratio": 0.2395499444,
    "operatingIncome": 4958000000,
    "operatingIncomeRatio": 0.1081092868,
    "totalOtherIncomeExpensesNet": 2027000000,
    "incomeBeforeTax": 6985000000,
    "incomeBeforeTaxRatio": 0.1523080613,
    "incomeTaxExpense": 1903000000,
    "netIncome": 5055000000,
    "netIncomeRatio": 0.1102243737,
    "eps": 2.63,
    "epsdiluted": 2.63,
    "weightedAverageShsOut": 1915440000,
    "weightedAverageShsOutDil": 1922082000,
    "link": "https://www.sec.gov/Archives/edgar/data/93410/000009341022000019/0000093410-22-000019-index.htm",
    "finalLink": "https://www.sec.gov/Archives/edgar/data/93410/000009341022000019/cvx-20211231.htm"
  },
  {
    "date": "2021-09-30",
    "symbol": "CVX",
    "reportedCurrency": "USD",
    "cik": "0000093410",
    "fillingDate": "2021-11-04",
    "acceptedDate": "2021-11-04 13:11:52",
    "calendarYear": "2021",
    "period": "Q3",
    "revenue": 42552000000,
    "costOfRevenue": 28138000000,
    "grossProfit": 14414000000,
    "grossProfitRatio": 0.3387384847,
    "researchAndDevelopmentExpenses": 0,
    "generalAndAdministrativeExpenses": 0,
    "sellingAndMarketingExpenses": 0,
    "sellingGeneralAndAdministrativeExpenses": 657000000,
    "otherExpenses": 7586000000,
    "operatingExpenses": 8243000000,
    "costAndExpenses": 36381000000,
    "interestIncome": 0,
    "interestExpense": 174000000,
    "depreciationAndAmortization": 4340000000,
    "ebitda": 12569000000,
    "ebitdaratio": 0.2953797706,
    "operatingIncome": 6171000000,
    "operatingIncomeRatio": 0.1450225606,
    "totalOtherIncomeExpensesNet": 1884000000,
    "incomeBeforeTax": 8055000000,
    "incomeBeforeTaxRatio": 0.1892978003,
    "incomeTaxExpense": 1940000000,
    "netIncome": 6111000000,
    "netIncomeRatio": 0.1436125212,
    "eps": 3.19,
    "epsdiluted": 3.19,
    "weightedAverageShsOut": 1918006000,
    "weightedAverageShsOutDil": 1921095000,
    "link": "https://www.sec.gov/Archives/edgar/data/93410/000009341021000046/0000093410-21-000046-index.htm",
    "finalLink": "https://www.sec.gov/Archives/edgar/data/93410/000009341021000046/cvx-20210930.htm"
  },
  {
    "date": "2021-06-30",
    "symbol": "CVX",
    "reportedCurrency": "USD",
    "cik": "0000093410",
    "fillingDate": "2021-08-05",
    "acceptedDate": "2021-08-05 11:59:02",
    "calendarYear": "2021",
    "period": "Q2",
    "revenue": 36117000000,
    "costOfRevenue": 25151000000,
    "grossProfit": 10966000000,
    "grossProfitRatio": 0.303624332,
    "researchAndDevelopmentExpenses": 0,
    "generalAndAdministrativeExpenses": 0,
    "sellingAndMarketingExpenses": 0,
    "sellingGeneralAndAdministrativeExpenses": 1096000000,
    "otherExpenses": 6578000000,
    "operatingExpenses": 7674000000,
    "costAndExpenses": 32825000000,
    "interestIncome": 0,
    "interestExpense": 185000000,
    "depreciationAndAmortization": 4537000000,
    "ebitda": 9144000000,
    "ebitdaratio": 0.2531771742,
    "operatingIncome": 3292000000,
    "operatingIncomeRatio": 0.0911482128,
    "totalOtherIncomeExpensesNet": 1130000000,
    "incomeBeforeTax": 4422000000,
    "incomeBeforeTaxRatio": 0.1224354182,
    "incomeTaxExpense": 1328000000,
    "netIncome": 3082000000,
    "netIncomeRatio": 0.0853337763,
    "eps": 1.61,
    "epsdiluted": 1.6,
    "weightedAverageShsOut": 1917536000,
    "weightedAverageShsOutDil": 1921958000,
    "link": "https://www.sec.gov/Archives/edgar/data/93410/000009341021000036/0000093410-21-000036-index.htm",
    "finalLink": "https://www.sec.gov/Archives/edgar/data/93410/000009341021000036/cvx-20210630.htm"
  },
  {
    "date": "2021-03-31",
    "symbol": "CVX",
    "reportedCurrency": "USD",
    "cik": "0000093410",
    "fillingDate": "2021-05-06",
    "acceptedDate": "2021-05-06 11:37:40",
    "calendarYear": "2021",
    "period": "Q1",
    "revenue": 31076000000,
    "costOfRevenue": 21854000000,
    "grossProfit": 9222000000,
    "grossProfitRatio": 0.2967563393,
    "researchAndDevelopmentExpenses": 0,
    "generalAndAdministrativeExpenses": 0,
    "sellingAndMarketingExpenses": 0,
    "sellingGeneralAndAdministrativeExpenses": 990000000,
    "otherExpenses": 6473000000,
    "operatingExpenses": 7463000000,
    "costAndExpenses": 29317000000,
    "interestIncome": 0,
    "interestExpense": 198000000,
    "depreciationAndAmortization": 4290000000,
    "ebitda": 6665000000,
    "ebitdaratio": 0.2144741923,
    "operatingIncome": 1759000000,
    "operatingIncomeRatio": 0.0566031664,
    "totalOtherIncomeExpensesNet": 418000000,
    "incomeBeforeTax": 2177000000,
    "incomeBeforeTaxRatio": 0.070054061,
    "incomeTaxExpense": 779000000,
    "netIncome": 1377000000,
    "netIncomeRatio": 0.0443107221,
    "eps": 0.72,
    "epsdiluted": 0.72,
    "weightedAverageShsOut": 1912925000,
    "weightedAverageShsOutDil": 1915889000,
    "link": "https://www.sec.gov/Archives/edgar/data/93410/000009341021000015/0000093410-21-000015-index.htm",
    "finalLink": "https://www.sec.gov/Archives/edgar/data/93410/000009341021000015/cvx-20210331.htm"
  },
  {
    "date": "2020-12-31",
    "symbol": "CVX",
    "reportedCurrency": "USD",
    "cik": "0000093410",
    "fillingDate": "2021-02-25",
    "acceptedDate": "2021-02-25 14:32:29",
    "calendarYear": "2020",
    "period": "Q4",
    "revenue": 24843000000,
    "costOfRevenue": 17873000000,
    "grossProfit": 6970000000,
    "grossProfitRatio": 0.2805619289,
    "researchAndDevelopmentExpenses": 0,
    "generalAndAdministrativeExpenses": 0,
    "sellingAndMarketingExpenses": 0,
    "sellingGeneralAndAdministrativeExpenses": 1129000000,
    "otherExpenses": 6541000000,
    "operatingExpenses": 7670000000,
    "costAndExpenses": 25543000000,
    "interestIncome": 0,
    "interestExpense": 199000000,
    "depreciationAndAmortization": 1322000000,
    "ebitda": 564000000,
    "ebitdaratio": 0.0227025722,
    "operatingIncome": -700000000,
    "operatingIncomeRatio": -0.0281769513,
    "totalOtherIncomeExpensesNet": -257000000,
    "incomeBeforeTax": -957000000,
    "incomeBeforeTaxRatio": -0.0385219176,
    "incomeTaxExpense": -301000000,
    "netIncome": -665000000,
    "netIncomeRatio": -0.0267681037,
    "eps": -0.33,
    "epsdiluted": -0.33,
    "weightedAverageShsOut": 1910724000,
    "weightedAverageShsOutDil": 1910724000,
    "link": "https://www.sec.gov/Archives/edgar/data/93410/000009341021000009/0000093410-21-000009-index.htm",
    "finalLink": "https://www.sec.gov/Archives/edgar/data/93410/000009341021000009/cvx-20201231.htm"
  },
  {
    "date": "2020-09-30",
    "symbol": "CVX",
    "reportedCurrency": "USD",
    "cik": "0000093410",
    "fillingDate": "2020-11-05",
    "acceptedDate": "2020-11-05 14:29:24",
    "calendarYear": "2020",
    "period": "Q3",
    "revenue": 23997000000,
    "costOfRevenue": 17465000000,
    "grossProfit": 6532000000,
    "grossProfitRatio": 0.2722006918,
    "researchAndDevelopmentExpenses": 0,
    "generalAndAdministrativeExpenses": 0,
    "sellingAndMarketingExpenses": 0,
    "sellingGeneralAndAdministrativeExpenses": 832000000,
    "otherExpenses": 5812000000,
    "operatingExpenses": 6644000000,
    "costAndExpenses": 24109000000,
    "interestIncome": 0,
    "interestExpense": 164000000,
    "depreciationAndAmortization": 4020000000,
    "ebitda": 4140000000,
    "ebitdaratio": 0.1725215652,
    "operatingIncome": -112000000,
    "operatingIncomeRatio": -0.0046672501,
    "totalOtherIncomeExpensesNet": 68000000,
    "incomeBeforeTax": -44000000,
    "incomeBeforeTaxRatio": -0.0018335625,
    "incomeTaxExpense": 165000000,
    "netIncome": -207000000,
    "netIncomeRatio": -0.0086260783,
    "eps": -0.12,
    "epsdiluted": -0.12,
    "weightedAverageShsOut": 1853533000,
    "weightedAverageShsOutDil": 1853533000,
    "link": "https://www.sec.gov/Archives/edgar/data/93410/000009341020000050/0000093410-20-000050-index.htm",
    "finalLink": "https://www.sec.gov/Archives/edgar/data/93410/000009341020000050/cvx-20200930.htm"
  },
  {
    "date": "2020-06-30",
    "symbol": "CVX",
    "reportedCurrency": "USD",
    "cik": "0000093410",
    "fillingDate": "2020-08-05",
    "acceptedDate": "2020-08-05 12:31:48",
    "calendarYear": "2020",
    "period": "Q2",
    "revenue": 15926000000,
    "costOfRevenue": 14861000000,
    "grossProfit": 1065000000,
    "grossProfitRatio": 0.066871782,
    "researchAndDevelopmentExpenses": 0,
    "generalAndAdministrativeExpenses": 0,
    "sellingAndMarketingExpenses": 0,
    "sellingGeneralAndAdministrativeExpenses": 1569000000,
    "otherExpenses": 7390000000,
    "operatingExpenses": 8959000000,
    "costAndExpenses": 23820000000,
    "interestIncome": 0,
    "interestExpense": 172000000,
    "depreciationAndAmortization": 7512000000,
    "ebitda": -2913000000,
    "ebitdaratio": -0.1829084516,
    "operatingIncome": -7894000000,
    "operatingIncomeRatio": -0.495667462,
    "totalOtherIncomeExpensesNet": -2703000000,
    "incomeBeforeTax": -10597000000,
    "incomeBeforeTaxRatio": -0.6653899284,
    "incomeTaxExpense": -2320000000,
    "netIncome": -8270000000,
    "netIncomeRatio": -0.5192766545,
    "eps": -4.44,
    "epsdiluted": -4.44,
    "weightedAverageShsOut": 1853313000,
    "weightedAverageShsOutDil": 1853313000,
    "link": "https://www.sec.gov/Archives/edgar/data/93410/000009341020000039/0000093410-20-000039-index.htm",
    "finalLink": "https://www.sec.gov/Archives/edgar/data/93410/000009341020000039/cvx-20200630.htm"
  },
  {
    "date": "2020-03-31",
    "symbol": "CVX",
    "reportedCurrency": "USD",
    "cik": "0000093410",
    "fillingDate": "2020-05-06",
    "acceptedDate": "2020-05-06 13:56:34",
    "calendarYear": "2020",
    "period": "Q1",
    "revenue": 29705000000,
    "costOfRevenue": 19797000000,
    "grossProfit": 9908000000,
    "grossProfitRatio": 0.333546541,
    "researchAndDevelopmentExpenses": 0,
    "generalAndAdministrativeExpenses": 0,
    "sellingAndMarketingExpenses": 0,
    "sellingGeneralAndAdministrativeExpenses": 683000000,
    "otherExpenses": 6616000000,
    "operatingExpenses": 7299000000,
    "costAndExpenses": 27096000000,
    "interestIncome": 0,
    "interestExpense": 162000000,
    "depreciationAndAmortization": 4338000000,
    "ebitda": 8645000000,
    "ebitdaratio": 0.2910284464,
    "operatingIncome": 2609000000,
    "operatingIncomeRatio": 0.0878303316,
    "totalOtherIncomeExpensesNet": 1536000000,
    "incomeBeforeTax": 4145000000,
    "incomeBeforeTaxRatio": 0.1395387982,
    "incomeTaxExpense": 564000000,
    "netIncome": 3599000000,
    "netIncomeRatio": 0.1211580542,
    "eps": 1.93,
    "epsdiluted": 1.93,
    "weightedAverageShsOut": 1862273000,
    "weightedAverageShsOutDil": 1865649000,
    "link": "https://www.sec.gov/Archives/edgar/data/93410/000009341020000020/0000093410-20-000020-index.htm",
    "finalLink": "https://www.sec.gov/Archives/edgar/data/93410/000009341020000020/cvx03312020-10qdoc.htm"
  },
  {
    "date": "2019-12-31",
    "symbol": "CVX",
    "reportedCurrency": "USD",
    "cik": "0000093410",
    "fillingDate": "2020-02-21",
    "acceptedDate": "2020-02-21 11:40:21",
    "calendarYear": "2019",
    "period": "Q4",
    "revenue": 34574000000,
    "costOfRevenue": 36122000000,
    "grossProfit": -1548000000,
    "grossProfitRatio": -0.0447735292,
    "researchAndDevelopmentExpenses": 0,
    "generalAndAdministrativeExpenses": 0,
    "sellingAndMarketingExpenses": 0,
    "sellingGeneralAndAdministrativeExpenses": 1129000000,
    "otherExpenses": 7228000000,
    "operatingExpenses": 8357000000,
    "costAndExpenses": 44479000000,
    "interestIncome": 0,
    "interestExpense": 178000000,
    "depreciationAndAmortization": 5039000000,
    "ebitda": -3188000000,
    "ebitdaratio": -0.0922080176,
    "operatingIncome": -9905000000,
    "operatingIncomeRatio": -0.2864869555,
    "totalOtherIncomeExpensesNet": 1500000000,
    "incomeBeforeTax": -8405000000,
    "incomeBeforeTaxRatio": -0.2431017528,
    "incomeTaxExpense": -1738000000,
    "netIncome": -6610000000,
    "netIncomeRatio": -0.1911841268,
    "eps": -3.51,
    "epsdiluted": -3.51,
    "weightedAverageShsOut": 1872317000,
    "weightedAverageShsOutDil": 1872317000,
    "link": "https://www.sec.gov/Archives/edgar/data/93410/000009341020000010/0000093410-20-000010-index.htm",
    "finalLink": "https://www.sec.gov/Archives/edgar/data/93410/000009341020000010/cvx12312019-10kdoc.htm"
  },
  {
    "date": "2019-09-30",
    "symbol": "CVX",
    "reportedCurrency": "USD",
    "cik": "0000093410",
    "fillingDate": "2019-11-07",
    "acceptedDate": "2019-11-07 11:28:38",
    "calendarYear": "2019",
    "period": "Q3",
    "revenue": 34779000000,
    "costOfRevenue": 24243000000,
    "grossProfit": 10536000000,
    "grossProfitRatio": 0.3029414302,
    "researchAndDevelopmentExpenses": 0,
    "generalAndAdministrativeExpenses": 0,
    "sellingAndMarketingExpenses": 0,
    "sellingGeneralAndAdministrativeExpenses": 954000000,
    "otherExpenses": 6552000000,
    "operatingExpenses": 7506000000,
    "costAndExpenses": 31749000000,
    "interestIncome": 0,
    "interestExpense": 197000000,
    "depreciationAndAmortization": 4375000000,
    "ebitda": 8621000000,
    "ebitdaratio": 0.2478794675,
    "operatingIncome": 3030000000,
    "operatingIncomeRatio": 0.0871215389,
    "totalOtherIncomeExpensesNet": 1019000000,
    "incomeBeforeTax": 4049000000,
    "incomeBeforeTaxRatio": 0.1164208287,
    "incomeTaxExpense": 1469000000,
    "netIncome": 2580000000,
    "netIncomeRatio": 0.0741826965,
    "eps": 1.38,
    "epsdiluted": 1.36,
    "weightedAverageShsOut": 1880607000,
    "weightedAverageShsOutDil": 1893928000,
    "link": "https://www.sec.gov/Archives/edgar/data/93410/000009341019000038/0000093410-19-000038-index.htm",
    "finalLink": "https://www.sec.gov/Archives/edgar/data/93410/000009341019000038/cvx09302019-10qdoc.htm"
  },
  {
    "date": "2019-06-30",
    "symbol": "CVX",
    "reportedCurrency": "USD",
    "cik": "0000093410",
    "fillingDate": "2019-08-07",
    "acceptedDate": "2019-08-07 12:01:45",
    "calendarYear": "2019",
    "period": "Q2",
    "revenue": 36323000000,
    "costOfRevenue": 25169000000,
    "grossProfit": 11154000000,
    "grossProfitRatio": 0.3070781598,
    "researchAndDevelopmentExpenses": 0,
    "generalAndAdministrativeExpenses": 0,
    "sellingAndMarketingExpenses": 0,
    "sellingGeneralAndAdministrativeExpenses": 1076000000,
    "otherExpenses": 6375000000,
    "operatingExpenses": 7451000000,
    "costAndExpenses": 32620000000,
    "interestIncome": 0,
    "interestExpense": 198000000,
    "depreciationAndAmortization": 4371000000,
    "ebitda": 10504000000,
    "ebitdaratio": 0.2891831622,
    "operatingIncome": 3703000000,
    "operatingIncomeRatio": 0.1019464251,
    "totalOtherIncomeExpensesNet": 2232000000,
    "incomeBeforeTax": 5935000000,
    "incomeBeforeTaxRatio": 0.163395094,
    "incomeTaxExpense": 1645000000,
    "netIncome": 4305000000,
    "netIncomeRatio": 0.118519946,
    "eps": 2.28,
    "epsdiluted": 2.27,
    "weightedAverageShsOut": 1889265000,
    "weightedAverageShsOutDil": 1902977000,
    "link": "https://www.sec.gov/Archives/edgar/data/93410/000009341019000029/0000093410-19-000029-index.htm",
    "finalLink": "https://www.sec.gov/Archives/edgar/data/93410/000009341019000029/cvx06302019-10qdoc.htm"
  },
  {
    "date": "2019-03-31",
    "symbol": "CVX",
    "reportedCurrency": "USD",
    "cik": "0000093410",
    "fillingDate": "2019-05-02",
    "acceptedDate": "2019-05-02 11:33:10",
    "calendarYear": "2019",
    "period": "Q1",
    "revenue": 34189000000,
    "costOfRevenue": 23797000000,
    "grossProfit": 10392000000,
    "grossProfitRatio": 0.3039574132,
    "researchAndDevelopmentExpenses": 0,
    "generalAndAdministrativeExpenses": 0,
    "sellingAndMarketingExpenses": 0,
    "sellingGeneralAndAdministrativeExpenses": 984000000,
    "otherExpenses": 6136000000,
    "operatingExpenses": 7120000000,
    "costAndExpenses": 30917000000,
    "interestIncome": 0,
    "interestExpense": 225000000,
    "depreciationAndAmortization": 4180000000,
    "ebitda": 8362000000,
    "ebitdaratio": 0.2445815906,
    "operatingIncome": 3272000000,
    "operatingIncomeRatio": 0.0957032964,
    "totalOtherIncomeExpensesNet": 685000000,
    "incomeBeforeTax": 3957000000,
    "incomeBeforeTaxRatio": 0.1157389804,
    "incomeTaxExpense": 1315000000,
    "netIncome": 2649000000,
    "netIncomeRatio": 0.0774810612,
    "eps": 1.4,
    "epsdiluted": 1.39,
    "weightedAverageShsOut": 1888002000,
    "weightedAverageShsOutDil": 1900748000,
    "link": "https://www.sec.gov/Archives/edgar/data/93410/000009341019000014/0000093410-19-000014-index.htm",
    "finalLink": "https://www.sec.gov/Archives/edgar/data/93410/000009341019000014/cvx03312019-10qdoc.htm"
  },
  {
    "date": "2018-12-31",
    "symbol": "CVX",
    "reportedCurrency": "USD",
    "cik": "0000093410",
    "fillingDate": "2019-02-22",
    "acceptedDate": "2019-02-22 11:25:08",
    "calendarYear": "2018",
    "period": "Q4",
    "revenue": 40338000000,
    "costOfRevenue": 29172000000,
    "grossProfit": 11166000000,
    "grossProfitRatio": 0.2768109475,
    "researchAndDevelopmentExpenses": 0,
    "generalAndAdministrativeExpenses": 0,
    "sellingAndMarketingExpenses": 0,
    "sellingGeneralAndAdministrativeExpenses": 1080000000,
    "otherExpenses": 6796000000,
    "operatingExpenses": 7876000000,
    "costAndExpenses": 37048000000,
    "interestIncome": 0,
    "interestExpense": 190000000,
    "depreciationAndAmortization": 3954000000,
    "ebitda": 9042000000,
    "ebitdaratio": 0.2241558828,
    "operatingIncome": 3290000000,
    "operatingIncomeRatio": 0.0815608111,
    "totalOtherIncomeExpensesNet": 1608000000,
    "incomeBeforeTax": 4898000000,
    "incomeBeforeTaxRatio": 0.1214239675,
    "incomeTaxExpense": 1175000000,
    "netIncome": 3730000000,
    "netIncomeRatio": 0.09246864,
    "eps": 1.97,
    "epsdiluted": 1.95,
    "weightedAverageShsOut": 1893405000,
    "weightedAverageShsOutDil": 1906823000,
    "link": "https://www.sec.gov/Archives/edgar/data/93410/000009341019000008/0000093410-19-000008-index.htm",
    "finalLink": "https://www.sec.gov/Archives/edgar/data/93410/000009341019000008/cvx12312018-10kdoc.htm"
  },
  {
    "date": "2018-09-30",
    "symbol": "CVX",
    "reportedCurrency": "USD",
    "cik": "0000093410",
    "fillingDate": "2018-11-08",
    "acceptedDate": "2018-11-08 11:41:58",
    "calendarYear": "2018",
    "period": "Q3",
    "revenue": 42105000000,
    "costOfRevenue": 30061000000,
    "grossProfit": 12044000000,
    "grossProfitRatio": 0.2860467878,
    "researchAndDevelopmentExpenses": 0,
    "generalAndAdministrativeExpenses": 0,
    "sellingAndMarketingExpenses": 0,
    "sellingGeneralAndAdministrativeExpenses": 1018000000,
    "otherExpenses": 6869000000,
    "operatingExpenses": 7887000000,
    "costAndExpenses": 37948000000,
    "interestIncome": 0,
    "interestExpense": 182000000,
    "depreciationAndAmortization": 5870000000,
    "ebitda": 11751000000,
    "ebitdaratio": 0.2790879943,
    "operatingIncome": 4157000000,
    "operatingIncomeRatio": 0.0987293671,
    "totalOtherIncomeExpensesNet": 1542000000,
    "incomeBeforeTax": 5699000000,
    "incomeBeforeTaxRatio": 0.135352096,
    "incomeTaxExpense": 1643000000,
    "netIncome": 4047000000,
    "netIncomeRatio": 0.0961168507,
    "eps": 2.13,
    "epsdiluted": 2.11,
    "weightedAverageShsOut": 1900717000,
    "weightedAverageShsOutDil": 1917474000,
    "link": "https://www.sec.gov/Archives/edgar/data/93410/000009341018000035/0000093410-18-000035-index.htm",
    "finalLink": "https://www.sec.gov/Archives/edgar/data/93410/000009341018000035/cvx09302018-10qdoc.htm"
  },
  {
    "date": "2018-06-30",
    "symbol": "CVX",
    "reportedCurrency": "USD",
    "cik": "0000093410",
    "fillingDate": "2018-08-02",
    "acceptedDate": "2018-08-02 11:42:15",
    "calendarYear": "2018",
    "period": "Q2",
    "revenue": 40491000000,
    "costOfRevenue": 29242000000,
    "grossProfit": 11249000000,
    "grossProfitRatio": 0.277814823,
    "researchAndDevelopmentExpenses": 0,
    "generalAndAdministrativeExpenses": 0,
    "sellingAndMarketingExpenses": 0,
    "sellingGeneralAndAdministrativeExpenses": 1017000000,
    "otherExpenses": 6753000000,
    "operatingExpenses": 7770000000,
    "costAndExpenses": 37012000000,
    "interestIncome": 0,
    "interestExpense": 217000000,
    "depreciationAndAmortization": 4559000000,
    "ebitda": 9681000000,
    "ebitdaratio": 0.2390901682,
    "operatingIncome": 3479000000,
    "operatingIncomeRatio": 0.085920328,
    "totalOtherIncomeExpensesNet": 1426000000,
    "incomeBeforeTax": 4905000000,
    "incomeBeforeTaxRatio": 0.1211380307,
    "incomeTaxExpense": 1483000000,
    "netIncome": 3409000000,
    "netIncomeRatio": 0.0841915487,
    "eps": 1.79,
    "epsdiluted": 1.78,
    "weightedAverageShsOut": 1900375000,
    "weightedAverageShsOutDil": 1918949000,
    "link": "https://www.sec.gov/Archives/edgar/data/93410/000009341018000029/0000093410-18-000029-index.htm",
    "finalLink": "https://www.sec.gov/Archives/edgar/data/93410/000009341018000029/cvx06302018-10qdoc.htm"
  },
  {
    "date": "2018-03-31",
    "symbol": "CVX",
    "reportedCurrency": "USD",
    "cik": "0000093410",
    "fillingDate": "2018-05-03",
    "acceptedDate": "2018-05-03 11:45:56",
    "calendarYear": "2018",
    "period": "Q1",
    "revenue": 35968000000,
    "costOfRevenue": 25522000000,
    "grossProfit": 10446000000,
    "grossProfitRatio": 0.2904248221,
    "researchAndDevelopmentExpenses": 0,
    "generalAndAdministrativeExpenses": 0,
    "sellingAndMarketingExpenses": 0,
    "sellingGeneralAndAdministrativeExpenses": 723000000,
    "otherExpenses": 6203000000,
    "operatingExpenses": 6926000000,
    "costAndExpenses": 32448000000,
    "interestIncome": 0,
    "interestExpense": 159000000,
    "depreciationAndAmortization": 4334000000,
    "ebitda": 9566000000,
    "ebitdaratio": 0.2659586299,
    "operatingIncome": 3520000000,
    "operatingIncomeRatio": 0.0978647687,
    "totalOtherIncomeExpensesNet": 1553000000,
    "incomeBeforeTax": 5073000000,
    "incomeBeforeTaxRatio": 0.1410420374,
    "incomeTaxExpense": 1414000000,
    "netIncome": 3638000000,
    "netIncomeRatio": 0.1011454626,
    "eps": 1.92,
    "epsdiluted": 1.9,
    "weightedAverageShsOut": 1895990000,
    "weightedAverageShsOutDil": 1913218000,
    "link": "https://www.sec.gov/Archives/edgar/data/93410/000009341018000016/0000093410-18-000016-index.htm",
    "finalLink": "https://www.sec.gov/Archives/edgar/data/93410/000009341018000016/cvx03312018-10qdoc.htm"
  },
  {
    "date": "2017-12-31",
    "symbol": "CVX",
    "reportedCurrency": "USD",
    "cik": "0000093410",
    "fillingDate": "2018-02-22",
    "acceptedDate": "2018-02-22 11:49:59",
    "calendarYear": "2017",
    "period": "Q4",
    "revenue": 36381000000,
    "costOfRevenue": 25893000000,
    "grossProfit": 10488000000,
    "grossProfitRatio": 0.2882823452,
    "researchAndDevelopmentExpenses": 0,
    "generalAndAdministrativeExpenses": 0,
    "sellingAndMarketingExpenses": 0,
    "sellingGeneralAndAdministrativeExpenses": 1349000000,
    "otherExpenses": 8720000000,
    "operatingExpenses": 10069000000,
    "costAndExpenses": 35962000000,
    "interestIncome": 0,
    "interestExpense": 173000000,
    "depreciationAndAmortization": 3104000000,
    "ebitda": 4758000000,
    "ebitdaratio": 0.1307825513,
    "operatingIncome": 419000000,
    "operatingIncomeRatio": 0.0115170006,
    "totalOtherIncomeExpensesNet": 1062000000,
    "incomeBeforeTax": 1481000000,
    "incomeBeforeTaxRatio": 0.0407080619,
    "incomeTaxExpense": -1637000000,
    "netIncome": 3111000000,
    "netIncomeRatio": 0.0855116682,
    "eps": 1.65,
    "epsdiluted": 1.64,
    "weightedAverageShsOut": 1888199000,
    "weightedAverageShsOutDil": 1906146000,
    "link": "https://www.sec.gov/Archives/edgar/data/93410/000009341018000010/0000093410-18-000010-index.htm",
    "finalLink": "https://www.sec.gov/Archives/edgar/data/93410/000009341018000010/cvx12312017-10kdoc.htm"
  },
  {
    "date": "2017-09-30",
    "symbol": "CVX",
    "reportedCurrency": "USD",
    "cik": "0000093410",
    "fillingDate": "2017-11-02",
    "acceptedDate": "2017-11-02 12:02:04",
    "calendarYear": "2017",
    "period": "Q3",
    "revenue": 33892000000,
    "costOfRevenue": 23885000000,
    "grossProfit": 10007000000,
    "grossProfitRatio": 0.2952614186,
    "researchAndDevelopmentExpenses": 0,
    "generalAndAdministrativeExpenses": 0,
    "sellingAndMarketingExpenses": 0,
    "sellingGeneralAndAdministrativeExpenses": 1107000000,
    "otherExpenses": 8301000000,
    "operatingExpenses": 9408000000,
    "costAndExpenses": 33293000000,
    "interestIncome": 0,
    "interestExpense": 35000000,
    "depreciationAndAmortization": 5230000000,
    "ebitda": 7923000000,
    "ebitdaratio": 0.2337719816,
    "operatingIncome": 599000000,
    "operatingIncomeRatio": 0.0176737873,
    "totalOtherIncomeExpensesNet": 2059000000,
    "incomeBeforeTax": 2658000000,
    "incomeBeforeTaxRatio": 0.0784255872,
    "incomeTaxExpense": 672000000,
    "netIncome": 1952000000,
    "netIncomeRatio": 0.0575947126,
    "eps": 1.03,
    "epsdiluted": 1.03,
    "weightedAverageShsOut": 1882650000,
    "weightedAverageShsOutDil": 1895879000,
    "link": "https://www.sec.gov/Archives/edgar/data/93410/000009341017000046/0000093410-17-000046-index.htm",
    "finalLink": "https://www.sec.gov/Archives/edgar/data/93410/000009341017000046/cvx09302017-10qdoc.htm"
  },
  {
    "date": "2017-06-30",
    "symbol": "CVX",
    "reportedCurrency": "USD",
    "cik": "0000093410",
    "fillingDate": "2017-08-03",
    "acceptedDate": "2017-08-03 11:15:53",
    "calendarYear": "2017",
    "period": "Q2",
    "revenue": 32877000000,
    "costOfRevenue": 23636000000,
    "grossProfit": 9241000000,
    "grossProfitRatio": 0.2810779572,
    "researchAndDevelopmentExpenses": 0,
    "generalAndAdministrativeExpenses": 0,
    "sellingAndMarketingExpenses": 0,
    "sellingGeneralAndAdministrativeExpenses": 927000000,
    "otherExpenses": 7780000000,
    "operatingExpenses": 8707000000,
    "costAndExpenses": 32343000000,
    "interestIncome": 0,
    "interestExpense": 48000000,
    "depreciationAndAmortization": 5323000000,
    "ebitda": 7324000000,
    "ebitdaratio": 0.2227697174,
    "operatingIncome": 534000000,
    "operatingIncomeRatio": 0.0162423579,
    "totalOtherIncomeExpensesNet": 1419000000,
    "incomeBeforeTax": 1953000000,
    "incomeBeforeTaxRatio": 0.0594032302,
    "incomeTaxExpense": 487000000,
    "netIncome": 1450000000,
    "netIncomeRatio": 0.0441037808,
    "eps": 0.77,
    "epsdiluted": 0.77,
    "weightedAverageShsOut": 1881019000,
    "weightedAverageShsOutDil": 1893014000,
    "link": "https://www.sec.gov/Archives/edgar/data/93410/000009341017000033/0000093410-17-000033-index.htm",
    "finalLink": "https://www.sec.gov/Archives/edgar/data/93410/000009341017000033/cvx06302017-10qdoc.htm"
  },
  {
    "date": "2017-03-31",
    "symbol": "CVX",
    "reportedCurrency": "USD",
    "cik": "0000093410",
    "fillingDate": "2017-05-04",
    "acceptedDate": "2017-05-04 11:42:11",
    "calendarYear": "2017",
    "period": "Q1",
    "revenue": 31524000000,
    "costOfRevenue": 21700000000,
    "grossProfit": 9824000000,
    "grossProfitRatio": 0.3116355792,
    "researchAndDevelopmentExpenses": 0,
    "generalAndAdministrativeExpenses": 0,
    "sellingAndMarketingExpenses": 0,
    "sellingGeneralAndAdministrativeExpenses": 810000000,
    "otherExpenses": 7601000000,
    "operatingExpenses": 8411000000,
    "costAndExpenses": 30111000000,
    "interestIncome": 0,
    "interestExpense": 51000000,
    "depreciationAndAmortization": 4201000000,
    "ebitda": 7381000000,
    "ebitdaratio": 0.2341390686,
    "operatingIncome": 1413000000,
    "operatingIncomeRatio": 0.044822992,
    "totalOtherIncomeExpensesNet": 1716000000,
    "incomeBeforeTax": 3129000000,
    "incomeBeforeTaxRatio": 0.0992577084,
    "incomeTaxExpense": 430000000,
    "netIncome": 2682000000,
    "netIncomeRatio": 0.0850780358,
    "eps": 1.43,
    "epsdiluted": 1.41,
    "weightedAverageShsOut": 1879372000,
    "weightedAverageShsOutDil": 1895393000,
    "link": "https://www.sec.gov/Archives/edgar/data/93410/000009341017000019/0000093410-17-000019-index.htm",
    "finalLink": "https://www.sec.gov/Archives/edgar/data/93410/000009341017000019/cvx03312017-10qdoc.htm"
  },
  {
    "date": "2016-12-31",
    "symbol": "CVX",
    "reportedCurrency": "USD",
    "cik": "0000093410",
    "fillingDate": "2017-02-23",
    "acceptedDate": "2017-02-23 12:18:42",
    "calendarYear": "2016",
    "period": "Q4",
    "revenue": 30142000000,
    "costOfRevenue": 21179000000,
    "grossProfit": 8963000000,
    "grossProfitRatio": 0.2973591666,
    "researchAndDevelopmentExpenses": 0,
    "generalAndAdministrativeExpenses": 0,
    "sellingAndMarketingExpenses": 0,
    "sellingGeneralAndAdministrativeExpenses": 1544000000,
    "otherExpenses": 8204000000,
    "operatingExpenses": 9748000000,
    "costAndExpenses": 30927000000,
    "interestIncome": 0,
    "interestExpense": 58000000,
    "depreciationAndAmortization": 4220000000,
    "ebitda": 4790000000,
    "ebitdaratio": 0.1589144715,
    "operatingIncome": -785000000,
    "operatingIncomeRatio": -0.0260433946,
    "totalOtherIncomeExpensesNet": 1297000000,
    "incomeBeforeTax": 512000000,
    "incomeBeforeTaxRatio": 0.016986265,
    "incomeTaxExpense": 74000000,
    "netIncome": 415000000,
    "netIncomeRatio": 0.013768164,
    "eps": 0.22,
    "epsdiluted": 0.22,
    "weightedAverageShsOut": 1875694000,
    "weightedAverageShsOutDil": 1890044000,
    "link": "https://www.sec.gov/Archives/edgar/data/93410/000009341017000013/0000093410-17-000013-index.htm",
    "finalLink": "https://www.sec.gov/Archives/edgar/data/93410/000009341017000013/cvx-123116x10kdoc.htm"
  },
  {
    "date": "2016-09-30",
    "symbol": "CVX",
    "reportedCurrency": "USD",
    "cik": "0000093410",
    "fillingDate": "2016-11-03",
    "acceptedDate": "2016-11-03 11:52:48",
    "calendarYear": "2016",
    "period": "Q3",
    "revenue": 29159000000,
    "costOfRevenue": 19972000000,
    "grossProfit": 9187000000,
    "grossProfitRatio": 0.3150656744,
    "researchAndDevelopmentExpenses": 0,
    "generalAndAdministrativeExpenses": 0,
    "sellingAndMarketingExpenses": 0,
    "sellingGeneralAndAdministrativeExpenses": 1109000000,
    "otherExpenses": 7886000000,
    "operatingExpenses": 8995000000,
    "costAndExpenses": 28967000000,
    "interestIncome": 0,
    "interestExpense": 64000000,
    "depreciationAndAmortization": 4268000000,
    "ebitda": 5441000000,
    "ebitdaratio": 0.1865976199,
    "operatingIncome": 192000000,
    "operatingIncomeRatio": 0.0065845879,
    "totalOtherIncomeExpensesNet": 917000000,
    "incomeBeforeTax": 1109000000,
    "incomeBeforeTaxRatio": 0.0380328544,
    "incomeTaxExpense": -192000000,
    "netIncome": 1283000000,
    "netIncomeRatio": 0.0440001372,
    "eps": 0.68,
    "epsdiluted": 0.68,
    "weightedAverageShsOut": 1873649000,
    "weightedAverageShsOutDil": 1883342000,
    "link": "https://www.sec.gov/Archives/edgar/data/93410/000009341016000083/0000093410-16-000083-index.htm",
    "finalLink": "https://www.sec.gov/Archives/edgar/data/93410/000009341016000083/cvx-09302016x10qdoc.htm"
  },
  {
    "date": "2016-06-30",
    "symbol": "CVX",
    "reportedCurrency": "USD",
    "cik": "0000093410",
    "fillingDate": "2016-08-04",
    "acceptedDate": "2016-08-04 11:25:03",
    "calendarYear": "2016",
    "period": "Q2",
    "revenue": 27844000000,
    "costOfRevenue": 21999000000,
    "grossProfit": 5845000000,
    "grossProfitRatio": 0.2099195518,
    "researchAndDevelopmentExpenses": 0,
    "generalAndAdministrativeExpenses": 0,
    "sellingAndMarketingExpenses": 0,
    "sellingGeneralAndAdministrativeExpenses": 1033000000,
    "otherExpenses": 8241000000,
    "operatingExpenses": 9274000000,
    "costAndExpenses": 31273000000,
    "interestIncome": 0,
    "interestExpense": 79000000,
    "depreciationAndAmortization": 6793000000,
    "ebitda": 4802000000,
    "ebitdaratio": 0.1724608533,
    "operatingIncome": -3429000000,
    "operatingIncomeRatio": -0.1231504094,
    "totalOtherIncomeExpensesNet": 1359000000,
    "incomeBeforeTax": -2070000000,
    "incomeBeforeTaxRatio": -0.0743427668,
    "incomeTaxExpense": -607000000,
    "netIncome": -1470000000,
    "netIncomeRatio": -0.0527941388,
    "eps": -0.79,
    "epsdiluted": -0.79,
    "weightedAverageShsOut": 1871995000,
    "weightedAverageShsOutDil": 1871995000,
    "link": "https://www.sec.gov/Archives/edgar/data/93410/000009341016000070/0000093410-16-000070-index.htm",
    "finalLink": "https://www.sec.gov/Archives/edgar/data/93410/000009341016000070/cvx-06302016x10qdoc.htm"
  },
  {
    "date": "2016-03-31",
    "symbol": "CVX",
    "reportedCurrency": "USD",
    "cik": "0000093410",
    "fillingDate": "2016-05-05",
    "acceptedDate": "2016-05-05 11:38:56",
    "calendarYear": "2016",
    "period": "Q1",
    "revenue": 23070000000,
    "costOfRevenue": 15628000000,
    "grossProfit": 7442000000,
    "grossProfitRatio": 0.3225834417,
    "researchAndDevelopmentExpenses": 0,
    "generalAndAdministrativeExpenses": 0,
    "sellingAndMarketingExpenses": 0,
    "sellingGeneralAndAdministrativeExpenses": 998000000,
    "otherExpenses": 8638000000,
    "operatingExpenses": 9636000000,
    "costAndExpenses": 25264000000,
    "interestIncome": 0,
    "interestExpense": 0,
    "depreciationAndAmortization": 4665000000,
    "ebitda": 2954000000,
    "ebitdaratio": 0.1280450802,
    "operatingIncome": -2194000000,
    "operatingIncomeRatio": -0.0951018639,
    "totalOtherIncomeExpensesNet": 483000000,
    "incomeBeforeTax": -1711000000,
    "incomeBeforeTaxRatio": -0.074165583,
    "incomeTaxExpense": -1004000000,
    "netIncome": -725000000,
    "netIncomeRatio": -0.0314260945,
    "eps": -0.39,
    "epsdiluted": -0.39,
    "weightedAverageShsOut": 1858974358,
    "weightedAverageShsOutDil": 1869775000,
    "link": "https://www.sec.gov/Archives/edgar/data/93410/000009341016000056/0000093410-16-000056-index.htm",
    "finalLink": "https://www.sec.gov/Archives/edgar/data/93410/000009341016000056/cvx-03312016x10qdoc.htm"
  },
  {
    "date": "2015-12-31",
    "symbol": "CVX",
    "reportedCurrency": "USD",
    "cik": "0000093410",
    "fillingDate": "2016-02-25",
    "acceptedDate": "2016-02-25 12:08:14",
    "calendarYear": "2015",
    "period": "Q4",
    "revenue": 28014000000,
    "costOfRevenue": 19970000000,
    "grossProfit": 8044000000,
    "grossProfitRatio": 0.2871421432,
    "researchAndDevelopmentExpenses": 0,
    "generalAndAdministrativeExpenses": 0,
    "sellingAndMarketingExpenses": 0,
    "sellingGeneralAndAdministrativeExpenses": 1303000000,
    "otherExpenses": 10184000000,
    "operatingExpenses": 11487000000,
    "costAndExpenses": 31457000000,
    "interestIncome": 0,
    "interestExpense": 0,
    "depreciationAndAmortization": 6444000000,
    "ebitda": 3001000000,
    "ebitdaratio": 0.1071250089,
    "operatingIncome": -3443000000,
    "operatingIncomeRatio": -0.1229028343,
    "totalOtherIncomeExpensesNet": 1233000000,
    "incomeBeforeTax": -2210000000,
    "incomeBeforeTaxRatio": -0.0788891269,
    "incomeTaxExpense": -1655000000,
    "netIncome": -588000000,
    "netIncomeRatio": -0.0209895052,
    "eps": -0.31,
    "epsdiluted": -0.31,
    "weightedAverageShsOut": 1869072000,
    "weightedAverageShsOutDil": 1874313000,
    "link": "https://www.sec.gov/Archives/edgar/data/93410/000009341016000049/0000093410-16-000049-index.htm",
    "finalLink": "https://www.sec.gov/Archives/edgar/data/93410/000009341016000049/cvx-123115x10kdoc.htm"
  },
  {
    "date": "2015-09-30",
    "symbol": "CVX",
    "reportedCurrency": "USD",
    "cik": "0000093410",
    "fillingDate": "2015-11-06",
    "acceptedDate": "2015-11-06 12:28:57",
    "calendarYear": "2015",
    "period": "Q3",
    "revenue": 32767000000,
    "costOfRevenue": 21715000000,
    "grossProfit": 11052000000,
    "grossProfitRatio": 0.3372905667,
    "researchAndDevelopmentExpenses": 0,
    "generalAndAdministrativeExpenses": 0,
    "sellingAndMarketingExpenses": 0,
    "sellingGeneralAndAdministrativeExpenses": 1026000000,
    "otherExpenses": 8790000000,
    "operatingExpenses": 9816000000,
    "costAndExpenses": 31531000000,
    "interestIncome": 0,
    "interestExpense": 0,
    "depreciationAndAmortization": 4373000000,
    "ebitda": 7157000000,
    "ebitdaratio": 0.2184209723,
    "operatingIncome": 1236000000,
    "operatingIncomeRatio": 0.0377208777,
    "totalOtherIncomeExpensesNet": 1548000000,
    "incomeBeforeTax": 2784000000,
    "incomeBeforeTaxRatio": 0.0849635304,
    "incomeTaxExpense": 727000000,
    "netIncome": 2037000000,
    "netIncomeRatio": 0.0621662038,
    "eps": 1.09,
    "epsdiluted": 1.09,
    "weightedAverageShsOut": 1868444000,
    "weightedAverageShsOutDil": 1872420000,
    "link": "https://www.sec.gov/Archives/edgar/data/93410/000009341015000038/0000093410-15-000038-index.htm",
    "finalLink": "https://www.sec.gov/Archives/edgar/data/93410/000009341015000038/cvx-09302015x10qdoc.htm"
  },
  {
    "date": "2015-06-30",
    "symbol": "CVX",
    "reportedCurrency": "USD",
    "cik": "0000093410",
    "fillingDate": "2015-08-05",
    "acceptedDate": "2015-08-05 11:43:50",
    "calendarYear": "2015",
    "period": "Q2",
    "revenue": 36829000000,
    "costOfRevenue": 27499000000,
    "grossProfit": 9330000000,
    "grossProfitRatio": 0.2533329713,
    "researchAndDevelopmentExpenses": 0,
    "generalAndAdministrativeExpenses": 0,
    "sellingAndMarketingExpenses": 0,
    "sellingGeneralAndAdministrativeExpenses": 1170000000,
    "otherExpenses": 10325000000,
    "operatingExpenses": 11495000000,
    "costAndExpenses": 38994000000,
    "interestIncome": 0,
    "interestExpense": 0,
    "depreciationAndAmortization": 7770000000,
    "ebitda": 9133000000,
    "ebitdaratio": 0.2479839257,
    "operatingIncome": -2165000000,
    "operatingIncomeRatio": -0.0587851964,
    "totalOtherIncomeExpensesNet": 3528000000,
    "incomeBeforeTax": 1363000000,
    "incomeBeforeTaxRatio": 0.0370088789,
    "incomeTaxExpense": 755000000,
    "netIncome": 571000000,
    "netIncomeRatio": 0.0155040865,
    "eps": 0.3,
    "epsdiluted": 0.3,
    "weightedAverageShsOut": 1867561000,
    "weightedAverageShsOutDil": 1876705000,
    "link": "https://www.sec.gov/Archives/edgar/data/93410/000009341015000031/0000093410-15-000031-index.htm",
    "finalLink": "https://www.sec.gov/Archives/edgar/data/93410/000009341015000031/cvx-06302015x10qdoc.htm"
  },
  {
    "date": "2015-03-31",
    "symbol": "CVX",
    "reportedCurrency": "USD",
    "cik": "0000093410",
    "fillingDate": "2015-05-07",
    "acceptedDate": "2015-05-07 11:36:15",
    "calendarYear": "2015",
    "period": "Q1",
    "revenue": 32315000000,
    "costOfRevenue": 21604000000,
    "grossProfit": 10711000000,
    "grossProfitRatio": 0.3314559802,
    "researchAndDevelopmentExpenses": 0,
    "generalAndAdministrativeExpenses": 0,
    "sellingAndMarketingExpenses": 0,
    "sellingGeneralAndAdministrativeExpenses": 944000000,
    "otherExpenses": 9105000000,
    "operatingExpenses": 10049000000,
    "costAndExpenses": 31653000000,
    "interestIncome": 0,
    "interestExpense": 0,
    "depreciationAndAmortization": 4759000000,
    "ebitda": 5421000000,
    "ebitdaratio": 0.1677549126,
    "operatingIncome": 662000000,
    "operatingIncomeRatio": 0.0204858425,
    "totalOtherIncomeExpensesNet": 2243000000,
    "incomeBeforeTax": 2905000000,
    "incomeBeforeTaxRatio": 0.089896333,
    "incomeTaxExpense": 305000000,
    "netIncome": 2567000000,
    "netIncomeRatio": 0.0794367941,
    "eps": 1.38,
    "epsdiluted": 1.37,
    "weightedAverageShsOut": 1866655000,
    "weightedAverageShsOutDil": 1876498000,
    "link": "https://www.sec.gov/Archives/edgar/data/93410/000009341015000020/0000093410-15-000020-index.htm",
    "finalLink": "https://www.sec.gov/Archives/edgar/data/93410/000009341015000020/cvx-03312015x10qdoc.htm"
  },
  {
    "date": "2014-12-31",
    "symbol": "CVX",
    "reportedCurrency": "USD",
    "cik": "0000093410",
    "fillingDate": "2015-02-20",
    "acceptedDate": "2015-02-20 11:36:43",
    "calendarYear": "2014",
    "period": "Q4",
    "revenue": 42111000000,
    "costOfRevenue": 29136000000,
    "grossProfit": 12975000000,
    "grossProfitRatio": 0.3081142694,
    "researchAndDevelopmentExpenses": 0,
    "generalAndAdministrativeExpenses": 0,
    "sellingAndMarketingExpenses": 0,
    "sellingGeneralAndAdministrativeExpenses": 1368000000,
    "otherExpenses": 10200000000,
    "operatingExpenses": 11568000000,
    "costAndExpenses": 40704000000,
    "interestIncome": 0,
    "interestExpense": 0,
    "depreciationAndAmortization": 5126000000,
    "ebitda": 6533000000,
    "ebitdaratio": 0.1551376125,
    "operatingIncome": 1407000000,
    "operatingIncomeRatio": 0.0334116977,
    "totalOtherIncomeExpensesNet": 3977000000,
    "incomeBeforeTax": 5384000000,
    "incomeBeforeTaxRatio": 0.1278525801,
    "incomeTaxExpense": 1912000000,
    "netIncome": 3471000000,
    "netIncomeRatio": 0.0824250196,
    "eps": 1.86,
    "epsdiluted": 1.85,
    "weightedAverageShsOut": 1871332000,
    "weightedAverageShsOutDil": 1883650000,
    "link": "https://www.sec.gov/Archives/edgar/data/93410/000009341015000010/0000093410-15-000010-index.htm",
    "finalLink": "https://www.sec.gov/Archives/edgar/data/93410/000009341015000010/cvx-123114x10kdoc.htm"
  },
  {
    "date": "2014-09-30",
    "symbol": "CVX",
    "reportedCurrency": "USD",
    "cik": "0000093410",
    "fillingDate": "2014-11-07",
    "acceptedDate": "2014-11-07 11:27:20",
    "calendarYear": "2014",
    "period": "Q3",
    "revenue": 51822000000,
    "costOfRevenue": 34689000000,
    "grossProfit": 17133000000,
    "grossProfitRatio": 0.3306124812,
    "researchAndDevelopmentExpenses": 0,
    "generalAndAdministrativeExpenses": 0,
    "sellingAndMarketingExpenses": 0,
    "sellingGeneralAndAdministrativeExpenses": 1122000000,
    "otherExpenses": 10005000000,
    "operatingExpenses": 11127000000,
    "costAndExpenses": 45816000000,
    "interestIncome": 0,
    "interestExpense": 0,
    "depreciationAndAmortization": 4075000000,
    "ebitda": 10081000000,
    "ebitdaratio": 0.1945312802,
    "operatingIncome": 6006000000,
    "operatingIncomeRatio": 0.1158967234,
    "totalOtherIncomeExpensesNet": 2857000000,
    "incomeBeforeTax": 8863000000,
    "incomeBeforeTaxRatio": 0.1710277488,
    "incomeTaxExpense": 3236000000,
    "netIncome": 5593000000,
    "netIncomeRatio": 0.1079271352,
    "eps": 2.97,
    "epsdiluted": 2.95,
    "weightedAverageShsOut": 1880915000,
    "weightedAverageShsOutDil": 1896492000,
    "link": "https://www.sec.gov/Archives/edgar/data/93410/000009341014000049/0000093410-14-000049-index.htm",
    "finalLink": "https://www.sec.gov/Archives/edgar/data/93410/000009341014000049/cvx-09302014x10qdoc.htm"
  },
  {
    "date": "2014-06-30",
    "symbol": "CVX",
    "reportedCurrency": "USD",
    "cik": "0000093410",
    "fillingDate": "2014-08-06",
    "acceptedDate": "2014-08-06 11:15:14",
    "calendarYear": "2014",
    "period": "Q2",
    "revenue": 55583000000,
    "costOfRevenue": 37686000000,
    "grossProfit": 17897000000,
    "grossProfitRatio": 0.3219869385,
    "researchAndDevelopmentExpenses": 0,
    "generalAndAdministrativeExpenses": 0,
    "sellingAndMarketingExpenses": 0,
    "sellingGeneralAndAdministrativeExpenses": 1077000000,
    "otherExpenses": 10148000000,
    "operatingExpenses": 11225000000,
    "costAndExpenses": 48911000000,
    "interestIncome": 0,
    "interestExpense": 0,
    "depreciationAndAmortization": 4197000000,
    "ebitda": 10869000000,
    "ebitdaratio": 0.1955454006,
    "operatingIncome": 6672000000,
    "operatingIncomeRatio": 0.1200367019,
    "totalOtherIncomeExpensesNet": 2355000000,
    "incomeBeforeTax": 9027000000,
    "incomeBeforeTaxRatio": 0.1624057715,
    "incomeTaxExpense": 3337000000,
    "netIncome": 5665000000,
    "netIncomeRatio": 0.1019196517,
    "eps": 3,
    "epsdiluted": 2.98,
    "weightedAverageShsOut": 1887543000,
    "weightedAverageShsOutDil": 1902321000,
    "link": "https://www.sec.gov/Archives/edgar/data/93410/000009341014000042/0000093410-14-000042-index.htm",
    "finalLink": "https://www.sec.gov/Archives/edgar/data/93410/000009341014000042/cvx-06302014x10qdoc.htm"
  },
  {
    "date": "2014-03-31",
    "symbol": "CVX",
    "reportedCurrency": "USD",
    "cik": "0000093410",
    "fillingDate": "2014-05-02",
    "acceptedDate": "2014-05-02 12:05:13",
    "calendarYear": "2014",
    "period": "Q1",
    "revenue": 50978000000,
    "costOfRevenue": 34953000000,
    "grossProfit": 16025000000,
    "grossProfitRatio": 0.3143512888,
    "researchAndDevelopmentExpenses": 0,
    "generalAndAdministrativeExpenses": 0,
    "sellingAndMarketingExpenses": 0,
    "sellingGeneralAndAdministrativeExpenses": 927000000,
    "otherExpenses": 9457000000,
    "operatingExpenses": 10384000000,
    "costAndExpenses": 45337000000,
    "interestIncome": 0,
    "interestExpense": 0,
    "depreciationAndAmortization": 4270000000,
    "ebitda": 9911000000,
    "ebitdaratio": 0.1944171996,
    "operatingIncome": 5641000000,
    "operatingIncomeRatio": 0.1106555769,
    "totalOtherIncomeExpensesNet": 2287000000,
    "incomeBeforeTax": 7928000000,
    "incomeBeforeTaxRatio": 0.1555180666,
    "incomeTaxExpense": 3407000000,
    "netIncome": 4512000000,
    "netIncomeRatio": 0.0885087685,
    "eps": 2.38,
    "epsdiluted": 2.36,
    "weightedAverageShsOut": 1895032000,
    "weightedAverageShsOutDil": 1909424000,
    "link": "https://www.sec.gov/Archives/edgar/data/93410/000009341014000024/0000093410-14-000024-index.htm",
    "finalLink": "https://www.sec.gov/Archives/edgar/data/93410/000009341014000024/cvx-03312014x10qdoc.htm"
  },
  {
    "date": "2013-12-31",
    "symbol": "CVX",
    "reportedCurrency": "USD",
    "cik": "0000093410",
    "fillingDate": "2014-02-21",
    "acceptedDate": "2014-02-21 11:21:41",
    "calendarYear": "2013",
    "period": "Q4",
    "revenue": 53950000000,
    "costOfRevenue": 36326000000,
    "grossProfit": 17624000000,
    "grossProfitRatio": 0.3266728452,
    "researchAndDevelopmentExpenses": 0,
    "generalAndAdministrativeExpenses": 0,
    "sellingAndMarketingExpenses": 0,
    "sellingGeneralAndAdministrativeExpenses": 1176000000,
    "otherExpenses": 10458000000,
    "operatingExpenses": 11634000000,
    "costAndExpenses": 47960000000,
    "interestIncome": 0,
    "interestExpense": 0,
    "depreciationAndAmortization": 3972000000,
    "ebitda": 9962000000,
    "ebitdaratio": 0.184652456,
    "operatingIncome": 5990000000,
    "operatingIncomeRatio": 0.1110287303,
    "totalOtherIncomeExpensesNet": 2208000000,
    "incomeBeforeTax": 8198000000,
    "incomeBeforeTaxRatio": 0.1519555144,
    "incomeTaxExpense": 3240000000,
    "netIncome": 4930000000,
    "netIncomeRatio": 0.0913809082,
    "eps": 2.6,
    "epsdiluted": 2.57,
    "weightedAverageShsOut": 1903930000,
    "weightedAverageShsOutDil": 1919324000,
    "link": "https://www.sec.gov/Archives/edgar/data/93410/000009341014000011/0000093410-14-000011-index.htm",
    "finalLink": "https://www.sec.gov/Archives/edgar/data/93410/000009341014000011/cvx-123113x10kdoc.htm"
  },
  {
    "date": "2013-09-30",
    "symbol": "CVX",
    "reportedCurrency": "USD",
    "cik": "0000093410",
    "fillingDate": "2013-11-08",
    "acceptedDate": "2013-11-08 11:17:00",
    "calendarYear": "2013",
    "period": "Q3",
    "revenue": 56603000000,
    "costOfRevenue": 38480000000,
    "grossProfit": 18123000000,
    "grossProfitRatio": 0.3201773758,
    "researchAndDevelopmentExpenses": 0,
    "generalAndAdministrativeExpenses": 0,
    "sellingAndMarketingExpenses": 0,
    "sellingGeneralAndAdministrativeExpenses": 1197000000,
    "otherExpenses": 9991000000,
    "operatingExpenses": 11188000000,
    "costAndExpenses": 49668000000,
    "interestIncome": 0,
    "interestExpense": 0,
    "depreciationAndAmortization": 3925000000,
    "ebitda": 10860000000,
    "ebitdaratio": 0.1918626221,
    "operatingIncome": 6935000000,
    "operatingIncomeRatio": 0.1225200078,
    "totalOtherIncomeExpensesNet": 1900000000,
    "incomeBeforeTax": 8835000000,
    "incomeBeforeTaxRatio": 0.1560871332,
    "incomeTaxExpense": 3839000000,
    "netIncome": 4950000000,
    "netIncomeRatio": 0.0874511952,
    "eps": 2.58,
    "epsdiluted": 2.57,
    "weightedAverageShsOut": 1914047000,
    "weightedAverageShsOutDil": 1929831000,
    "link": "https://www.sec.gov/Archives/edgar/data/93410/000009341013000045/0000093410-13-000045-index.htm",
    "finalLink": "https://www.sec.gov/Archives/edgar/data/93410/000009341013000045/cvx-09302013x10qdoc.htm"
  },
  {
    "date": "2013-06-30",
    "symbol": "CVX",
    "reportedCurrency": "USD",
    "cik": "0000093410",
    "fillingDate": "2013-08-07",
    "acceptedDate": "2013-08-07 11:33:32",
    "calendarYear": "2013",
    "period": "Q2",
    "revenue": 55307000000,
    "costOfRevenue": 37685000000,
    "grossProfit": 17622000000,
    "grossProfitRatio": 0.3186215126,
    "researchAndDevelopmentExpenses": 0,
    "generalAndAdministrativeExpenses": 0,
    "sellingAndMarketingExpenses": 0,
    "sellingGeneralAndAdministrativeExpenses": 1139000000,
    "otherExpenses": 9956000000,
    "operatingExpenses": 11095000000,
    "costAndExpenses": 48780000000,
    "interestIncome": 0,
    "interestExpense": 0,
    "depreciationAndAmortization": 3479000000,
    "ebitda": 10006000000,
    "ebitdaratio": 0.1809174246,
    "operatingIncome": 6527000000,
    "operatingIncomeRatio": 0.1180139946,
    "totalOtherIncomeExpensesNet": 2062000000,
    "incomeBeforeTax": 8589000000,
    "incomeBeforeTaxRatio": 0.1552967979,
    "incomeTaxExpense": 3185000000,
    "netIncome": 5365000000,
    "netIncomeRatio": 0.0970039959,
    "eps": 2.8,
    "epsdiluted": 2.77,
    "weightedAverageShsOut": 1921391000,
    "weightedAverageShsOutDil": 1936783000,
    "link": "https://www.sec.gov/Archives/edgar/data/93410/000009341013000028/0000093410-13-000028-index.htm",
    "finalLink": "https://www.sec.gov/Archives/edgar/data/93410/000009341013000028/cvx-06302013x10qdoc.htm"
  },
  {
    "date": "2013-03-31",
    "symbol": "CVX",
    "reportedCurrency": "USD",
    "cik": "0000093410",
    "fillingDate": "2013-05-02",
    "acceptedDate": "2013-05-02 11:44:28",
    "calendarYear": "2013",
    "period": "Q1",
    "revenue": 54296000000,
    "costOfRevenue": 36391000000,
    "grossProfit": 17905000000,
    "grossProfitRatio": 0.3297664653,
    "researchAndDevelopmentExpenses": 0,
    "generalAndAdministrativeExpenses": 0,
    "sellingAndMarketingExpenses": 0,
    "sellingGeneralAndAdministrativeExpenses": 998000000,
    "otherExpenses": 9146000000,
    "operatingExpenses": 10144000000,
    "costAndExpenses": 46535000000,
    "interestIncome": 0,
    "interestExpense": 0,
    "depreciationAndAmortization": 3493000000,
    "ebitda": 11254000000,
    "ebitdaratio": 0.2072712539,
    "operatingIncome": 7761000000,
    "operatingIncomeRatio": 0.1429387064,
    "totalOtherIncomeExpensesNet": 2522000000,
    "incomeBeforeTax": 10283000000,
    "incomeBeforeTaxRatio": 0.1893878002,
    "incomeTaxExpense": 4044000000,
    "netIncome": 6178000000,
    "netIncomeRatio": 0.1137837041,
    "eps": 3.2,
    "epsdiluted": 3.18,
    "weightedAverageShsOut": 1929014000,
    "weightedAverageShsOutDil": 1943931000,
    "link": "https://www.sec.gov/Archives/edgar/data/93410/000009341013000010/0000093410-13-000010-index.htm",
    "finalLink": "https://www.sec.gov/Archives/edgar/data/93410/000009341013000010/cvx-03312013x10qdoc.htm"
  },
  {
    "date": "2012-12-31",
    "symbol": "CVX",
    "reportedCurrency": "USD",
    "cik": "0000093410",
    "fillingDate": "2013-02-22",
    "acceptedDate": "2013-02-22 11:55:46",
    "calendarYear": "2012",
    "period": "Q4",
    "revenue": 54307000000,
    "costOfRevenue": 47372000000,
    "grossProfit": 6935000000,
    "grossProfitRatio": 0.1276999282,
    "researchAndDevelopmentExpenses": 0,
    "generalAndAdministrativeExpenses": 0,
    "sellingAndMarketingExpenses": 0,
    "sellingGeneralAndAdministrativeExpenses": -15115000000,
    "otherExpenses": 16319000000,
    "operatingExpenses": 1204000000,
    "costAndExpenses": 48576000000,
    "interestIncome": 0,
    "interestExpense": 0,
    "depreciationAndAmortization": 4109000000,
    "ebitda": 21159000000,
    "ebitdaratio": 0.3896182813,
    "operatingIncome": 5731000000,
    "operatingIncomeRatio": 0.1055296739,
    "totalOtherIncomeExpensesNet": 6245000000,
    "incomeBeforeTax": 11976000000,
    "incomeBeforeTaxRatio": 0.2205240577,
    "incomeTaxExpense": 4679000000,
    "netIncome": 7245000000,
    "netIncomeRatio": 0.1334082163,
    "eps": 3.73,
    "epsdiluted": 3.7,
    "weightedAverageShsOut": 1938257000,
    "weightedAverageShsOutDil": 1952298000,
    "link": "https://www.sec.gov/Archives/edgar/data/93410/000009341013000003/0000093410-13-000003-index.htm",
    "finalLink": "https://www.sec.gov/Archives/edgar/data/93410/000009341013000003/cvx-123112x10kdoc.htm"
  },
  {
    "date": "2012-09-30",
    "symbol": "CVX",
    "reportedCurrency": "USD",
    "cik": "0000093410",
    "fillingDate": "2012-11-06",
    "acceptedDate": "2012-11-06 11:49:16",
    "calendarYear": "2012",
    "period": "Q3",
    "revenue": 55660000000,
    "costOfRevenue": 37352000000,
    "grossProfit": 18308000000,
    "grossProfitRatio": 0.3289256198,
    "researchAndDevelopmentExpenses": 0,
    "generalAndAdministrativeExpenses": 0,
    "sellingAndMarketingExpenses": 0,
    "sellingGeneralAndAdministrativeExpenses": 1352000000,
    "otherExpenses": 9408000000,
    "operatingExpenses": 10760000000,
    "costAndExpenses": 48112000000,
    "interestIncome": 0,
    "interestExpense": 0,
    "depreciationAndAmortization": 3446000000,
    "ebitda": 10994000000,
    "ebitdaratio": 0.1975206612,
    "operatingIncome": 7548000000,
    "operatingIncomeRatio": 0.135609055,
    "totalOtherIncomeExpensesNet": 2384000000,
    "incomeBeforeTax": 9932000000,
    "incomeBeforeTaxRatio": 0.1784405318,
    "incomeTaxExpense": 4624000000,
    "netIncome": 5253000000,
    "netIncomeRatio": 0.094376572,
    "eps": 2.71,
    "epsdiluted": 2.69,
    "weightedAverageShsOut": 1945840000,
    "weightedAverageShsOutDil": 1960141000,
    "link": "https://www.sec.gov/Archives/edgar/data/93410/000009341012000003/0000093410-12-000003-index.htm",
    "finalLink": "https://www.sec.gov/Archives/edgar/data/93410/000009341012000003/cvx-9302012x10qdoc.htm"
  },
  {
    "date": "2012-06-30",
    "symbol": "CVX",
    "reportedCurrency": "USD",
    "cik": "0000093410",
    "fillingDate": "2012-08-02",
    "acceptedDate": "2012-08-02 11:26:15",
    "calendarYear": "2012",
    "period": "Q2",
    "revenue": 59780000000,
    "costOfRevenue": 40056000000,
    "grossProfit": 19724000000,
    "grossProfitRatio": 0.3299431248,
    "researchAndDevelopmentExpenses": 0,
    "generalAndAdministrativeExpenses": 0,
    "sellingAndMarketingExpenses": 0,
    "sellingGeneralAndAdministrativeExpenses": 1250000000,
    "otherExpenses": 8947000000,
    "operatingExpenses": 10197000000,
    "costAndExpenses": 50253000000,
    "interestIncome": 0,
    "interestExpense": 0,
    "depreciationAndAmortization": 3484000000,
    "ebitda": 13011000000,
    "ebitdaratio": 0.2176480428,
    "operatingIncome": 9527000000,
    "operatingIncomeRatio": 0.1593676815,
    "totalOtherIncomeExpensesNet": 2828000000,
    "incomeBeforeTax": 12355000000,
    "incomeBeforeTaxRatio": 0.2066744731,
    "incomeTaxExpense": 5123000000,
    "netIncome": 7210000000,
    "netIncomeRatio": 0.1206088993,
    "eps": 3.68,
    "epsdiluted": 3.66,
    "weightedAverageShsOut": 1954147000,
    "weightedAverageShsOutDil": 1967990000,
    "link": "https://www.sec.gov/Archives/edgar/data/93410/000119312512330913/0001193125-12-330913-index.htm",
    "finalLink": "https://www.sec.gov/Archives/edgar/data/93410/000119312512330913/d357441d10q.htm"
  },
  {
    "date": "2012-03-31",
    "symbol": "CVX",
    "reportedCurrency": "USD",
    "cik": "0000093410",
    "fillingDate": "2012-05-03",
    "acceptedDate": "2012-05-03 10:58:21",
    "calendarYear": "2012",
    "period": "Q1",
    "revenue": 58896000000,
    "costOfRevenue": 39258000000,
    "grossProfit": 19638000000,
    "grossProfitRatio": 0.3334352078,
    "researchAndDevelopmentExpenses": 0,
    "generalAndAdministrativeExpenses": 0,
    "sellingAndMarketingExpenses": 0,
    "sellingGeneralAndAdministrativeExpenses": 940000000,
    "otherExpenses": 8438000000,
    "operatingExpenses": 9378000000,
    "costAndExpenses": 48636000000,
    "interestIncome": 0,
    "interestExpense": 0,
    "depreciationAndAmortization": 3447000000,
    "ebitda": 13707000000,
    "ebitdaratio": 0.2327322738,
    "operatingIncome": 10260000000,
    "operatingIncomeRatio": 0.174205379,
    "totalOtherIncomeExpensesNet": 1809000000,
    "incomeBeforeTax": 12069000000,
    "incomeBeforeTaxRatio": 0.2049205379,
    "incomeTaxExpense": 5570000000,
    "netIncome": 6471000000,
    "netIncomeRatio": 0.1098716381,
    "eps": 3.3,
    "epsdiluted": 3.27,
    "weightedAverageShsOut": 1963862000,
    "weightedAverageShsOutDil": 1978781000,
    "link": "https://www.sec.gov/Archives/edgar/data/93410/000119312512207154/0001193125-12-207154-index.htm",
    "finalLink": "https://www.sec.gov/Archives/edgar/data/93410/000119312512207154/d316080d10q.htm"
  },
  {
    "date": "2011-12-31",
    "symbol": "CVX",
    "reportedCurrency": "USD",
    "cik": "0000093410",
    "fillingDate": "2012-02-23",
    "acceptedDate": "2012-02-23 13:51:37",
    "calendarYear": "2011",
    "period": "Q4",
    "revenue": 58418000000,
    "costOfRevenue": 66097000000,
    "grossProfit": -7679000000,
    "grossProfitRatio": -0.1314492109,
    "researchAndDevelopmentExpenses": 0,
    "generalAndAdministrativeExpenses": 0,
    "sellingAndMarketingExpenses": 0,
    "sellingGeneralAndAdministrativeExpenses": -14371000000,
    "otherExpenses": 6379000000,
    "operatingExpenses": -7992000000,
    "costAndExpenses": 58105000000,
    "interestIncome": 0,
    "interestExpense": 0,
    "depreciationAndAmortization": 3313000000,
    "ebitda": 13278000000,
    "ebitdaratio": 0.2272929577,
    "operatingIncome": 313000000,
    "operatingIncomeRatio": 0.0053579376,
    "totalOtherIncomeExpensesNet": 9652000000,
    "incomeBeforeTax": 9965000000,
    "incomeBeforeTaxRatio": 0.1705809853,
    "incomeTaxExpense": 4813000000,
    "netIncome": 5123000000,
    "netIncomeRatio": 0.0876955733,
    "eps": 2.61,
    "epsdiluted": 2.58,
    "weightedAverageShsOut": 1972803000,
    "weightedAverageShsOutDil": 1987146000,
    "link": "https://www.sec.gov/Archives/edgar/data/93410/000095012312002976/0000950123-12-002976-index.htm",
    "finalLink": "https://www.sec.gov/Archives/edgar/data/93410/000095012312002976/f60351e10vk.htm"
  },
  {
    "date": "2011-09-30",
    "symbol": "CVX",
    "reportedCurrency": "USD",
    "cik": "0000093410",
    "fillingDate": "2011-11-03",
    "acceptedDate": "2011-11-03 11:17:58",
    "calendarYear": "2011",
    "period": "Q3",
    "revenue": 62205000000,
    "costOfRevenue": 37600000000,
    "grossProfit": 24605000000,
    "grossProfitRatio": 0.3955469818,
    "researchAndDevelopmentExpenses": 0,
    "generalAndAdministrativeExpenses": 0,
    "sellingAndMarketingExpenses": 0,
    "sellingGeneralAndAdministrativeExpenses": 6493000000,
    "otherExpenses": 6999000000,
    "operatingExpenses": 13492000000,
    "costAndExpenses": 51092000000,
    "interestIncome": 0,
    "interestExpense": 0,
    "depreciationAndAmortization": 3215000000,
    "ebitda": 14328000000,
    "ebitdaratio": 0.2303351821,
    "operatingIncome": 11113000000,
    "operatingIncomeRatio": 0.1786512338,
    "totalOtherIncomeExpensesNet": 2227000000,
    "incomeBeforeTax": 13340000000,
    "incomeBeforeTaxRatio": 0.2144522145,
    "incomeTaxExpense": 5483000000,
    "netIncome": 7829000000,
    "netIncomeRatio": 0.12585805,
    "eps": 3.94,
    "epsdiluted": 3.92,
    "weightedAverageShsOut": 1984643000,
    "weightedAverageShsOutDil": 1998673000,
    "link": "https://www.sec.gov/Archives/edgar/data/93410/000119312511294378/0001193125-11-294378-index.htm",
    "finalLink": "https://www.sec.gov/Archives/edgar/data/93410/000119312511294378/d241403d10q.htm"
  },
  {
    "date": "2011-06-30",
    "symbol": "CVX",
    "reportedCurrency": "USD",
    "cik": "0000093410",
    "fillingDate": "2011-08-04",
    "acceptedDate": "2011-08-04 11:13:43",
    "calendarYear": "2011",
    "period": "Q2",
    "revenue": 67066000000,
    "costOfRevenue": 40759000000,
    "grossProfit": 26307000000,
    "grossProfitRatio": 0.3922553902,
    "researchAndDevelopmentExpenses": 0,
    "generalAndAdministrativeExpenses": 0,
    "sellingAndMarketingExpenses": 0,
    "sellingGeneralAndAdministrativeExpenses": 6460000000,
    "otherExpenses": 3262000000,
    "operatingExpenses": 9722000000,
    "costAndExpenses": 50481000000,
    "interestIncome": 0,
    "interestExpense": 0,
    "depreciationAndAmortization": 3257000000,
    "ebitda": 19842000000,
    "ebitdaratio": 0.2958578117,
    "operatingIncome": 16585000000,
    "operatingIncomeRatio": 0.2472937107,
    "totalOtherIncomeExpensesNet": -3378000000,
    "incomeBeforeTax": 13207000000,
    "incomeBeforeTaxRatio": 0.1969254168,
    "incomeTaxExpense": 5447000000,
    "netIncome": 7732000000,
    "netIncomeRatio": 0.1152894164,
    "eps": 3.88,
    "epsdiluted": 3.85,
    "weightedAverageShsOut": 1994007000,
    "weightedAverageShsOutDil": 2008995000,
    "link": "https://www.sec.gov/Archives/edgar/data/93410/000095012311072688/0000950123-11-072688-index.htm",
    "finalLink": "https://www.sec.gov/Archives/edgar/data/93410/000095012311072688/f59221e10vq.htm"
  },
  {
    "date": "2011-03-31",
    "symbol": "CVX",
    "reportedCurrency": "USD",
    "cik": "0000093410",
    "fillingDate": "2011-05-05",
    "acceptedDate": "2011-05-05 11:48:58",
    "calendarYear": "2011",
    "period": "Q1",
    "revenue": 58654000000,
    "costOfRevenue": 35201000000,
    "grossProfit": 23453000000,
    "grossProfitRatio": 0.3998533774,
    "researchAndDevelopmentExpenses": 0,
    "generalAndAdministrativeExpenses": 0,
    "sellingAndMarketingExpenses": 0,
    "sellingGeneralAndAdministrativeExpenses": 6163000000,
    "otherExpenses": 7855000000,
    "operatingExpenses": 14018000000,
    "costAndExpenses": 49219000000,
    "interestIncome": 0,
    "interestExpense": 0,
    "depreciationAndAmortization": 3126000000,
    "ebitda": 12561000000,
    "ebitdaratio": 0.2141541924,
    "operatingIncome": 9435000000,
    "operatingIncomeRatio": 0.1608585945,
    "totalOtherIncomeExpensesNet": 1687000000,
    "incomeBeforeTax": 11122000000,
    "incomeBeforeTaxRatio": 0.1896204862,
    "incomeTaxExpense": 4883000000,
    "netIncome": 6211000000,
    "netIncomeRatio": 0.1058921813,
    "eps": 3.11,
    "epsdiluted": 3.09,
    "weightedAverageShsOut": 1994735000,
    "weightedAverageShsOutDil": 2008584000,
    "link": "https://www.sec.gov/Archives/edgar/data/93410/000095012311045356/0000950123-11-045356-index.htm",
    "finalLink": "https://www.sec.gov/Archives/edgar/data/93410/000095012311045356/f58560e10vq.htm"
  },
  {
    "date": "2010-12-31",
    "symbol": "CVX",
    "reportedCurrency": "USD",
    "cik": "0000093410",
    "fillingDate": "2011-02-24",
    "acceptedDate": "2011-02-24 12:52:15",
    "calendarYear": "2010",
    "period": "Q4",
    "revenue": 52517000000,
    "costOfRevenue": 35452000000,
    "grossProfit": 17065000000,
    "grossProfitRatio": 0.3249423996,
    "researchAndDevelopmentExpenses": 0,
    "generalAndAdministrativeExpenses": 0,
    "sellingAndMarketingExpenses": 0,
    "sellingGeneralAndAdministrativeExpenses": 1408000000,
    "otherExpenses": 8397000000,
    "operatingExpenses": 9805000000,
    "costAndExpenses": 45257000000,
    "interestIncome": 0,
    "interestExpense": 4000000,
    "depreciationAndAmortization": 3439000000,
    "ebitda": 12209000000,
    "ebitdaratio": 0.2324771027,
    "operatingIncome": 7260000000,
    "operatingIncomeRatio": 0.1382409505,
    "totalOtherIncomeExpensesNet": 1506000000,
    "incomeBeforeTax": 8766000000,
    "incomeBeforeTaxRatio": 0.1669173791,
    "incomeTaxExpense": 3446000000,
    "netIncome": 5295000000,
    "netIncomeRatio": 0.1008244949,
    "eps": 9.53,
    "epsdiluted": 9.48,
    "weightedAverageShsOut": 1996786000,
    "weightedAverageShsOutDil": 2006541000,
    "link": "https://www.sec.gov/Archives/edgar/data/93410/000095012311017688/0000950123-11-017688-index.htm",
    "finalLink": "https://www.sec.gov/Archives/edgar/data/93410/000095012311017688/f56670e10vk.htm"
  },
  {
    "date": "2010-09-30",
    "symbol": "CVX",
    "reportedCurrency": "USD",
    "cik": "0000093410",
    "fillingDate": "2010-11-05",
    "acceptedDate": "2010-11-05 14:32:28",
    "calendarYear": "2010",
    "period": "Q3",
    "revenue": 48476000000,
    "costOfRevenue": 28610000000,
    "grossProfit": 19866000000,
    "grossProfitRatio": 0.4098110405,
    "researchAndDevelopmentExpenses": 0,
    "generalAndAdministrativeExpenses": 0,
    "sellingAndMarketingExpenses": 0,
    "sellingGeneralAndAdministrativeExpenses": 5846000000,
    "otherExpenses": 8380000000,
    "operatingExpenses": 14226000000,
    "costAndExpenses": 42836000000,
    "interestIncome": 0,
    "interestExpense": 9000000,
    "depreciationAndAmortization": 3401000000,
    "ebitda": 10283000000,
    "ebitdaratio": 0.2121255879,
    "operatingIncome": 5640000000,
    "operatingIncomeRatio": 0.1163462332,
    "totalOtherIncomeExpensesNet": 1233000000,
    "incomeBeforeTax": 6873000000,
    "incomeBeforeTaxRatio": 0.1417815001,
    "incomeTaxExpense": 3081000000,
    "netIncome": 3768000000,
    "netIncomeRatio": 0.0777291856,
    "eps": 1.89,
    "epsdiluted": 1.87,
    "weightedAverageShsOut": 1997721000,
    "weightedAverageShsOutDil": 2006785000,
    "link": "https://www.sec.gov/Archives/edgar/data/93410/000095012310101589/0000950123-10-101589-index.htm",
    "finalLink": "https://www.sec.gov/Archives/edgar/data/93410/000095012310101589/f56750e10vq.htm"
  },
  {
    "date": "2010-06-30",
    "symbol": "CVX",
    "reportedCurrency": "USD",
    "cik": "0000093410",
    "fillingDate": "2010-08-05",
    "acceptedDate": "2010-08-05 11:54:06",
    "calendarYear": "2010",
    "period": "Q2",
    "revenue": 51354000000,
    "costOfRevenue": 30604000000,
    "grossProfit": 20750000000,
    "grossProfitRatio": 0.4040581065,
    "researchAndDevelopmentExpenses": 0,
    "generalAndAdministrativeExpenses": 0,
    "sellingAndMarketingExpenses": 0,
    "sellingGeneralAndAdministrativeExpenses": 5727000000,
    "otherExpenses": 3299000000,
    "operatingExpenses": 9026000000,
    "costAndExpenses": 39630000000,
    "interestIncome": 0,
    "interestExpense": 17000000,
    "depreciationAndAmortization": 3141000000,
    "ebitda": 11924000000,
    "ebitdaratio": 0.2321922343,
    "operatingIncome": 11724000000,
    "operatingIncomeRatio": 0.2282976983,
    "totalOtherIncomeExpensesNet": -2958000000,
    "incomeBeforeTax": 8766000000,
    "incomeBeforeTaxRatio": 0.1706975114,
    "incomeTaxExpense": 3322000000,
    "netIncome": 5409000000,
    "netIncomeRatio": 0.1053277252,
    "eps": 2.71,
    "epsdiluted": 2.7,
    "weightedAverageShsOut": 1996393000,
    "weightedAverageShsOutDil": 2006000000,
    "link": "https://www.sec.gov/Archives/edgar/data/93410/000095012310073101/0000950123-10-073101-index.htm",
    "finalLink": "https://www.sec.gov/Archives/edgar/data/93410/000095012310073101/f55996e10vq.htm"
  },
  {
    "date": "2010-03-31",
    "symbol": "CVX",
    "reportedCurrency": "USD",
    "cik": "0000093410",
    "fillingDate": "2010-05-05",
    "acceptedDate": "2010-05-05 11:11:50",
    "calendarYear": "2010",
    "period": "Q1",
    "revenue": 46944000000,
    "costOfRevenue": 31733000000,
    "grossProfit": 15211000000,
    "grossProfitRatio": 0.3240243695,
    "researchAndDevelopmentExpenses": 0,
    "generalAndAdministrativeExpenses": 0,
    "sellingAndMarketingExpenses": 0,
    "sellingGeneralAndAdministrativeExpenses": 1042000000,
    "otherExpenses": 7734000000,
    "operatingExpenses": 8776000000,
    "costAndExpenses": 40509000000,
    "interestIncome": 0,
    "interestExpense": 20000000,
    "depreciationAndAmortization": 3082000000,
    "ebitda": 10752000000,
    "ebitdaratio": 0.2290388548,
    "operatingIncome": 6435000000,
    "operatingIncomeRatio": 0.1370782209,
    "totalOtherIncomeExpensesNet": 1215000000,
    "incomeBeforeTax": 7650000000,
    "incomeBeforeTaxRatio": 0.1629601227,
    "incomeTaxExpense": 3070000000,
    "netIncome": 4552000000,
    "netIncomeRatio": 0.0969665985,
    "eps": 2.28,
    "epsdiluted": 2.27,
    "weightedAverageShsOut": 1994983000,
    "weightedAverageShsOutDil": 2004217000,
    "link": "https://www.sec.gov/Archives/edgar/data/93410/000095012310044204/0000950123-10-044204-index.htm",
    "finalLink": "https://www.sec.gov/Archives/edgar/data/93410/000095012310044204/f55136e10vq.htm"
  },
  {
    "date": "2009-12-31",
    "symbol": "CVX",
    "reportedCurrency": "USD",
    "cik": "0000093410",
    "fillingDate": "2010-02-25",
    "acceptedDate": "2010-02-25 12:56:14",
    "calendarYear": "2009",
    "period": "Q4",
    "revenue": 47778000000,
    "costOfRevenue": 33505000000,
    "grossProfit": 14273000000,
    "grossProfitRatio": 0.2987358198,
    "researchAndDevelopmentExpenses": 0,
    "generalAndAdministrativeExpenses": 0,
    "sellingAndMarketingExpenses": 0,
    "sellingGeneralAndAdministrativeExpenses": 1330000000,
    "otherExpenses": 8020000000,
    "operatingExpenses": 9350000000,
    "costAndExpenses": 42855000000,
    "interestIncome": 0,
    "interestExpense": 0,
    "depreciationAndAmortization": 3156000000,
    "ebitda": 8977000000,
    "ebitdaratio": 0.1878898238,
    "operatingIncome": 4923000000,
    "operatingIncomeRatio": 0.1030390556,
    "totalOtherIncomeExpensesNet": 898000000,
    "incomeBeforeTax": 5821000000,
    "incomeBeforeTaxRatio": 0.121834317,
    "incomeTaxExpense": 2719000000,
    "netIncome": 3070000000,
    "netIncomeRatio": 0.0642555151,
    "eps": 1.54,
    "epsdiluted": 1.54,
    "weightedAverageShsOut": 1992801000,
    "weightedAverageShsOutDil": 1994983000,
    "link": "https://www.sec.gov/Archives/edgar/data/93410/000095012310016846/0000950123-10-016846-index.htm",
    "finalLink": "https://www.sec.gov/Archives/edgar/data/93410/000095012310016846/f54086e10vk.htm"
  },
  {
    "date": "2009-09-30",
    "symbol": "CVX",
    "reportedCurrency": "USD",
    "cik": "0000093410",
    "fillingDate": "2009-11-05",
    "acceptedDate": "2009-11-05 11:12:07",
    "calendarYear": "2009",
    "period": "Q3",
    "revenue": 45553000000,
    "costOfRevenue": 31372000000,
    "grossProfit": 14181000000,
    "grossProfitRatio": 0.3113077075,
    "researchAndDevelopmentExpenses": 0,
    "generalAndAdministrativeExpenses": 0,
    "sellingAndMarketingExpenses": 0,
    "sellingGeneralAndAdministrativeExpenses": 1177000000,
    "otherExpenses": 7874000000,
    "operatingExpenses": 9051000000,
    "costAndExpenses": 40423000000,
    "interestIncome": 0,
    "interestExpense": 14000000,
    "depreciationAndAmortization": 2988000000,
    "ebitda": 9190000000,
    "ebitdaratio": 0.2017430246,
    "operatingIncome": 5130000000,
    "operatingIncomeRatio": 0.1126160736,
    "totalOtherIncomeExpensesNet": 1058000000,
    "incomeBeforeTax": 6188000000,
    "incomeBeforeTaxRatio": 0.1358417667,
    "incomeTaxExpense": 2342000000,
    "netIncome": 3831000000,
    "netIncomeRatio": 0.0840998397,
    "eps": 1.922756483,
    "epsdiluted": 1.9149389229,
    "weightedAverageShsOut": 1992452000,
    "weightedAverageShsOutDil": 2000586000,
    "link": "https://www.sec.gov/Archives/edgar/data/93410/000095012309058120/0000950123-09-058120-index.htm",
    "finalLink": "https://www.sec.gov/Archives/edgar/data/93410/000095012309058120/f53312e10vq.htm"
  },
  {
    "date": "2009-06-30",
    "symbol": "CVX",
    "reportedCurrency": "USD",
    "cik": "0000093410",
    "fillingDate": "2009-08-06",
    "acceptedDate": "2009-08-06 11:27:55",
    "calendarYear": "2009",
    "period": "Q2",
    "revenue": 39470000000,
    "costOfRevenue": 27887000000,
    "grossProfit": 11583000000,
    "grossProfitRatio": 0.2934633899,
    "researchAndDevelopmentExpenses": 0,
    "generalAndAdministrativeExpenses": 0,
    "sellingAndMarketingExpenses": 0,
    "sellingGeneralAndAdministrativeExpenses": 1043000000,
    "otherExpenses": 7923000000,
    "operatingExpenses": 8966000000,
    "costAndExpenses": 36853000000,
    "interestIncome": 0,
    "interestExpense": 6000000,
    "depreciationAndAmortization": 3099000000,
    "ebitda": 6451000000,
    "ebitdaratio": 0.1634405878,
    "operatingIncome": 2617000000,
    "operatingIncomeRatio": 0.0663035217,
    "totalOtherIncomeExpensesNet": 729000000,
    "incomeBeforeTax": 3346000000,
    "incomeBeforeTaxRatio": 0.0847732455,
    "incomeTaxExpense": 1585000000,
    "netIncome": 1745000000,
    "netIncomeRatio": 0.044210793,
    "eps": 0.88,
    "epsdiluted": 0.87,
    "weightedAverageShsOut": 1991605000,
    "weightedAverageShsOutDil": 1999667000,
    "link": "https://www.sec.gov/Archives/edgar/data/93410/000095012309030860/0000950123-09-030860-index.htm",
    "finalLink": "https://www.sec.gov/Archives/edgar/data/93410/000095012309030860/f53053e10vq.htm"
  },
  {
    "date": "2009-03-31",
    "symbol": "CVX",
    "reportedCurrency": "USD",
    "cik": "0000093410",
    "fillingDate": "2009-05-07",
    "acceptedDate": "2009-05-07 11:18:40",
    "calendarYear": "2009",
    "period": "Q1",
    "revenue": 35519000000,
    "costOfRevenue": 24746000000,
    "grossProfit": 10773000000,
    "grossProfitRatio": 0.3033024578,
    "researchAndDevelopmentExpenses": 0,
    "generalAndAdministrativeExpenses": 0,
    "sellingAndMarketingExpenses": 0,
    "sellingGeneralAndAdministrativeExpenses": 977000000,
    "otherExpenses": 7226000000,
    "operatingExpenses": 8203000000,
    "costAndExpenses": 32949000000,
    "interestIncome": 0,
    "interestExpense": 8000000,
    "depreciationAndAmortization": 2867000000,
    "ebitda": 6048000000,
    "ebitdaratio": 0.1702750641,
    "operatingIncome": 2570000000,
    "operatingIncomeRatio": 0.0723556406,
    "totalOtherIncomeExpensesNet": 603000000,
    "incomeBeforeTax": 3173000000,
    "incomeBeforeTaxRatio": 0.0893324699,
    "incomeTaxExpense": 1319000000,
    "netIncome": 1837000000,
    "netIncomeRatio": 0.0517187984,
    "eps": 0.92,
    "epsdiluted": 0.92,
    "weightedAverageShsOut": 1991128000,
    "weightedAverageShsOutDil": 1999509000,
    "link": "https://www.sec.gov/Archives/edgar/data/93410/000089161809000166/0000891618-09-000166-index.htm",
    "finalLink": "https://www.sec.gov/Archives/edgar/data/93410/000089161809000166/f52062e10vq.htm"
  },
  {
    "date": "2008-12-31",
    "symbol": "CVX",
    "reportedCurrency": "USD",
    "cik": "0000093410",
    "fillingDate": "2009-02-26",
    "acceptedDate": "2009-02-26 00:00:00",
    "calendarYear": "2008",
    "period": "Q4",
    "revenue": 45203000000,
    "costOfRevenue": 29329000000,
    "grossProfit": 15874000000,
    "grossProfitRatio": 0.3511713824,
    "researchAndDevelopmentExpenses": 0,
    "generalAndAdministrativeExpenses": 0,
    "sellingAndMarketingExpenses": 0,
    "sellingGeneralAndAdministrativeExpenses": 1492000000,
    "otherExpenses": 7136000000,
    "operatingExpenses": 8628000000,
    "costAndExpenses": 37957000000,
    "interestIncome": 0,
    "interestExpense": 0,
    "depreciationAndAmortization": 2589000000,
    "ebitda": 9835000000,
    "ebitdaratio": 0.2175740548,
    "operatingIncome": 7246000000,
    "operatingIncomeRatio": 0.1602990952,
    "totalOtherIncomeExpensesNet": -6000000,
    "incomeBeforeTax": 7240000000,
    "incomeBeforeTaxRatio": 0.1601663606,
    "incomeTaxExpense": 2345000000,
    "netIncome": 4895000000,
    "netIncomeRatio": 0.1082892728,
    "eps": 2.46,
    "epsdiluted": 2.46,
    "weightedAverageShsOut": 1991128000,
    "weightedAverageShsOutDil": 1991128000,
    "link": "https://www.sec.gov/Archives/edgar/data/93410/000089161809000054/0000891618-09-000054-index.htm",
    "finalLink": "https://www.sec.gov/Archives/edgar/data/93410/000089161809000054/f50714e10vk.htm"
  },
  {
    "date": "2008-09-30",
    "symbol": "CVX",
    "reportedCurrency": "USD",
    "cik": "0000093410",
    "fillingDate": "2008-11-06",
    "acceptedDate": "2008-11-06 08:33:49",
    "calendarYear": "2008",
    "period": "Q3",
    "revenue": 77194000000,
    "costOfRevenue": 54914000000,
    "grossProfit": 22280000000,
    "grossProfitRatio": 0.2886234681,
    "researchAndDevelopmentExpenses": 0,
    "generalAndAdministrativeExpenses": 0,
    "sellingAndMarketingExpenses": 0,
    "sellingGeneralAndAdministrativeExpenses": 1278000000,
    "otherExpenses": 8334000000,
    "operatingExpenses": 9612000000,
    "costAndExpenses": 64526000000,
    "interestIncome": 0,
    "interestExpense": 0,
    "depreciationAndAmortization": 2449000000,
    "ebitda": 16790000000,
    "ebitdaratio": 0.2175039511,
    "operatingIncome": 12668000000,
    "operatingIncomeRatio": 0.1641060186,
    "totalOtherIncomeExpensesNet": 1673000000,
    "incomeBeforeTax": 14341000000,
    "incomeBeforeTaxRatio": 0.1857786875,
    "incomeTaxExpense": 6416000000,
    "netIncome": 7893000000,
    "netIncomeRatio": 0.1022488794,
    "eps": 3.88,
    "epsdiluted": 3.85,
    "weightedAverageShsOut": 2032433000,
    "weightedAverageShsOutDil": 2044616000,
    "link": "https://www.sec.gov/Archives/edgar/data/93410/000095013408019596/0000950134-08-019596-index.htm",
    "finalLink": "https://www.sec.gov/Archives/edgar/data/93410/000095013408019596/f50197e10vq.htm"
  },
  {
    "date": "2008-06-30",
    "symbol": "CVX",
    "reportedCurrency": "USD",
    "cik": "0000093410",
    "fillingDate": "2008-08-07",
    "acceptedDate": "2008-08-07 08:31:34",
    "calendarYear": "2008",
    "period": "Q2",
    "revenue": 81426000000,
    "costOfRevenue": 61304000000,
    "grossProfit": 20122000000,
    "grossProfitRatio": 0.2471200845,
    "researchAndDevelopmentExpenses": 0,
    "generalAndAdministrativeExpenses": 0,
    "sellingAndMarketingExpenses": 0,
    "sellingGeneralAndAdministrativeExpenses": 1639000000,
    "otherExpenses": 8281000000,
    "operatingExpenses": 9920000000,
    "costAndExpenses": 71224000000,
    "interestIncome": 0,
    "interestExpense": 0,
    "depreciationAndAmortization": 2275000000,
    "ebitda": 14040000000,
    "ebitdaratio": 0.1724264977,
    "operatingIncome": 10202000000,
    "operatingIncomeRatio": 0.1252916759,
    "totalOtherIncomeExpensesNet": 1563000000,
    "incomeBeforeTax": 11765000000,
    "incomeBeforeTaxRatio": 0.1444870189,
    "incomeTaxExpense": 5756000000,
    "netIncome": 5975000000,
    "netIncomeRatio": 0.0733795102,
    "eps": 2.91,
    "epsdiluted": 2.9,
    "weightedAverageShsOut": 2050773000,
    "weightedAverageShsOutDil": 2064888000,
    "link": "https://www.sec.gov/Archives/edgar/data/93410/000095013408014499/0000950134-08-014499-index.htm",
    "finalLink": "https://www.sec.gov/Archives/edgar/data/93410/000095013408014499/f42584e10vq.htm"
  },
  {
    "date": "2008-03-31",
    "symbol": "CVX",
    "reportedCurrency": "USD",
    "cik": "0000093410",
    "fillingDate": "2008-05-08",
    "acceptedDate": "2008-05-08 08:32:49",
    "calendarYear": "2008",
    "period": "Q1",
    "revenue": 64702000000,
    "costOfRevenue": 46983000000,
    "grossProfit": 17719000000,
    "grossProfitRatio": 0.2738555222,
    "researchAndDevelopmentExpenses": 0,
    "generalAndAdministrativeExpenses": 0,
    "sellingAndMarketingExpenses": 0,
    "sellingGeneralAndAdministrativeExpenses": 1347000000,
    "otherExpenses": 7911000000,
    "operatingExpenses": 9258000000,
    "costAndExpenses": 56241000000,
    "interestIncome": 0,
    "interestExpense": 0,
    "depreciationAndAmortization": 2215000000,
    "ebitda": 11920000000,
    "ebitdaratio": 0.1842292356,
    "operatingIncome": 8461000000,
    "operatingIncomeRatio": 0.1307687552,
    "totalOtherIncomeExpensesNet": 1244000000,
    "incomeBeforeTax": 9705000000,
    "incomeBeforeTaxRatio": 0.1499953634,
    "incomeTaxExpense": 4509000000,
    "netIncome": 5168000000,
    "netIncomeRatio": 0.0798738833,
    "eps": 2.5,
    "epsdiluted": 2.48,
    "weightedAverageShsOut": 2066420000,
    "weightedAverageShsOutDil": 2080209000,
    "link": "https://www.sec.gov/Archives/edgar/data/93410/000095013408008862/0000950134-08-008862-index.htm",
    "finalLink": "https://www.sec.gov/Archives/edgar/data/93410/000095013408008862/f40423e10vq.htm"
  },
  {
    "date": "2007-12-31",
    "symbol": "CVX",
    "reportedCurrency": "USD",
    "cik": "0000093410",
    "fillingDate": "2008-03-27",
    "acceptedDate": "2008-03-27 08:38:03",
    "calendarYear": "2007",
    "period": "Q4",
    "revenue": 61410000000,
    "costOfRevenue": 43303000000,
    "grossProfit": 18107000000,
    "grossProfitRatio": 0.2948542583,
    "researchAndDevelopmentExpenses": 0,
    "generalAndAdministrativeExpenses": 0,
    "sellingAndMarketingExpenses": 0,
    "sellingGeneralAndAdministrativeExpenses": 1833000000,
    "otherExpenses": 5106000000,
    "operatingExpenses": 6939000000,
    "costAndExpenses": 50242000000,
    "interestIncome": 0,
    "interestExpense": 0,
    "depreciationAndAmortization": 2094000000,
    "ebitda": 13262000000,
    "ebitdaratio": 0.215958313,
    "operatingIncome": 11168000000,
    "operatingIncomeRatio": 0.181859632,
    "totalOtherIncomeExpensesNet": -2590000000,
    "incomeBeforeTax": 8578000000,
    "incomeBeforeTaxRatio": 0.1396840905,
    "incomeTaxExpense": 3703000000,
    "netIncome": 4875000000,
    "netIncomeRatio": 0.0793844651,
    "eps": 2.36,
    "epsdiluted": 2.36,
    "weightedAverageShsOut": 2066420000,
    "weightedAverageShsOutDil": 2066420000,
    "link": "https://www.sec.gov/Archives/edgar/data/93410/000095013408005470/0000950134-08-005470-index.htm",
    "finalLink": "https://www.sec.gov/Archives/edgar/data/93410/000095013408005470/f37829a1e10vkza.htm"
  },
  {
    "date": "2007-09-30",
    "symbol": "CVX",
    "reportedCurrency": "USD",
    "cik": "0000093410",
    "fillingDate": "2007-11-06",
    "acceptedDate": "2007-11-06 08:30:09",
    "calendarYear": "2007",
    "period": "Q3",
    "revenue": 55173000000,
    "costOfRevenue": 38680000000,
    "grossProfit": 16493000000,
    "grossProfitRatio": 0.2989324488,
    "researchAndDevelopmentExpenses": 0,
    "generalAndAdministrativeExpenses": 0,
    "sellingAndMarketingExpenses": 0,
    "sellingGeneralAndAdministrativeExpenses": 1446000000,
    "otherExpenses": 8033000000,
    "operatingExpenses": 9479000000,
    "costAndExpenses": 48159000000,
    "interestIncome": 0,
    "interestExpense": 0,
    "depreciationAndAmortization": 2496000000,
    "ebitda": 9510000000,
    "ebitdaratio": 0.1723669186,
    "operatingIncome": 7014000000,
    "operatingIncomeRatio": 0.1271273993,
    "totalOtherIncomeExpensesNet": -47000000,
    "incomeBeforeTax": 6967000000,
    "incomeBeforeTaxRatio": 0.1262755333,
    "incomeTaxExpense": 3249000000,
    "netIncome": 3718000000,
    "netIncomeRatio": 0.067388034,
    "eps": 1.77,
    "epsdiluted": 1.75,
    "weightedAverageShsOut": 2109345000,
    "weightedAverageShsOutDil": 2124198000,
    "link": "https://www.sec.gov/Archives/edgar/data/93410/000095013407022949/0000950134-07-022949-index.htm",
    "finalLink": "https://www.sec.gov/Archives/edgar/data/93410/000095013407022949/f35025e10vq.htm"
  },
  {
    "date": "2007-06-30",
    "symbol": "CVX",
    "reportedCurrency": "USD",
    "cik": "0000093410",
    "fillingDate": "2007-08-03",
    "acceptedDate": "2007-08-03 08:30:16",
    "calendarYear": "2007",
    "period": "Q2",
    "revenue": 56094000000,
    "costOfRevenue": 37535000000,
    "grossProfit": 18559000000,
    "grossProfitRatio": 0.3308553499,
    "researchAndDevelopmentExpenses": 0,
    "generalAndAdministrativeExpenses": 0,
    "sellingAndMarketingExpenses": 0,
    "sellingGeneralAndAdministrativeExpenses": 1516000000,
    "otherExpenses": 7899000000,
    "operatingExpenses": 9415000000,
    "costAndExpenses": 46950000000,
    "interestIncome": 0,
    "interestExpense": 0,
    "depreciationAndAmortization": 2155000000,
    "ebitda": 11300000000,
    "ebitdaratio": 0.2014475702,
    "operatingIncome": 9144000000,
    "operatingIncomeRatio": 0.1630120869,
    "totalOtherIncomeExpensesNet": -82000000,
    "incomeBeforeTax": 9062000000,
    "incomeBeforeTaxRatio": 0.1615502549,
    "incomeTaxExpense": 3682000000,
    "netIncome": 5380000000,
    "netIncomeRatio": 0.0959104361,
    "eps": 2.52,
    "epsdiluted": 2.52,
    "weightedAverageShsOut": 2127763000,
    "weightedAverageShsOutDil": 2141583000,
    "link": "https://www.sec.gov/Archives/edgar/data/93410/000095013407016714/0000950134-07-016714-index.htm",
    "finalLink": "https://www.sec.gov/Archives/edgar/data/93410/000095013407016714/f32319e10vq.htm"
  },
  {
    "date": "2007-03-31",
    "symbol": "CVX",
    "reportedCurrency": "USD",
    "cik": "0000093410",
    "fillingDate": "2007-05-04",
    "acceptedDate": "2007-05-04 08:31:20",
    "calendarYear": "2007",
    "period": "Q1",
    "revenue": 48227000000,
    "costOfRevenue": 32046000000,
    "grossProfit": 16181000000,
    "grossProfitRatio": 0.3355174487,
    "researchAndDevelopmentExpenses": 0,
    "generalAndAdministrativeExpenses": 0,
    "sellingAndMarketingExpenses": 0,
    "sellingGeneralAndAdministrativeExpenses": 1131000000,
    "otherExpenses": 7388000000,
    "operatingExpenses": 8519000000,
    "costAndExpenses": 40565000000,
    "interestIncome": 0,
    "interestExpense": 0,
    "depreciationAndAmortization": 1963000000,
    "ebitda": 9625000000,
    "ebitdaratio": 0.1995770004,
    "operatingIncome": 7662000000,
    "operatingIncomeRatio": 0.15887366,
    "totalOtherIncomeExpensesNet": -102000000,
    "incomeBeforeTax": 7560000000,
    "incomeBeforeTaxRatio": 0.1567586622,
    "incomeTaxExpense": 2845000000,
    "netIncome": 4715000000,
    "netIncomeRatio": 0.0977668111,
    "eps": 2.2,
    "epsdiluted": 2.18,
    "weightedAverageShsOut": 2145518000,
    "weightedAverageShsOutDil": 2157879000,
    "link": "https://www.sec.gov/Archives/edgar/data/93410/000095013407010195/0000950134-07-010195-index.htm",
    "finalLink": "https://www.sec.gov/Archives/edgar/data/93410/000095013407010195/f29711e10vq.htm"
  },
  {
    "date": "2006-12-31",
    "symbol": "CVX",
    "reportedCurrency": "USD",
    "cik": "0000093410",
    "fillingDate": "2007-02-28",
    "acceptedDate": "2007-02-28 17:24:00",
    "calendarYear": "2006",
    "period": "Q4",
    "revenue": 47746000000,
    "costOfRevenue": 32297000000,
    "grossProfit": 15449000000,
    "grossProfitRatio": 0.3235663721,
    "researchAndDevelopmentExpenses": 0,
    "generalAndAdministrativeExpenses": 0,
    "sellingAndMarketingExpenses": 0,
    "sellingGeneralAndAdministrativeExpenses": 1203000000,
    "otherExpenses": -2030000000,
    "operatingExpenses": -827000000,
    "costAndExpenses": 31470000000,
    "interestIncome": 0,
    "interestExpense": 0,
    "depreciationAndAmortization": 1988000000,
    "ebitda": 18264000000,
    "ebitdaratio": 0.3825241905,
    "operatingIncome": 16276000000,
    "operatingIncomeRatio": 0.3408871947,
    "totalOtherIncomeExpensesNet": -9645000000,
    "incomeBeforeTax": 6631000000,
    "incomeBeforeTaxRatio": 0.1388807439,
    "incomeTaxExpense": 2859000000,
    "netIncome": 3772000000,
    "netIncomeRatio": 0.0790013823,
    "eps": 1.76,
    "epsdiluted": 1.76,
    "weightedAverageShsOut": 2145518000,
    "weightedAverageShsOutDil": 2145518000,
    "link": "https://www.sec.gov/Archives/edgar/data/93410/000095014907000074/0000950149-07-000074-index.htm",
    "finalLink": "https://www.sec.gov/Archives/edgar/data/93410/000095014907000074/f27542e10vk.htm"
  },
  {
    "date": "2006-09-30",
    "symbol": "CVX",
    "reportedCurrency": "USD",
    "cik": "0000093410",
    "fillingDate": "2006-11-03",
    "acceptedDate": "2006-11-03 08:30:42",
    "calendarYear": "2006",
    "period": "Q3",
    "revenue": 54212000000,
    "costOfRevenue": 36010000000,
    "grossProfit": 18202000000,
    "grossProfitRatio": 0.3357559212,
    "researchAndDevelopmentExpenses": 0,
    "generalAndAdministrativeExpenses": 0,
    "sellingAndMarketingExpenses": 0,
    "sellingGeneralAndAdministrativeExpenses": 1428000000,
    "otherExpenses": 4804000000,
    "operatingExpenses": 6232000000,
    "costAndExpenses": 42242000000,
    "interestIncome": 0,
    "interestExpense": 0,
    "depreciationAndAmortization": 1923000000,
    "ebitda": 13893000000,
    "ebitdaratio": 0.2562716742,
    "operatingIncome": 11970000000,
    "operatingIncomeRatio": 0.2207998229,
    "totalOtherIncomeExpensesNet": -2646000000,
    "incomeBeforeTax": 9324000000,
    "incomeBeforeTaxRatio": 0.171991441,
    "incomeTaxExpense": 4307000000,
    "netIncome": 5017000000,
    "netIncomeRatio": 0.0925440862,
    "eps": 2.3,
    "epsdiluted": 2.29,
    "weightedAverageShsOut": 2178472000,
    "weightedAverageShsOutDil": 2189688000,
    "link": "https://www.sec.gov/Archives/edgar/data/93410/000095013406020382/0000950134-06-020382-index.htm",
    "finalLink": "https://www.sec.gov/Archives/edgar/data/93410/000095013406020382/f24501e10vq.htm"
  },
  {
    "date": "2006-06-30",
    "symbol": "CVX",
    "reportedCurrency": "USD",
    "cik": "0000093410",
    "fillingDate": "2006-08-03",
    "acceptedDate": "2006-08-03 08:31:30",
    "calendarYear": "2006",
    "period": "Q2",
    "revenue": 53536000000,
    "costOfRevenue": 36847000000,
    "grossProfit": 16689000000,
    "grossProfitRatio": 0.3117341602,
    "researchAndDevelopmentExpenses": 0,
    "generalAndAdministrativeExpenses": 0,
    "sellingAndMarketingExpenses": 0,
    "sellingGeneralAndAdministrativeExpenses": 1207000000,
    "otherExpenses": 6960000000,
    "operatingExpenses": 8167000000,
    "costAndExpenses": 45014000000,
    "interestIncome": 0,
    "interestExpense": 0,
    "depreciationAndAmortization": 1807000000,
    "ebitda": 10329000000,
    "ebitdaratio": 0.1929355947,
    "operatingIncome": 8522000000,
    "operatingIncomeRatio": 0.1591826061,
    "totalOtherIncomeExpensesNet": -143000000,
    "incomeBeforeTax": 8379000000,
    "incomeBeforeTaxRatio": 0.1565115063,
    "incomeTaxExpense": 4026000000,
    "netIncome": 4353000000,
    "netIncomeRatio": 0.0813097729,
    "eps": 1.98,
    "epsdiluted": 1.97,
    "weightedAverageShsOut": 2196134000,
    "weightedAverageShsOutDil": 2206009000,
    "link": "https://www.sec.gov/Archives/edgar/data/93410/000095013406014650/0000950134-06-014650-index.htm",
    "finalLink": "https://www.sec.gov/Archives/edgar/data/93410/000095013406014650/f21349e10vq.htm"
  },
  {
    "date": "2006-03-31",
    "symbol": "CVX",
    "reportedCurrency": "USD",
    "cik": "0000093410",
    "fillingDate": "2006-05-04",
    "acceptedDate": "2006-05-04 08:01:01",
    "calendarYear": "2006",
    "period": "Q1",
    "revenue": 54624000000,
    "costOfRevenue": 38717000000,
    "grossProfit": 15907000000,
    "grossProfitRatio": 0.2912089924,
    "researchAndDevelopmentExpenses": 0,
    "generalAndAdministrativeExpenses": 0,
    "sellingAndMarketingExpenses": 0,
    "sellingGeneralAndAdministrativeExpenses": 1523000000,
    "otherExpenses": 6582000000,
    "operatingExpenses": 8105000000,
    "costAndExpenses": 46822000000,
    "interestIncome": 0,
    "interestExpense": 0,
    "depreciationAndAmortization": 1788000000,
    "ebitda": 9590000000,
    "ebitdaratio": 0.1755638547,
    "operatingIncome": 7802000000,
    "operatingIncomeRatio": 0.14283099,
    "totalOtherIncomeExpensesNet": -160000000,
    "incomeBeforeTax": 7642000000,
    "incomeBeforeTaxRatio": 0.1399018746,
    "incomeTaxExpense": 3646000000,
    "netIncome": 3996000000,
    "netIncomeRatio": 0.0731546573,
    "eps": 1.81,
    "epsdiluted": 1.8,
    "weightedAverageShsOut": 2213980000,
    "weightedAverageShsOutDil": 2223843000,
    "link": "https://www.sec.gov/Archives/edgar/data/93410/000095013406008713/0000950134-06-008713-index.htm",
    "finalLink": "https://www.sec.gov/Archives/edgar/data/93410/000095013406008713/f18554e10vq.htm"
  },
  {
    "date": "2005-12-31",
    "symbol": "CVX",
    "reportedCurrency": "USD",
    "cik": "0000093410",
    "fillingDate": "2006-03-01",
    "acceptedDate": "2006-03-01 12:24:08",
    "calendarYear": "2005",
    "period": "Q4",
    "revenue": 60340000000,
    "costOfRevenue": 38339000000,
    "grossProfit": 22001000000,
    "grossProfitRatio": 0.3646171694,
    "researchAndDevelopmentExpenses": 0,
    "generalAndAdministrativeExpenses": 0,
    "sellingAndMarketingExpenses": 0,
    "sellingGeneralAndAdministrativeExpenses": 1340000000,
    "otherExpenses": 4615000000,
    "operatingExpenses": 5955000000,
    "costAndExpenses": 44294000000,
    "interestIncome": 0,
    "interestExpense": 0,
    "depreciationAndAmortization": 1725000000,
    "ebitda": 17771000000,
    "ebitdaratio": 0.2945144183,
    "operatingIncome": 16046000000,
    "operatingIncomeRatio": 0.265926417,
    "totalOtherIncomeExpensesNet": -8887000000,
    "incomeBeforeTax": 7159000000,
    "incomeBeforeTaxRatio": 0.1186443487,
    "incomeTaxExpense": 3015000000,
    "netIncome": 4144000000,
    "netIncomeRatio": 0.0686774942,
    "eps": 1.87,
    "epsdiluted": 1.87,
    "weightedAverageShsOut": 2213980000,
    "weightedAverageShsOutDil": 2213980000,
    "link": "https://www.sec.gov/Archives/edgar/data/93410/000095014906000076/0000950149-06-000076-index.htm",
    "finalLink": "https://www.sec.gov/Archives/edgar/data/93410/000095014906000076/f16935e10vk.htm"
  },
  {
    "date": "2005-09-30",
    "symbol": "CVX",
    "reportedCurrency": "USD",
    "cik": "0000093410",
    "fillingDate": "2005-11-03",
    "acceptedDate": "2005-11-03 08:31:12",
    "calendarYear": "2005",
    "period": "Q3",
    "revenue": 54456000000,
    "costOfRevenue": 39468000000,
    "grossProfit": 14988000000,
    "grossProfitRatio": 0.2752313795,
    "researchAndDevelopmentExpenses": 0,
    "generalAndAdministrativeExpenses": 0,
    "sellingAndMarketingExpenses": 0,
    "sellingGeneralAndAdministrativeExpenses": 1337000000,
    "otherExpenses": 6816000000,
    "operatingExpenses": 8153000000,
    "costAndExpenses": 47621000000,
    "interestIncome": 0,
    "interestExpense": 0,
    "depreciationAndAmortization": 1534000000,
    "ebitda": 8369000000,
    "ebitdaratio": 0.1536837079,
    "operatingIncome": 6835000000,
    "operatingIncomeRatio": 0.1255141766,
    "totalOtherIncomeExpensesNet": -160000000,
    "incomeBeforeTax": 6675000000,
    "incomeBeforeTaxRatio": 0.1225760247,
    "incomeTaxExpense": 3081000000,
    "netIncome": 3594000000,
    "netIncomeRatio": 0.0659982371,
    "eps": 1.65,
    "epsdiluted": 1.64,
    "weightedAverageShsOut": 2181387000,
    "weightedAverageShsOutDil": 2193851000,
    "link": "https://www.sec.gov/Archives/edgar/data/93410/000095013405020352/0000950134-05-020352-index.htm",
    "finalLink": "https://www.sec.gov/Archives/edgar/data/93410/000095013405020352/f13984e10vq.htm"
  },
  {
    "date": "2005-06-30",
    "symbol": "CVX",
    "reportedCurrency": "USD",
    "cik": "0000093410",
    "fillingDate": "2005-08-03",
    "acceptedDate": "2005-08-03 08:33:45",
    "calendarYear": "2005",
    "period": "Q2",
    "revenue": 48343000000,
    "costOfRevenue": 33982000000,
    "grossProfit": 14361000000,
    "grossProfitRatio": 0.297064725,
    "researchAndDevelopmentExpenses": 0,
    "generalAndAdministrativeExpenses": 0,
    "sellingAndMarketingExpenses": 0,
    "sellingGeneralAndAdministrativeExpenses": 1152000000,
    "otherExpenses": 6631000000,
    "operatingExpenses": 7783000000,
    "costAndExpenses": 41765000000,
    "interestIncome": 0,
    "interestExpense": 0,
    "depreciationAndAmortization": 1320000000,
    "ebitda": 7898000000,
    "ebitdaratio": 0.1633742217,
    "operatingIncome": 6578000000,
    "operatingIncomeRatio": 0.1360693379,
    "totalOtherIncomeExpensesNet": -122000000,
    "incomeBeforeTax": 6456000000,
    "incomeBeforeTaxRatio": 0.1335457047,
    "incomeTaxExpense": 2772000000,
    "netIncome": 3684000000,
    "netIncomeRatio": 0.0762054486,
    "eps": 1.77,
    "epsdiluted": 1.76,
    "weightedAverageShsOut": 2077743000,
    "weightedAverageShsOutDil": 2085763000,
    "link": "https://www.sec.gov/Archives/edgar/data/93410/000095014905000525/0000950149-05-000525-index.htm",
    "finalLink": "https://www.sec.gov/Archives/edgar/data/93410/000095014905000525/f11081e10vq.htm"
  },
  {
    "date": "2005-03-31",
    "symbol": "CVX",
    "reportedCurrency": "USD",
    "cik": "0000093410",
    "fillingDate": "2005-05-04",
    "acceptedDate": "2005-05-04 15:09:27",
    "calendarYear": "2005",
    "period": "Q1",
    "revenue": 41607000000,
    "costOfRevenue": 28960000000,
    "grossProfit": 12647000000,
    "grossProfitRatio": 0.3039632754,
    "researchAndDevelopmentExpenses": 0,
    "generalAndAdministrativeExpenses": 0,
    "sellingAndMarketingExpenses": 0,
    "sellingGeneralAndAdministrativeExpenses": 1152000000,
    "otherExpenses": 6460000000,
    "operatingExpenses": 7612000000,
    "costAndExpenses": 36572000000,
    "interestIncome": 0,
    "interestExpense": 0,
    "depreciationAndAmortization": 1334000000,
    "ebitda": 6369000000,
    "ebitdaratio": 0.1530752037,
    "operatingIncome": 5035000000,
    "operatingIncomeRatio": 0.121013291,
    "totalOtherIncomeExpensesNet": -128000000,
    "incomeBeforeTax": 4907000000,
    "incomeBeforeTaxRatio": 0.1179368856,
    "incomeTaxExpense": 2230000000,
    "netIncome": 2677000000,
    "netIncomeRatio": 0.0643401351,
    "eps": 1.28,
    "epsdiluted": 1.28,
    "weightedAverageShsOut": 2090609000,
    "weightedAverageShsOutDil": 2099899000,
    "link": "https://www.sec.gov/Archives/edgar/data/93410/000095013405008933/0000950134-05-008933-index.htm",
    "finalLink": "https://www.sec.gov/Archives/edgar/data/93410/000095013405008933/f07987e10vq.htm"
  },
  {
    "date": "2004-12-31",
    "symbol": "CVX",
    "reportedCurrency": "USD",
    "cik": "0000093410",
    "fillingDate": "2005-03-03",
    "acceptedDate": "2005-03-03 08:36:36",
    "calendarYear": "2004",
    "period": "Q4",
    "revenue": 48552000000,
    "costOfRevenue": 29447000000,
    "grossProfit": 19105000000,
    "grossProfitRatio": 0.3934956335,
    "researchAndDevelopmentExpenses": 0,
    "generalAndAdministrativeExpenses": 0,
    "sellingAndMarketingExpenses": 0,
    "sellingGeneralAndAdministrativeExpenses": 1319000000,
    "otherExpenses": 4351000000,
    "operatingExpenses": 5670000000,
    "costAndExpenses": 35117000000,
    "interestIncome": 0,
    "interestExpense": 0,
    "depreciationAndAmortization": 1285000000,
    "ebitda": 14720000000,
    "ebitdaratio": 0.3031800956,
    "operatingIncome": 13435000000,
    "operatingIncomeRatio": 0.2767136266,
    "totalOtherIncomeExpensesNet": -8102000000,
    "incomeBeforeTax": 5333000000,
    "incomeBeforeTaxRatio": 0.1098409952,
    "incomeTaxExpense": 1874000000,
    "netIncome": 3440000000,
    "netIncomeRatio": 0.0708518702,
    "eps": 1.65,
    "epsdiluted": 1.65,
    "weightedAverageShsOut": 2090609000,
    "weightedAverageShsOutDil": 2090609000,
    "link": "https://www.sec.gov/Archives/edgar/data/93410/000095013405004137/0000950134-05-004137-index.htm",
    "finalLink": "https://www.sec.gov/Archives/edgar/data/93410/000095013405004137/f04196e10vk.htm"
  },
  {
    "date": "2004-09-30",
    "symbol": "CVX",
    "reportedCurrency": "USD",
    "cik": "0000093410",
    "fillingDate": "2004-11-03",
    "acceptedDate": "2004-11-03 08:31:03",
    "calendarYear": "2004",
    "period": "Q3",
    "revenue": 38680000000,
    "costOfRevenue": 28380000000,
    "grossProfit": 10300000000,
    "grossProfitRatio": 0.2662874871,
    "researchAndDevelopmentExpenses": 0,
    "generalAndAdministrativeExpenses": 0,
    "sellingAndMarketingExpenses": 0,
    "sellingGeneralAndAdministrativeExpenses": 1231000000,
    "otherExpenses": 4127000000,
    "operatingExpenses": 5358000000,
    "costAndExpenses": 33738000000,
    "interestIncome": 0,
    "interestExpense": 0,
    "depreciationAndAmortization": 1199000000,
    "ebitda": 6161000000,
    "ebitdaratio": 0.1592812823,
    "operatingIncome": 4942000000,
    "operatingIncomeRatio": 0.1277662875,
    "totalOtherIncomeExpensesNet": -130000000,
    "incomeBeforeTax": 4812000000,
    "incomeBeforeTaxRatio": 0.1244053775,
    "incomeTaxExpense": 1875000000,
    "netIncome": 3201000000,
    "netIncomeRatio": 0.0827559462,
    "eps": 1.51,
    "epsdiluted": 1.51,
    "weightedAverageShsOut": 2113243000,
    "weightedAverageShsOutDil": 2119329000,
    "link": "https://www.sec.gov/Archives/edgar/data/93410/000095013404016230/0000950134-04-016230-index.htm",
    "finalLink": "https://www.sec.gov/Archives/edgar/data/93410/000095013404016230/f02658e10vq.htm"
  },
  {
    "date": "2004-06-30",
    "symbol": "CVX",
    "reportedCurrency": "USD",
    "cik": "0000093410",
    "fillingDate": "2004-08-04",
    "acceptedDate": "2004-08-04 06:05:28",
    "calendarYear": "2004",
    "period": "Q2",
    "revenue": 35275000000,
    "costOfRevenue": 24851000000,
    "grossProfit": 10424000000,
    "grossProfitRatio": 0.2955067328,
    "researchAndDevelopmentExpenses": 0,
    "generalAndAdministrativeExpenses": 0,
    "sellingAndMarketingExpenses": 0,
    "sellingGeneralAndAdministrativeExpenses": 986000000,
    "otherExpenses": 4211000000,
    "operatingExpenses": 5197000000,
    "costAndExpenses": 30048000000,
    "interestIncome": 0,
    "interestExpense": 0,
    "depreciationAndAmortization": 1263000000,
    "ebitda": 6490000000,
    "ebitdaratio": 0.1839829908,
    "operatingIncome": 5227000000,
    "operatingIncomeRatio": 0.1481785967,
    "totalOtherIncomeExpensesNet": 905000000,
    "incomeBeforeTax": 6132000000,
    "incomeBeforeTaxRatio": 0.1738341602,
    "incomeTaxExpense": 2056000000,
    "netIncome": 4125000000,
    "netIncomeRatio": 0.1169383416,
    "eps": 1.94,
    "epsdiluted": 1.94,
    "weightedAverageShsOut": 2122715000,
    "weightedAverageShsOutDil": 2127344000,
    "link": "https://www.sec.gov/Archives/edgar/data/93410/000095013404011227/0000950134-04-011227-index.htm",
    "finalLink": "https://www.sec.gov/Archives/edgar/data/93410/000095013404011227/f00715e10vq.htm"
  },
  {
    "date": "2004-03-31",
    "symbol": "CVX",
    "reportedCurrency": "USD",
    "cik": "0000093410",
    "fillingDate": "2004-05-07",
    "acceptedDate": "2004-05-07 08:06:24",
    "calendarYear": "2004",
    "period": "Q1",
    "revenue": 33645000000,
    "costOfRevenue": 22279000000,
    "grossProfit": 11366000000,
    "grossProfitRatio": 0.3378213702,
    "researchAndDevelopmentExpenses": 0,
    "generalAndAdministrativeExpenses": 0,
    "sellingAndMarketingExpenses": 0,
    "sellingGeneralAndAdministrativeExpenses": 1021000000,
    "otherExpenses": 4098000000,
    "operatingExpenses": 5119000000,
    "costAndExpenses": 27398000000,
    "interestIncome": 0,
    "interestExpense": 0,
    "depreciationAndAmortization": 1190000000,
    "ebitda": 7437000000,
    "ebitdaratio": 0.2210432457,
    "operatingIncome": 6247000000,
    "operatingIncomeRatio": 0.1856739486,
    "totalOtherIncomeExpensesNet": -1972000000,
    "incomeBeforeTax": 4275000000,
    "incomeBeforeTaxRatio": 0.1270619706,
    "incomeTaxExpense": 1724000000,
    "netIncome": 2562000000,
    "netIncomeRatio": 0.076148016,
    "eps": 1.21,
    "epsdiluted": 1.2,
    "weightedAverageShsOut": 2126735000,
    "weightedAverageShsOutDil": 2130735000,
    "link": "https://www.sec.gov/Archives/edgar/data/93410/000095014904000945/0000950149-04-000945-index.htm",
    "finalLink": "https://www.sec.gov/Archives/edgar/data/93410/000095014904000945/f98722e10vq.htm"
  },
  {
    "date": "2003-12-31",
    "symbol": "CVX",
    "reportedCurrency": "USD",
    "cik": "0000093410",
    "fillingDate": "2004-03-09",
    "acceptedDate": "2004-03-09 12:55:13",
    "calendarYear": "2003",
    "period": "Q4",
    "revenue": 30465000000,
    "costOfRevenue": 20615000000,
    "grossProfit": 9850000000,
    "grossProfitRatio": 0.3233218447,
    "researchAndDevelopmentExpenses": 0,
    "generalAndAdministrativeExpenses": 0,
    "sellingAndMarketingExpenses": 0,
    "sellingGeneralAndAdministrativeExpenses": 1173000000,
    "otherExpenses": 4142000000,
    "operatingExpenses": 5315000000,
    "costAndExpenses": 25930000000,
    "interestIncome": 0,
    "interestExpense": 0,
    "depreciationAndAmortization": 1322000000,
    "ebitda": 5857000000,
    "ebitdaratio": 0.1922534055,
    "operatingIncome": 4535000000,
    "operatingIncomeRatio": 0.1488593468,
    "totalOtherIncomeExpensesNet": -1950000000,
    "incomeBeforeTax": 2585000000,
    "incomeBeforeTaxRatio": 0.0848514689,
    "incomeTaxExpense": 850000000,
    "netIncome": 1735000000,
    "netIncomeRatio": 0.056950599,
    "eps": 0.82,
    "epsdiluted": 0.82,
    "weightedAverageShsOut": 2125436000,
    "weightedAverageShsOutDil": 2125436000,
    "link": "https://www.sec.gov/Archives/edgar/data/93410/000095013404003128/0000950134-04-003128-index.htm",
    "finalLink": "https://www.sec.gov/Archives/edgar/data/93410/000095013404003128/f96742e10vk.htm"
  },
  {
    "date": "2003-09-30",
    "symbol": "CVX",
    "reportedCurrency": "USD",
    "cik": "0000093410",
    "fillingDate": "2003-11-12",
    "acceptedDate": "2003-11-12 13:58:10",
    "calendarYear": "2003",
    "period": "Q3",
    "revenue": 29526000000,
    "costOfRevenue": 20376000000,
    "grossProfit": 9150000000,
    "grossProfitRatio": 0.3098963625,
    "researchAndDevelopmentExpenses": 0,
    "generalAndAdministrativeExpenses": 0,
    "sellingAndMarketingExpenses": 0,
    "sellingGeneralAndAdministrativeExpenses": 1197000000,
    "otherExpenses": 3993000000,
    "operatingExpenses": 5190000000,
    "costAndExpenses": 25566000000,
    "interestIncome": 0,
    "interestExpense": 0,
    "depreciationAndAmortization": 1409000000,
    "ebitda": 5369000000,
    "ebitdaratio": 0.1818397345,
    "operatingIncome": 3960000000,
    "operatingIncomeRatio": 0.1341190815,
    "totalOtherIncomeExpensesNet": -639000000,
    "incomeBeforeTax": 3321000000,
    "incomeBeforeTaxRatio": 0.1124771388,
    "incomeTaxExpense": 1360000000,
    "netIncome": 1975000000,
    "netIncomeRatio": 0.0668901985,
    "eps": 1.01,
    "epsdiluted": 1.01,
    "weightedAverageShsOut": 2125436000,
    "weightedAverageShsOutDil": 2128181000,
    "link": "https://www.sec.gov/Archives/edgar/data/93410/000095014903002647/0000950149-03-002647-index.htm",
    "finalLink": "https://www.sec.gov/Archives/edgar/data/93410/000095014903002647/f94071e10vq.htm"
  },
  {
    "date": "2003-06-03",
    "symbol": "CVX",
    "reportedCurrency": "USD",
    "cik": "0000093410",
    "fillingDate": "2003-08-12",
    "acceptedDate": "2003-08-12 16:18:41",
    "calendarYear": "2003",
    "period": "Q2",
    "revenue": 29361000000,
    "costOfRevenue": 19266000000,
    "grossProfit": 10095000000,
    "grossProfitRatio": 0.3438234393,
    "researchAndDevelopmentExpenses": 0,
    "generalAndAdministrativeExpenses": 0,
    "sellingAndMarketingExpenses": 0,
    "sellingGeneralAndAdministrativeExpenses": 1061000000,
    "otherExpenses": 4159000000,
    "operatingExpenses": 5220000000,
    "costAndExpenses": 24486000000,
    "interestIncome": 0,
    "interestExpense": 0,
    "depreciationAndAmortization": 1411000000,
    "ebitda": 6286000000,
    "ebitdaratio": 0.2140935254,
    "operatingIncome": 4875000000,
    "operatingIncomeRatio": 0.1660365791,
    "totalOtherIncomeExpensesNet": -1903000000,
    "incomeBeforeTax": 2972000000,
    "incomeBeforeTaxRatio": 0.1012227104,
    "incomeTaxExpense": 1372000000,
    "netIncome": 1600000000,
    "netIncomeRatio": 0.0544940567,
    "eps": 0.76,
    "epsdiluted": 0.75,
    "weightedAverageShsOut": 2124512000,
    "weightedAverageShsOutDil": 2127418000,
    "link": "https://www.sec.gov/Archives/edgar/data/93410/000095014903001899/0000950149-03-001899-index.htm",
    "finalLink": "https://www.sec.gov/Archives/edgar/data/93410/000095014903001899/f92216e10vq.htm"
  },
  {
    "date": "2003-03-31",
    "symbol": "CVX",
    "reportedCurrency": "USD",
    "cik": "0000093410",
    "fillingDate": "2003-05-09",
    "acceptedDate": "2003-05-09 16:00:02",
    "calendarYear": "2003",
    "period": "Q1",
    "revenue": 30762000000,
    "costOfRevenue": 20239000000,
    "grossProfit": 10523000000,
    "grossProfitRatio": 0.3420778883,
    "researchAndDevelopmentExpenses": 0,
    "generalAndAdministrativeExpenses": 0,
    "sellingAndMarketingExpenses": 0,
    "sellingGeneralAndAdministrativeExpenses": 1009000000,
    "otherExpenses": 3871000000,
    "operatingExpenses": 4880000000,
    "costAndExpenses": 25119000000,
    "interestIncome": 0,
    "interestExpense": 0,
    "depreciationAndAmortization": 1242000000,
    "ebitda": 6885000000,
    "ebitdaratio": 0.2238150965,
    "operatingIncome": 5643000000,
    "operatingIncomeRatio": 0.1834406085,
    "totalOtherIncomeExpensesNet": -1843000000,
    "incomeBeforeTax": 3800000000,
    "incomeBeforeTaxRatio": 0.1235290293,
    "incomeTaxExpense": 1721000000,
    "netIncome": 1920000000,
    "netIncomeRatio": 0.0624146674,
    "eps": 0.91,
    "epsdiluted": 0.91,
    "weightedAverageShsOut": 2124034000,
    "weightedAverageShsOutDil": 2127200000,
    "link": "https://www.sec.gov/Archives/edgar/data/93410/000095014903001091/0000950149-03-001091-index.htm",
    "finalLink": "https://www.sec.gov/Archives/edgar/data/93410/000095014903001091/f89902e10vq.htm"
  },
  {
    "date": "2002-12-31",
    "symbol": "CVX",
    "reportedCurrency": "USD",
    "cik": "0000093410",
    "fillingDate": "2003-03-17",
    "acceptedDate": "2003-03-17 17:23:02",
    "calendarYear": "2002",
    "period": "Q4",
    "revenue": 27058000000,
    "costOfRevenue": 18355000000,
    "grossProfit": 8703000000,
    "grossProfitRatio": 0.3216423978,
    "researchAndDevelopmentExpenses": 0,
    "generalAndAdministrativeExpenses": 0,
    "sellingAndMarketingExpenses": 0,
    "sellingGeneralAndAdministrativeExpenses": 1107000000,
    "otherExpenses": 3889000000,
    "operatingExpenses": 4996000000,
    "costAndExpenses": 23351000000,
    "interestIncome": 0,
    "interestExpense": 0,
    "depreciationAndAmortization": 1271000000,
    "ebitda": 4978000000,
    "ebitdaratio": 0.1839751645,
    "operatingIncome": 3707000000,
    "operatingIncomeRatio": 0.1370019957,
    "totalOtherIncomeExpensesNet": -2111000000,
    "incomeBeforeTax": 1596000000,
    "incomeBeforeTaxRatio": 0.0589844039,
    "incomeTaxExpense": 692000000,
    "netIncome": 904000000,
    "netIncomeRatio": 0.0334097125,
    "eps": 0.43,
    "epsdiluted": 0.43,
    "weightedAverageShsOut": 2124034000,
    "weightedAverageShsOutDil": 2124034000,
    "link": "https://www.sec.gov/Archives/edgar/data/93410/000095014903000567/0000950149-03-000567-index.htm",
    "finalLink": "https://www.sec.gov/Archives/edgar/data/93410/000095014903000567/f87939e10vk.htm"
  },
  {
    "date": "2002-09-30",
    "symbol": "CVX",
    "reportedCurrency": "USD",
    "cik": "0000093410",
    "fillingDate": "2002-11-12",
    "acceptedDate": "2002-11-08 21:42:02",
    "calendarYear": "2002",
    "period": "Q3",
    "revenue": 25681000000,
    "costOfRevenue": 17155000000,
    "grossProfit": 8526000000,
    "grossProfitRatio": 0.3319964176,
    "researchAndDevelopmentExpenses": 0,
    "generalAndAdministrativeExpenses": 0,
    "sellingAndMarketingExpenses": 0,
    "sellingGeneralAndAdministrativeExpenses": 1032000000,
    "otherExpenses": 4101000000,
    "operatingExpenses": 5133000000,
    "costAndExpenses": 22288000000,
    "interestIncome": 0,
    "interestExpense": 0,
    "depreciationAndAmortization": 1514000000,
    "ebitda": 4907000000,
    "ebitdaratio": 0.1910751139,
    "operatingIncome": 3393000000,
    "operatingIncomeRatio": 0.1321210233,
    "totalOtherIncomeExpensesNet": -3431000000,
    "incomeBeforeTax": -38000000,
    "incomeBeforeTaxRatio": -0.0014796932,
    "incomeTaxExpense": 866000000,
    "netIncome": -904000000,
    "netIncomeRatio": -0.0352011215,
    "eps": -0.43,
    "epsdiluted": -0.42,
    "weightedAverageShsOut": 2123266000,
    "weightedAverageShsOutDil": 2127324000,
    "link": "https://www.sec.gov/Archives/edgar/data/93410/000095014902002234/0000950149-02-002234-index.htm",
    "finalLink": "https://www.sec.gov/Archives/edgar/data/93410/000095014902002234/f85714e10vq.htm"
  },
  {
    "date": "2002-06-30",
    "symbol": "CVX",
    "reportedCurrency": "USD",
    "cik": "0000093410",
    "fillingDate": "2002-08-09",
    "acceptedDate": "2002-08-09 16:58:08",
    "calendarYear": "2002",
    "period": "Q2",
    "revenue": 25333000000,
    "costOfRevenue": 16528000000,
    "grossProfit": 8805000000,
    "grossProfitRatio": 0.3475703628,
    "researchAndDevelopmentExpenses": 0,
    "generalAndAdministrativeExpenses": 0,
    "sellingAndMarketingExpenses": 0,
    "sellingGeneralAndAdministrativeExpenses": 1153000000,
    "otherExpenses": 3627000000,
    "operatingExpenses": 4780000000,
    "costAndExpenses": 21308000000,
    "interestIncome": 0,
    "interestExpense": 0,
    "depreciationAndAmortization": 1241000000,
    "ebitda": 5266000000,
    "ebitdaratio": 0.2078711562,
    "operatingIncome": 4025000000,
    "operatingIncomeRatio": 0.1588836695,
    "totalOtherIncomeExpensesNet": -2742000000,
    "incomeBeforeTax": 1283000000,
    "incomeBeforeTaxRatio": 0.0506454032,
    "incomeTaxExpense": 876000000,
    "netIncome": 407000000,
    "netIncomeRatio": 0.0160660009,
    "eps": 0.2,
    "epsdiluted": 0.2,
    "weightedAverageShsOut": 2120868000,
    "weightedAverageShsOutDil": 2124578000,
    "link": "https://www.sec.gov/Archives/edgar/data/93410/000095014902001622/0000950149-02-001622-index.htm",
    "finalLink": "https://www.sec.gov/Archives/edgar/data/93410/000095014902001622/f83457e10vq.htm"
  },
  {
    "date": "2002-03-31",
    "symbol": "CVX",
    "reportedCurrency": "USD",
    "cik": "0000093410",
    "fillingDate": "2002-05-15",
    "acceptedDate": "2002-05-15 13:18:05",
    "calendarYear": "2002",
    "period": "Q1",
    "revenue": 20844000000,
    "costOfRevenue": 13650000000,
    "grossProfit": 7194000000,
    "grossProfitRatio": 0.3451352907,
    "researchAndDevelopmentExpenses": 0,
    "generalAndAdministrativeExpenses": 0,
    "sellingAndMarketingExpenses": 0,
    "sellingGeneralAndAdministrativeExpenses": 863000000,
    "otherExpenses": 3297000000,
    "operatingExpenses": 4160000000,
    "costAndExpenses": 17810000000,
    "interestIncome": 0,
    "interestExpense": 0,
    "depreciationAndAmortization": 1205000000,
    "ebitda": 4239000000,
    "ebitdaratio": 0.2033678756,
    "operatingIncome": 3034000000,
    "operatingIncomeRatio": 0.1455574746,
    "totalOtherIncomeExpensesNet": -1719000000,
    "incomeBeforeTax": 1315000000,
    "incomeBeforeTaxRatio": 0.0630876991,
    "incomeTaxExpense": 590000000,
    "netIncome": 725000000,
    "netIncomeRatio": 0.0347821915,
    "eps": 0.34,
    "epsdiluted": 0.34,
    "weightedAverageShsOut": 2120160000,
    "weightedAverageShsOutDil": 2124020000,
    "link": "https://www.sec.gov/Archives/edgar/data/93410/000095014902001024/0000950149-02-001024-index.htm",
    "finalLink": "https://www.sec.gov/Archives/edgar/data/93410/000095014902001024/f81693e10-q.htm"
  },
  {
    "date": "2001-12-31",
    "symbol": "CVX",
    "reportedCurrency": "USD",
    "cik": "0000093410",
    "fillingDate": "2002-03-27",
    "acceptedDate": "2002-03-27 00:00:00",
    "calendarYear": "2001",
    "period": "Q4",
    "revenue": 69032000000,
    "costOfRevenue": 46536000000,
    "grossProfit": 22496000000,
    "grossProfitRatio": 0.3258778537,
    "researchAndDevelopmentExpenses": 0,
    "generalAndAdministrativeExpenses": 0,
    "sellingAndMarketingExpenses": 0,
    "sellingGeneralAndAdministrativeExpenses": 2544000000,
    "otherExpenses": 9871000000,
    "operatingExpenses": 12415000000,
    "costAndExpenses": 58951000000,
    "interestIncome": 0,
    "interestExpense": 0,
    "depreciationAndAmortization": 4974000000,
    "ebitda": 15055000000,
    "ebitdaratio": 0.2180872639,
    "operatingIncome": 10081000000,
    "operatingIncomeRatio": 0.1460337235,
    "totalOtherIncomeExpensesNet": -8836000000,
    "incomeBeforeTax": 1245000000,
    "incomeBeforeTaxRatio": 0.0180351141,
    "incomeTaxExpense": 1406000000,
    "netIncome": -804000000,
    "netIncomeRatio": -0.0116467725,
    "eps": -0.38,
    "epsdiluted": -0.38,
    "weightedAverageShsOut": 2120160000,
    "weightedAverageShsOutDil": 2120160000,
    "link": "https://www.sec.gov/Archives/edgar/data/93410/000095014902000568/0000950149-02-000568-index.htm",
    "finalLink": "https://www.sec.gov/Archives/edgar/data/93410/000095014902000568/f80065e10-k405.htm"
  },
  {
    "date": "2001-09-30",
    "symbol": "CVX",
    "reportedCurrency": "USD",
    "cik": "0000093410",
    "fillingDate": "2001-11-13",
    "acceptedDate": "2001-11-13 00:00:00",
    "calendarYear": "2001",
    "period": "Q3",
    "revenue": 11909000000,
    "costOfRevenue": 7382000000,
    "grossProfit": 4527000000,
    "grossProfitRatio": 0.3801326728,
    "researchAndDevelopmentExpenses": 0,
    "generalAndAdministrativeExpenses": 0,
    "sellingAndMarketingExpenses": 0,
    "sellingGeneralAndAdministrativeExpenses": 537000000,
    "otherExpenses": 1966000000,
    "operatingExpenses": 2503000000,
    "costAndExpenses": 9885000000,
    "interestIncome": 0,
    "interestExpense": 65000000,
    "depreciationAndAmortization": 713000000,
    "ebitda": 2737000000,
    "ebitdaratio": 0.2298261819,
    "operatingIncome": 2024000000,
    "operatingIncomeRatio": 0.1699554958,
    "totalOtherIncomeExpensesNet": -65000000,
    "incomeBeforeTax": 1959000000,
    "incomeBeforeTaxRatio": 0.1644974389,
    "incomeTaxExpense": 791000000,
    "netIncome": 1168000000,
    "netIncomeRatio": 0.0980770846,
    "eps": 0.91,
    "epsdiluted": 0.91,
    "weightedAverageShsOut": 1286652000,
    "weightedAverageShsOutDil": 1288948000,
    "link": "https://www.sec.gov/Archives/edgar/data/93410/000009341001500018/0000093410-01-500018-index.htm",
    "finalLink": "https://www.sec.gov/Archives/edgar/data/93410/000009341001500018/q30110q.txt"
  },
  {
    "date": "2001-06-30",
    "symbol": "CVX",
    "reportedCurrency": "USD",
    "cik": "0000093410",
    "fillingDate": "2001-08-09",
    "acceptedDate": "2001-08-09 00:00:00",
    "calendarYear": "2001",
    "period": "Q2",
    "revenue": 13006000000,
    "costOfRevenue": 8069000000,
    "grossProfit": 4937000000,
    "grossProfitRatio": 0.3795940335,
    "researchAndDevelopmentExpenses": 0,
    "generalAndAdministrativeExpenses": 0,
    "sellingAndMarketingExpenses": 0,
    "sellingGeneralAndAdministrativeExpenses": 462000000,
    "otherExpenses": 1961000000,
    "operatingExpenses": 2423000000,
    "costAndExpenses": 10492000000,
    "interestIncome": 0,
    "interestExpense": 75000000,
    "depreciationAndAmortization": 690000000,
    "ebitda": 3204000000,
    "ebitdaratio": 0.2463478395,
    "operatingIncome": 2514000000,
    "operatingIncomeRatio": 0.1932954021,
    "totalOtherIncomeExpensesNet": -75000000,
    "incomeBeforeTax": 2439000000,
    "incomeBeforeTaxRatio": 0.1875288328,
    "incomeTaxExpense": 1115000000,
    "netIncome": 1324000000,
    "netIncomeRatio": 0.1017991696,
    "eps": 1.03,
    "epsdiluted": 1.02,
    "weightedAverageShsOut": 1285768000,
    "weightedAverageShsOutDil": 1289354000,
    "link": "https://www.sec.gov/Archives/edgar/data/93410/000009341001500008/0000093410-01-500008-index.htm",
    "finalLink": "https://www.sec.gov/Archives/edgar/data/93410/000009341001500008/q20110q.txt"
  },
  {
    "date": "2001-03-31",
    "symbol": "CVX",
    "reportedCurrency": "USD",
    "cik": "0000093410",
    "fillingDate": "2001-05-11",
    "acceptedDate": "2001-05-11 00:00:00",
    "calendarYear": "2001",
    "period": "Q1",
    "revenue": 12298000000,
    "costOfRevenue": 7251000000,
    "grossProfit": 5047000000,
    "grossProfitRatio": 0.4103919336,
    "researchAndDevelopmentExpenses": 0,
    "generalAndAdministrativeExpenses": 0,
    "sellingAndMarketingExpenses": 0,
    "sellingGeneralAndAdministrativeExpenses": 441000000,
    "otherExpenses": 1871000000,
    "operatingExpenses": 2312000000,
    "costAndExpenses": 9563000000,
    "interestIncome": 0,
    "interestExpense": 87000000,
    "depreciationAndAmortization": 682000000,
    "ebitda": 3417000000,
    "ebitdaratio": 0.2778500569,
    "operatingIncome": 2735000000,
    "operatingIncomeRatio": 0.2223938852,
    "totalOtherIncomeExpensesNet": -87000000,
    "incomeBeforeTax": 2648000000,
    "incomeBeforeTaxRatio": 0.2153195642,
    "incomeTaxExpense": 1048000000,
    "netIncome": 1600000000,
    "netIncomeRatio": 0.1301024557,
    "eps": 1.25,
    "epsdiluted": 1.25,
    "weightedAverageShsOut": 1284050000,
    "weightedAverageShsOutDil": 1286286000,
    "link": "https://www.sec.gov/Archives/edgar/data/93410/000009341001500004/0000093410-01-500004-index.htm",
    "finalLink": "https://www.sec.gov/Archives/edgar/data/93410/000009341001500004/chv10q.txt"
  },
  {
    "date": "2000-12-31",
    "symbol": "CVX",
    "reportedCurrency": "USD",
    "cik": "0000093410",
    "fillingDate": "2001-03-28",
    "acceptedDate": "2001-03-28 00:00:00",
    "calendarYear": "2000",
    "period": "Q4",
    "revenue": 80655000000,
    "costOfRevenue": 54408000000,
    "grossProfit": 26247000000,
    "grossProfitRatio": 0.3254230984,
    "researchAndDevelopmentExpenses": 0,
    "generalAndAdministrativeExpenses": 0,
    "sellingAndMarketingExpenses": 0,
    "sellingGeneralAndAdministrativeExpenses": 2464000000,
    "otherExpenses": 8921000000,
    "operatingExpenses": 11385000000,
    "costAndExpenses": 65793000000,
    "interestIncome": 0,
    "interestExpense": 0,
    "depreciationAndAmortization": 3170000000,
    "ebitda": 18032000000,
    "ebitdaratio": 0.2235695245,
    "operatingIncome": 14862000000,
    "operatingIncomeRatio": 0.1842663195,
    "totalOtherIncomeExpensesNet": -7466000000,
    "incomeBeforeTax": 7396000000,
    "incomeBeforeTaxRatio": 0.0916992127,
    "incomeTaxExpense": 3360000000,
    "netIncome": 4036000000,
    "netIncomeRatio": 0.0500402951,
    "eps": 3.14,
    "epsdiluted": 3.14,
    "weightedAverageShsOut": 1284050000,
    "weightedAverageShsOutDil": 1284050000,
    "link": "https://www.sec.gov/Archives/edgar/data/93410/000009341001000015/0000093410-01-000015-index.htm",
    "finalLink": "https://www.sec.gov/Archives/edgar/data/93410/000009341001000015/0000093410-01-000015-0001.txt"
  },
  {
    "date": "2000-09-30",
    "symbol": "CVX",
    "reportedCurrency": "USD",
    "cik": "0000093410",
    "fillingDate": "2000-11-08",
    "acceptedDate": "2000-11-08 00:00:00",
    "calendarYear": "2000",
    "period": "Q3",
    "revenue": 13621000000,
    "costOfRevenue": 8410000000,
    "grossProfit": 5211000000,
    "grossProfitRatio": 0.38257103,
    "researchAndDevelopmentExpenses": 0,
    "generalAndAdministrativeExpenses": 0,
    "sellingAndMarketingExpenses": 0,
    "sellingGeneralAndAdministrativeExpenses": 399000000,
    "otherExpenses": 2041000000,
    "operatingExpenses": 2440000000,
    "costAndExpenses": 10850000000,
    "interestIncome": 0,
    "interestExpense": 101000000,
    "depreciationAndAmortization": 801000000,
    "ebitda": 3572000000,
    "ebitdaratio": 0.2622421261,
    "operatingIncome": 2771000000,
    "operatingIncomeRatio": 0.2034358711,
    "totalOtherIncomeExpensesNet": -101000000,
    "incomeBeforeTax": 2670000000,
    "incomeBeforeTaxRatio": 0.1960208502,
    "incomeTaxExpense": 1139000000,
    "netIncome": 1531000000,
    "netIncomeRatio": 0.1123999706,
    "eps": 1.18,
    "epsdiluted": 1.18,
    "weightedAverageShsOut": 1297040000,
    "weightedAverageShsOutDil": 1299154000,
    "link": "https://www.sec.gov/Archives/edgar/data/93410/000009341000000022/0000093410-00-000022-index.htm",
    "finalLink": "https://www.sec.gov/Archives/edgar/data/93410/000009341000000022/0000093410-00-000022-0001.txt"
  },
  {
    "date": "2000-06-30",
    "symbol": "CVX",
    "reportedCurrency": "USD",
    "cik": "0000093410",
    "fillingDate": "2000-08-09",
    "acceptedDate": "2000-08-09 00:00:00",
    "calendarYear": "2000",
    "period": "Q2",
    "revenue": 13224000000,
    "costOfRevenue": 8685000000,
    "grossProfit": 4539000000,
    "grossProfitRatio": 0.3432395644,
    "researchAndDevelopmentExpenses": 0,
    "generalAndAdministrativeExpenses": 0,
    "sellingAndMarketingExpenses": 0,
    "sellingGeneralAndAdministrativeExpenses": 386000000,
    "otherExpenses": 1893000000,
    "operatingExpenses": 2279000000,
    "costAndExpenses": 10964000000,
    "interestIncome": 0,
    "interestExpense": 126000000,
    "depreciationAndAmortization": 699000000,
    "ebitda": 2959000000,
    "ebitdaratio": 0.2237598306,
    "operatingIncome": 2260000000,
    "operatingIncomeRatio": 0.1709013914,
    "totalOtherIncomeExpensesNet": -126000000,
    "incomeBeforeTax": 2134000000,
    "incomeBeforeTaxRatio": 0.1613732607,
    "incomeTaxExpense": 1018000000,
    "netIncome": 1116000000,
    "netIncomeRatio": 0.0843920145,
    "eps": 0.86,
    "epsdiluted": 0.86,
    "weightedAverageShsOut": 1306634000,
    "weightedAverageShsOutDil": 1309400000,
    "link": "https://www.sec.gov/Archives/edgar/data/93410/000009341000000011/0000093410-00-000011-index.htm",
    "finalLink": "https://www.sec.gov/Archives/edgar/data/93410/000009341000000011/0000093410-00-000011-0001.txt"
  },
  {
    "date": "2000-03-31",
    "symbol": "CVX",
    "reportedCurrency": "USD",
    "cik": "0000093410",
    "fillingDate": "2000-05-05",
    "acceptedDate": "2000-05-05 00:00:00",
    "calendarYear": "2000",
    "period": "Q1",
    "revenue": 11727000000,
    "costOfRevenue": 7583000000,
    "grossProfit": 4144000000,
    "grossProfitRatio": 0.3533725591,
    "researchAndDevelopmentExpenses": 0,
    "generalAndAdministrativeExpenses": 0,
    "sellingAndMarketingExpenses": 0,
    "sellingGeneralAndAdministrativeExpenses": 377000000,
    "otherExpenses": 1789000000,
    "operatingExpenses": 2166000000,
    "costAndExpenses": 9749000000,
    "interestIncome": 0,
    "interestExpense": 129000000,
    "depreciationAndAmortization": 651000000,
    "ebitda": 2629000000,
    "ebitdaratio": 0.2241835081,
    "operatingIncome": 1978000000,
    "operatingIncomeRatio": 0.1686705892,
    "totalOtherIncomeExpensesNet": -129000000,
    "incomeBeforeTax": 1849000000,
    "incomeBeforeTaxRatio": 0.1576703334,
    "incomeTaxExpense": 805000000,
    "netIncome": 1044000000,
    "netIncomeRatio": 0.0890253262,
    "eps": 0.8,
    "epsdiluted": 0.8,
    "weightedAverageShsOut": 1312264000,
    "weightedAverageShsOutDil": 1316248000,
    "link": "https://www.sec.gov/Archives/edgar/data/93410/000009341000000007/0000093410-00-000007-index.html",
    "finalLink": "https://www.sec.gov/Archives/edgar/data/93410/000009341000000007/"
  },
  {
    "date": "1999-12-31",
    "symbol": "CVX",
    "reportedCurrency": "USD",
    "cik": "0000093410",
    "fillingDate": "2000-03-30",
    "acceptedDate": "2000-03-30 00:00:00",
    "calendarYear": "1999",
    "period": "Q4",
    "revenue": 60106000000,
    "costOfRevenue": 38597000000,
    "grossProfit": 21509000000,
    "grossProfitRatio": 0.3578511297,
    "researchAndDevelopmentExpenses": 0,
    "generalAndAdministrativeExpenses": 0,
    "sellingAndMarketingExpenses": 0,
    "sellingGeneralAndAdministrativeExpenses": 2019000000,
    "otherExpenses": 8978000000,
    "operatingExpenses": 10997000000,
    "costAndExpenses": 49594000000,
    "interestIncome": 0,
    "interestExpense": 0,
    "depreciationAndAmortization": 2968000000,
    "ebitda": 13480000000,
    "ebitdaratio": 0.2242704555,
    "operatingIncome": 10512000000,
    "operatingIncomeRatio": 0.1748910259,
    "totalOtherIncomeExpensesNet": -6898000000,
    "incomeBeforeTax": 3614000000,
    "incomeBeforeTaxRatio": 0.0601271088,
    "incomeTaxExpense": 1628000000,
    "netIncome": 1986000000,
    "netIncomeRatio": 0.0330416265,
    "eps": 1.51,
    "epsdiluted": 1.51,
    "weightedAverageShsOut": 1312264000,
    "weightedAverageShsOutDil": 1312264000,
    "link": "https://www.sec.gov/Archives/edgar/data/93410/000009341000000006/0000093410-00-000006-index.html",
    "finalLink": "https://www.sec.gov/Archives/edgar/data/93410/000009341000000006/"
  },
  {
    "date": "1999-09-30",
    "symbol": "CVX",
    "reportedCurrency": "USD",
    "cik": "0000093410",
    "fillingDate": "1999-11-04",
    "acceptedDate": "1999-11-04 00:00:00",
    "calendarYear": "1999",
    "period": "Q3",
    "revenue": 10177000000,
    "costOfRevenue": 6649000000,
    "grossProfit": 3528000000,
    "grossProfitRatio": 0.3466640464,
    "researchAndDevelopmentExpenses": 0,
    "generalAndAdministrativeExpenses": 0,
    "sellingAndMarketingExpenses": 0,
    "sellingGeneralAndAdministrativeExpenses": 357000000,
    "otherExpenses": 1948000000,
    "operatingExpenses": 2305000000,
    "costAndExpenses": 8954000000,
    "interestIncome": 0,
    "interestExpense": 116000000,
    "depreciationAndAmortization": 767000000,
    "ebitda": 1990000000,
    "ebitdaratio": 0.1955389604,
    "operatingIncome": 1223000000,
    "operatingIncomeRatio": 0.120172939,
    "totalOtherIncomeExpensesNet": -116000000,
    "incomeBeforeTax": 1107000000,
    "incomeBeforeTaxRatio": 0.108774688,
    "incomeTaxExpense": 525000000,
    "netIncome": 582000000,
    "netIncomeRatio": 0.0571877764,
    "eps": 0.44,
    "epsdiluted": 0.44,
    "weightedAverageShsOut": 1314380000,
    "weightedAverageShsOutDil": 1321298000,
    "link": "https://www.sec.gov/Archives/edgar/data/93410/000009341099000058/0000093410-99-000058-index.html",
    "finalLink": "https://www.sec.gov/Archives/edgar/data/93410/000009341099000058/"
  },
  {
    "date": "1999-06-30",
    "symbol": "CVX",
    "reportedCurrency": "USD",
    "cik": "0000093410",
    "fillingDate": "1999-08-05",
    "acceptedDate": "1999-08-05 00:00:00",
    "calendarYear": "1999",
    "period": "Q2",
    "revenue": 8741000000,
    "costOfRevenue": 5826000000,
    "grossProfit": 2915000000,
    "grossProfitRatio": 0.3334858712,
    "researchAndDevelopmentExpenses": 0,
    "generalAndAdministrativeExpenses": 0,
    "sellingAndMarketingExpenses": 0,
    "sellingGeneralAndAdministrativeExpenses": 449000000,
    "otherExpenses": 1776000000,
    "operatingExpenses": 2225000000,
    "costAndExpenses": 8051000000,
    "interestIncome": 0,
    "interestExpense": 113000000,
    "depreciationAndAmortization": 633000000,
    "ebitda": 1323000000,
    "ebitdaratio": 0.1513556801,
    "operatingIncome": 690000000,
    "operatingIncomeRatio": 0.0789383366,
    "totalOtherIncomeExpensesNet": -113000000,
    "incomeBeforeTax": 577000000,
    "incomeBeforeTaxRatio": 0.0660107539,
    "incomeTaxExpense": 227000000,
    "netIncome": 350000000,
    "netIncomeRatio": 0.0400411852,
    "eps": 0.27,
    "epsdiluted": 0.27,
    "weightedAverageShsOut": 1313820000,
    "weightedAverageShsOutDil": 1320066000,
    "link": "https://www.sec.gov/Archives/edgar/data/93410/0000093410-99-000045-index.html",
    "finalLink": "https://www.sec.gov/Archives/edgar/data/93410/000009341099000045/0000093410-99-000045.txt"
  },
  {
    "date": "1999-03-31",
    "symbol": "CVX",
    "reportedCurrency": "USD",
    "cik": "0000093410",
    "fillingDate": "1999-05-06",
    "acceptedDate": "1999-05-06 00:00:00",
    "calendarYear": "1999",
    "period": "Q1",
    "revenue": 6689000000,
    "costOfRevenue": 4029000000,
    "grossProfit": 2660000000,
    "grossProfitRatio": 0.3976678128,
    "researchAndDevelopmentExpenses": 0,
    "generalAndAdministrativeExpenses": 0,
    "sellingAndMarketingExpenses": 0,
    "sellingGeneralAndAdministrativeExpenses": 397000000,
    "otherExpenses": 1644000000,
    "operatingExpenses": 2041000000,
    "costAndExpenses": 6070000000,
    "interestIncome": 0,
    "interestExpense": 105000000,
    "depreciationAndAmortization": 566000000,
    "ebitda": 1185000000,
    "ebitdaratio": 0.1771565256,
    "operatingIncome": 619000000,
    "operatingIncomeRatio": 0.092539991,
    "totalOtherIncomeExpensesNet": -105000000,
    "incomeBeforeTax": 514000000,
    "incomeBeforeTaxRatio": 0.0768425774,
    "incomeTaxExpense": 185000000,
    "netIncome": 329000000,
    "netIncomeRatio": 0.0491852295,
    "eps": 0.25,
    "epsdiluted": 0.25,
    "weightedAverageShsOut": 1309354000,
    "weightedAverageShsOutDil": 1309586000,
    "link": "https://www.sec.gov/Archives/edgar/data/93410/000009341099000038/0000093410-99-000038-index.html",
    "finalLink": "https://www.sec.gov/Archives/edgar/data/93410/"
  },
  {
    "date": "1998-12-31",
    "symbol": "CVX",
    "reportedCurrency": "USD",
    "cik": "0000093410",
    "fillingDate": "1999-03-31",
    "acceptedDate": "1999-03-31 00:00:00",
    "calendarYear": "1998",
    "period": "Q4",
    "revenue": 7257000000,
    "costOfRevenue": -677000000,
    "grossProfit": 7934000000,
    "grossProfitRatio": 1.093289238,
    "researchAndDevelopmentExpenses": 0,
    "generalAndAdministrativeExpenses": 0,
    "sellingAndMarketingExpenses": 0,
    "sellingGeneralAndAdministrativeExpenses": 1343000000,
    "otherExpenses": 7073000000,
    "operatingExpenses": 8416000000,
    "costAndExpenses": 7739000000,
    "interestIncome": 0,
    "interestExpense": 0,
    "depreciationAndAmortization": 646000000,
    "ebitda": 164000000,
    "ebitdaratio": 0.0225988701,
    "operatingIncome": -482000000,
    "operatingIncomeRatio": -0.0664186303,
    "totalOtherIncomeExpensesNet": -109000000,
    "incomeBeforeTax": -591000000,
    "incomeBeforeTaxRatio": -0.081438611,
    "incomeTaxExpense": -392000000,
    "netIncome": -199000000,
    "netIncomeRatio": -0.0274217996,
    "eps": -0.15,
    "epsdiluted": -0.15,
    "weightedAverageShsOut": 1294633854,
    "weightedAverageShsOutDil": 1309354000,
    "link": "https://www.sec.gov/Archives/edgar/data/93410/000009341099000034/0000093410-99-000034-index.html",
    "finalLink": "https://www.sec.gov/Archives/edgar/data/93410/"
  },
  {
    "date": "1998-09-30",
    "symbol": "CVX",
    "reportedCurrency": "USD",
    "cik": "0000093410",
    "fillingDate": "1998-11-06",
    "acceptedDate": "1998-11-06 00:00:00",
    "calendarYear": "1998",
    "period": "Q3",
    "revenue": 7678000000,
    "costOfRevenue": 4733000000,
    "grossProfit": 2945000000,
    "grossProfitRatio": 0.383563428,
    "researchAndDevelopmentExpenses": 0,
    "generalAndAdministrativeExpenses": 0,
    "sellingAndMarketingExpenses": 0,
    "sellingGeneralAndAdministrativeExpenses": 367000000,
    "otherExpenses": 1708000000,
    "operatingExpenses": 2075000000,
    "costAndExpenses": 6808000000,
    "interestIncome": 0,
    "interestExpense": 103000000,
    "depreciationAndAmortization": 563000000,
    "ebitda": 1433000000,
    "ebitdaratio": 0.1866371451,
    "operatingIncome": 870000000,
    "operatingIncomeRatio": 0.113310758,
    "totalOtherIncomeExpensesNet": -103000000,
    "incomeBeforeTax": 767000000,
    "incomeBeforeTaxRatio": 0.0998958062,
    "incomeTaxExpense": 306000000,
    "netIncome": 461000000,
    "netIncomeRatio": 0.0600416775,
    "eps": 0.35,
    "epsdiluted": 0.35,
    "weightedAverageShsOut": 1310066000,
    "weightedAverageShsOutDil": 1314372000,
    "link": "https://www.sec.gov/Archives/edgar/data/93410/000009341098000020/0000093410-98-000020-index.html",
    "finalLink": "https://www.sec.gov/Archives/edgar/data/93410/"
  },
  {
    "date": "1998-06-30",
    "symbol": "CVX",
    "reportedCurrency": "USD",
    "cik": "0000093410",
    "fillingDate": "1998-08-11",
    "acceptedDate": "1998-08-11 00:00:00",
    "calendarYear": "1998",
    "period": "Q2",
    "revenue": 7969000000,
    "costOfRevenue": 5038000000,
    "grossProfit": 2931000000,
    "grossProfitRatio": 0.3678002259,
    "researchAndDevelopmentExpenses": 0,
    "generalAndAdministrativeExpenses": 0,
    "sellingAndMarketingExpenses": 0,
    "sellingGeneralAndAdministrativeExpenses": 276000000,
    "otherExpenses": 1697000000,
    "operatingExpenses": 1973000000,
    "costAndExpenses": 7011000000,
    "interestIncome": 0,
    "interestExpense": 99000000,
    "depreciationAndAmortization": 557000000,
    "ebitda": 1515000000,
    "ebitdaratio": 0.1901116828,
    "operatingIncome": 958000000,
    "operatingIncomeRatio": 0.1202158364,
    "totalOtherIncomeExpensesNet": -99000000,
    "incomeBeforeTax": 859000000,
    "incomeBeforeTaxRatio": 0.1077926967,
    "incomeTaxExpense": 282000000,
    "netIncome": 577000000,
    "netIncomeRatio": 0.0724055716,
    "eps": 0.44,
    "epsdiluted": 0.44,
    "weightedAverageShsOut": 1310918000,
    "weightedAverageShsOutDil": 1315524000,
    "link": "https://www.sec.gov/Archives/edgar/data/93410/000009341098000018/0000093410-98-000018-index.html",
    "finalLink": "https://www.sec.gov/Archives/edgar/data/93410/"
  },
  {
    "date": "1998-03-31",
    "symbol": "CVX",
    "reportedCurrency": "USD",
    "cik": "0000093410",
    "fillingDate": "1998-05-08",
    "acceptedDate": "1998-05-08 00:00:00",
    "calendarYear": "1998",
    "period": "Q1",
    "revenue": 7628000000,
    "costOfRevenue": 4942000000,
    "grossProfit": 2686000000,
    "grossProfitRatio": 0.3521237546,
    "researchAndDevelopmentExpenses": 0,
    "generalAndAdministrativeExpenses": 0,
    "sellingAndMarketingExpenses": 0,
    "sellingGeneralAndAdministrativeExpenses": 253000000,
    "otherExpenses": 1565000000,
    "operatingExpenses": 1818000000,
    "costAndExpenses": 6760000000,
    "interestIncome": 0,
    "interestExpense": 94000000,
    "depreciationAndAmortization": 554000000,
    "ebitda": 1422000000,
    "ebitdaratio": 0.1864184583,
    "operatingIncome": 868000000,
    "operatingIncomeRatio": 0.1137912952,
    "totalOtherIncomeExpensesNet": -94000000,
    "incomeBeforeTax": 774000000,
    "incomeBeforeTaxRatio": 0.1014682748,
    "incomeTaxExpense": 267000000,
    "netIncome": 507000000,
    "netIncomeRatio": 0.0664656529,
    "eps": 0.39,
    "epsdiluted": 0.39,
    "weightedAverageShsOut": 1309742000,
    "weightedAverageShsOutDil": 1314256000,
    "link": "https://www.sec.gov/Archives/edgar/data/93410/000009341098000004/0000093410-98-000004-index.html",
    "finalLink": "https://www.sec.gov/Archives/edgar/data/93410/"
  },
  {
    "date": "1997-12-31",
    "symbol": "CVX",
    "reportedCurrency": "USD",
    "cik": "0000093410",
    "fillingDate": "1998-03-25",
    "acceptedDate": "1998-03-25 00:00:00",
    "calendarYear": "1997",
    "period": "Q4",
    "revenue": 10255000000,
    "costOfRevenue": 334000000,
    "grossProfit": 9921000000,
    "grossProfitRatio": 0.9674305217,
    "researchAndDevelopmentExpenses": 0,
    "generalAndAdministrativeExpenses": 0,
    "sellingAndMarketingExpenses": 0,
    "sellingGeneralAndAdministrativeExpenses": 496000000,
    "otherExpenses": 7942000000,
    "operatingExpenses": 8438000000,
    "costAndExpenses": 8772000000,
    "interestIncome": 0,
    "interestExpense": 0,
    "depreciationAndAmortization": 657000000,
    "ebitda": 2140000000,
    "ebitdaratio": 0.2086786933,
    "operatingIncome": 1483000000,
    "operatingIncomeRatio": 0.1446123842,
    "totalOtherIncomeExpensesNet": -85000000,
    "incomeBeforeTax": 1398000000,
    "incomeBeforeTaxRatio": 0.1363237445,
    "incomeTaxExpense": 523000000,
    "netIncome": 875000000,
    "netIncomeRatio": 0.0853242321,
    "eps": 0.67,
    "epsdiluted": 0.67,
    "weightedAverageShsOut": 1306021368,
    "weightedAverageShsOutDil": 1307356000,
    "link": "https://www.sec.gov/Archives/edgar/data/93410/000009341098000003/0000093410-98-000003-index.html",
    "finalLink": "https://www.sec.gov/Archives/edgar/data/93410/"
  },
  {
    "date": "1997-09-30",
    "symbol": "CVX",
    "reportedCurrency": "USD",
    "cik": "0000093410",
    "fillingDate": "1997-11-12",
    "acceptedDate": "1997-11-12 00:00:00",
    "calendarYear": "1997",
    "period": "Q3",
    "revenue": 10328000000,
    "costOfRevenue": 6491000000,
    "grossProfit": 3837000000,
    "grossProfitRatio": 0.37151433,
    "researchAndDevelopmentExpenses": 0,
    "generalAndAdministrativeExpenses": 0,
    "sellingAndMarketingExpenses": 0,
    "sellingGeneralAndAdministrativeExpenses": 301000000,
    "otherExpenses": 2218000000,
    "operatingExpenses": 2519000000,
    "costAndExpenses": 9010000000,
    "interestIncome": 0,
    "interestExpense": 69000000,
    "depreciationAndAmortization": 548000000,
    "ebitda": 1866000000,
    "ebitdaratio": 0.1806738962,
    "operatingIncome": 1318000000,
    "operatingIncomeRatio": 0.1276142525,
    "totalOtherIncomeExpensesNet": -69000000,
    "incomeBeforeTax": 1249000000,
    "incomeBeforeTaxRatio": 0.120933385,
    "incomeTaxExpense": 522000000,
    "netIncome": 727000000,
    "netIncomeRatio": 0.0703911696,
    "eps": 0.56,
    "epsdiluted": 0.55,
    "weightedAverageShsOut": 1314580000,
    "weightedAverageShsOutDil": 1319750000,
    "link": "https://www.sec.gov/Archives/edgar/data/93410/000009341097000008/0000093410-97-000008-index.html",
    "finalLink": "https://www.sec.gov/Archives/edgar/data/93410/"
  },
  {
    "date": "1997-06-30",
    "symbol": "CVX",
    "reportedCurrency": "USD",
    "cik": "0000093410",
    "fillingDate": "1997-08-06",
    "acceptedDate": "1997-08-06 00:00:00",
    "calendarYear": "1997",
    "period": "Q2",
    "revenue": 10274000000,
    "costOfRevenue": 6232000000,
    "grossProfit": 4042000000,
    "grossProfitRatio": 0.3934202842,
    "researchAndDevelopmentExpenses": 0,
    "generalAndAdministrativeExpenses": 0,
    "sellingAndMarketingExpenses": 0,
    "sellingGeneralAndAdministrativeExpenses": 391000000,
    "otherExpenses": 2179000000,
    "operatingExpenses": 2570000000,
    "costAndExpenses": 8802000000,
    "interestIncome": 0,
    "interestExpense": 76000000,
    "depreciationAndAmortization": 549000000,
    "ebitda": 2021000000,
    "ebitdaratio": 0.1967101421,
    "operatingIncome": 1472000000,
    "operatingIncomeRatio": 0.1432742846,
    "totalOtherIncomeExpensesNet": -76000000,
    "incomeBeforeTax": 1396000000,
    "incomeBeforeTaxRatio": 0.135876971,
    "incomeTaxExpense": 573000000,
    "netIncome": 823000000,
    "netIncomeRatio": 0.0801051197,
    "eps": 0.63,
    "epsdiluted": 0.63,
    "weightedAverageShsOut": 1309930000,
    "weightedAverageShsOutDil": 1313312000,
    "link": "https://www.sec.gov/Archives/edgar/data/93410/000009341097000007/0000093410-97-000007-index.html",
    "finalLink": "https://www.sec.gov/Archives/edgar/data/93410/"
  },
  {
    "date": "1997-03-31",
    "symbol": "CVX",
    "reportedCurrency": "USD",
    "cik": "0000093410",
    "fillingDate": "1997-05-09",
    "acceptedDate": "1997-05-09 00:00:00",
    "calendarYear": "1997",
    "period": "Q1",
    "revenue": 11093000000,
    "costOfRevenue": 7166000000,
    "grossProfit": 3927000000,
    "grossProfitRatio": 0.3540070315,
    "researchAndDevelopmentExpenses": 0,
    "generalAndAdministrativeExpenses": 0,
    "sellingAndMarketingExpenses": 0,
    "sellingGeneralAndAdministrativeExpenses": 345000000,
    "otherExpenses": 2041000000,
    "operatingExpenses": 2386000000,
    "costAndExpenses": 9552000000,
    "interestIncome": 0,
    "interestExpense": 82000000,
    "depreciationAndAmortization": 546000000,
    "ebitda": 2087000000,
    "ebitdaratio": 0.1881366628,
    "operatingIncome": 1541000000,
    "operatingIncomeRatio": 0.1389164338,
    "totalOtherIncomeExpensesNet": -82000000,
    "incomeBeforeTax": 1459000000,
    "incomeBeforeTaxRatio": 0.1315243847,
    "incomeTaxExpense": 628000000,
    "netIncome": 831000000,
    "netIncomeRatio": 0.0749121067,
    "eps": 0.64,
    "epsdiluted": 0.64,
    "weightedAverageShsOut": 1306646000,
    "weightedAverageShsOutDil": 1306646000,
    "link": "https://www.sec.gov/Archives/edgar/data/93410/000009341097000005/0000093410-97-000005-index.html",
    "finalLink": "https://www.sec.gov/Archives/edgar/data/93410/"
  },
  {
    "date": "1996-12-31",
    "symbol": "CVX",
    "reportedCurrency": "USD",
    "cik": "0000093410",
    "fillingDate": "1997-03-26",
    "acceptedDate": "1997-03-26 00:00:00",
    "calendarYear": "1996",
    "period": "Q4",
    "revenue": 11511000000,
    "costOfRevenue": 1492000000,
    "grossProfit": 10019000000,
    "grossProfitRatio": 0.8703848493,
    "researchAndDevelopmentExpenses": 0,
    "generalAndAdministrativeExpenses": 0,
    "sellingAndMarketingExpenses": 0,
    "sellingGeneralAndAdministrativeExpenses": 334000000,
    "otherExpenses": 8615000000,
    "operatingExpenses": 8949000000,
    "costAndExpenses": 10441000000,
    "interestIncome": 0,
    "interestExpense": 0,
    "depreciationAndAmortization": 603000000,
    "ebitda": 1673000000,
    "ebitdaratio": 0.1453392407,
    "operatingIncome": 1070000000,
    "operatingIncomeRatio": 0.0929545652,
    "totalOtherIncomeExpensesNet": -90000000,
    "incomeBeforeTax": 980000000,
    "incomeBeforeTaxRatio": 0.0851359569,
    "incomeTaxExpense": 516000000,
    "netIncome": 464000000,
    "netIncomeRatio": 0.0403092694,
    "eps": 0.36,
    "epsdiluted": 0.36,
    "weightedAverageShsOut": 1306260000,
    "weightedAverageShsOutDil": 1306646000,
    "link": "https://www.sec.gov/Archives/edgar/data/93410/000009341097000004/0000093410-97-000004-index.html",
    "finalLink": "https://www.sec.gov/Archives/edgar/data/93410/"
  },
  {
    "date": "1996-09-30",
    "symbol": "CVX",
    "reportedCurrency": "USD",
    "cik": "0000093410",
    "fillingDate": "1996-11-08",
    "acceptedDate": "1996-11-08 00:00:00",
    "calendarYear": "1996",
    "period": "Q3",
    "revenue": 11049000000,
    "costOfRevenue": 7351000000,
    "grossProfit": 3698000000,
    "grossProfitRatio": 0.3346909223,
    "researchAndDevelopmentExpenses": 0,
    "generalAndAdministrativeExpenses": 0,
    "sellingAndMarketingExpenses": 0,
    "sellingGeneralAndAdministrativeExpenses": 303000000,
    "otherExpenses": 2051000000,
    "operatingExpenses": 2354000000,
    "costAndExpenses": 9705000000,
    "interestIncome": 0,
    "interestExpense": 93000000,
    "depreciationAndAmortization": 558000000,
    "ebitda": 1902000000,
    "ebitdaratio": 0.1721422753,
    "operatingIncome": 1344000000,
    "operatingIncomeRatio": 0.1216399674,
    "totalOtherIncomeExpensesNet": -93000000,
    "incomeBeforeTax": 1251000000,
    "incomeBeforeTaxRatio": 0.1132229161,
    "incomeTaxExpense": 596000000,
    "netIncome": 655000000,
    "netIncomeRatio": 0.0592813829,
    "eps": 0.5,
    "epsdiluted": 0.5,
    "weightedAverageShsOut": 1305342000,
    "weightedAverageShsOutDil": 1305342000,
    "link": "https://www.sec.gov/Archives/edgar/data/93410/000009341096000011/0000093410-96-000011-index.html",
    "finalLink": "https://www.sec.gov/Archives/edgar/data/93410/"
  },
  {
    "date": "1996-06-30",
    "symbol": "CVX",
    "reportedCurrency": "USD",
    "cik": "0000093410",
    "fillingDate": "1996-08-09",
    "acceptedDate": "1996-08-09 00:00:00",
    "calendarYear": "1996",
    "period": "Q2",
    "revenue": 10997000000,
    "costOfRevenue": 7130000000,
    "grossProfit": 3867000000,
    "grossProfitRatio": 0.3516413567,
    "researchAndDevelopmentExpenses": 0,
    "generalAndAdministrativeExpenses": 0,
    "sellingAndMarketingExpenses": 0,
    "sellingGeneralAndAdministrativeExpenses": 386000000,
    "otherExpenses": 1976000000,
    "operatingExpenses": 2362000000,
    "costAndExpenses": 9492000000,
    "interestIncome": 0,
    "interestExpense": 85000000,
    "depreciationAndAmortization": 524000000,
    "ebitda": 2029000000,
    "ebitdaratio": 0.184504865,
    "operatingIncome": 1505000000,
    "operatingIncomeRatio": 0.136855506,
    "totalOtherIncomeExpensesNet": -85000000,
    "incomeBeforeTax": 1420000000,
    "incomeBeforeTaxRatio": 0.1291261253,
    "incomeTaxExpense": 548000000,
    "netIncome": 872000000,
    "netIncomeRatio": 0.079294353,
    "eps": 0.67,
    "epsdiluted": 0.67,
    "weightedAverageShsOut": 1305428000,
    "weightedAverageShsOutDil": 1305428000,
    "link": "https://www.sec.gov/Archives/edgar/data/93410/000009341096000010/0000093410-96-000010-index.html",
    "finalLink": "https://www.sec.gov/Archives/edgar/data/93410/"
  },
  {
    "date": "1996-03-31",
    "symbol": "CVX",
    "reportedCurrency": "USD",
    "cik": "0000093410",
    "fillingDate": "1996-05-10",
    "acceptedDate": "1996-05-10 00:00:00",
    "calendarYear": "1996",
    "period": "Q1",
    "revenue": 10336000000,
    "costOfRevenue": 6853000000,
    "grossProfit": 3483000000,
    "grossProfitRatio": 0.3369775542,
    "researchAndDevelopmentExpenses": 0,
    "generalAndAdministrativeExpenses": 0,
    "sellingAndMarketingExpenses": 0,
    "sellingGeneralAndAdministrativeExpenses": 354000000,
    "otherExpenses": 1944000000,
    "operatingExpenses": 2298000000,
    "costAndExpenses": 9151000000,
    "interestIncome": 0,
    "interestExpense": 96000000,
    "depreciationAndAmortization": 531000000,
    "ebitda": 1716000000,
    "ebitdaratio": 0.1660216718,
    "operatingIncome": 1185000000,
    "operatingIncomeRatio": 0.1146478328,
    "totalOtherIncomeExpensesNet": -96000000,
    "incomeBeforeTax": 1089000000,
    "incomeBeforeTaxRatio": 0.1053599071,
    "incomeTaxExpense": 473000000,
    "netIncome": 616000000,
    "netIncomeRatio": 0.0595975232,
    "eps": 0.47,
    "epsdiluted": 0.47,
    "weightedAverageShsOut": 1305126000,
    "weightedAverageShsOutDil": 1305126000,
    "link": "https://www.sec.gov/Archives/edgar/data/93410/000009341096000007/0000093410-96-000007-index.html",
    "finalLink": "https://www.sec.gov/Archives/edgar/data/93410/"
  },
  {
    "date": "1995-12-31",
    "symbol": "CVX",
    "reportedCurrency": "USD",
    "cik": "0000093410",
    "fillingDate": "1996-03-27",
    "acceptedDate": "1996-03-27 00:00:00",
    "calendarYear": "1995",
    "period": "Q4",
    "revenue": 9157000000,
    "costOfRevenue": -137000000,
    "grossProfit": 9294000000,
    "grossProfitRatio": 1.0149612318,
    "researchAndDevelopmentExpenses": 0,
    "generalAndAdministrativeExpenses": 0,
    "sellingAndMarketingExpenses": 0,
    "sellingGeneralAndAdministrativeExpenses": 397000000,
    "otherExpenses": 9508000000,
    "operatingExpenses": 9905000000,
    "costAndExpenses": 9768000000,
    "interestIncome": 0,
    "interestExpense": 0,
    "depreciationAndAmortization": 1679000000,
    "ebitda": 1068000000,
    "ebitdaratio": 0.1166320847,
    "operatingIncome": -611000000,
    "operatingIncomeRatio": -0.0667249099,
    "totalOtherIncomeExpensesNet": -94000000,
    "incomeBeforeTax": -705000000,
    "incomeBeforeTaxRatio": -0.0769902807,
    "incomeTaxExpense": -287000000,
    "netIncome": -418000000,
    "netIncomeRatio": -0.045648138,
    "eps": -0.32,
    "epsdiluted": -0.32,
    "weightedAverageShsOut": 1304532432,
    "weightedAverageShsOutDil": 1305126000,
    "link": "https://www.sec.gov/Archives/edgar/data/93410/000009341096000003/0000093410-96-000003-index.html",
    "finalLink": "https://www.sec.gov/Archives/edgar/data/93410/"
  },
  {
    "date": "1995-09-30",
    "symbol": "CVX",
    "reportedCurrency": "USD",
    "cik": "0000093410",
    "fillingDate": "1995-11-13",
    "acceptedDate": "1995-11-13 00:00:00",
    "calendarYear": "1995",
    "period": "Q3",
    "revenue": 9314000000,
    "costOfRevenue": 6183000000,
    "grossProfit": 3131000000,
    "grossProfitRatio": 0.3361606184,
    "researchAndDevelopmentExpenses": 0,
    "generalAndAdministrativeExpenses": 0,
    "sellingAndMarketingExpenses": 0,
    "sellingGeneralAndAdministrativeExpenses": 344000000,
    "otherExpenses": 2035000000,
    "operatingExpenses": 2379000000,
    "costAndExpenses": 8562000000,
    "interestIncome": 0,
    "interestExpense": 93000000,
    "depreciationAndAmortization": 560000000,
    "ebitda": 1312000000,
    "ebitdaratio": 0.1408632167,
    "operatingIncome": 752000000,
    "operatingIncomeRatio": 0.080738673,
    "totalOtherIncomeExpensesNet": -93000000,
    "incomeBeforeTax": 659000000,
    "incomeBeforeTaxRatio": 0.0707537041,
    "incomeTaxExpense": 377000000,
    "netIncome": 282000000,
    "netIncomeRatio": 0.0302770024,
    "eps": 0.22,
    "epsdiluted": 0.22,
    "weightedAverageShsOut": 1304312000,
    "weightedAverageShsOutDil": 1304312000,
    "link": "https://www.sec.gov/Archives/edgar/data/93410/000009341095000019/0000093410-95-000019-index.html",
    "finalLink": "https://www.sec.gov/Archives/edgar/data/93410/"
  }
]