[
  {
    "date": "2024-12-31",
    "symbol": "CVX",
    "reportedCurrency": "USD",
    "cik": "0000093410",
    "fillingDate": "2025-02-21",
    "acceptedDate": "2025-02-21 11:20:51",
    "calendarYear": "2024",
    "period": "FY",
    "revenue": 193414000000,
    "costOfRevenue": 136488000000,
    "grossProfit": 56926000000,
    "grossProfitRatio": 0.2943220243,
    "researchAndDevelopmentExpenses": 353000000,
    "generalAndAdministrativeExpenses": 0,
    "sellingAndMarketingExpenses": 0,
    "sellingGeneralAndAdministrativeExpenses": 4834000000,
    "otherExpenses": 22640000000,
    "operatingExpenses": 27827000000,
    "costAndExpenses": 164315000000,
    "interestIncome": 0,
    "interestExpense": 594000000,
    "depreciationAndAmortization": 17711000000,
    "ebitda": 45811000000,
    "ebitdaratio": 0.2368546227,
    "operatingIncome": 29099000000,
    "operatingIncomeRatio": 0.1504492953,
    "totalOtherIncomeExpensesNet": -1593000000,
    "incomeBeforeTax": 27506000000,
    "incomeBeforeTaxRatio": 0.1422130766,
    "incomeTaxExpense": 9757000000,
    "netIncome": 17661000000,
    "netIncomeRatio": 0.0913119009,
    "eps": 9.76,
    "epsdiluted": 9.72,
    "weightedAverageShsOut": 1810000000,
    "weightedAverageShsOutDil": 1817000000,
    "link": "https://www.sec.gov/Archives/edgar/data/93410/000009341025000009/0000093410-25-000009-index.htm",
    "finalLink": "https://www.sec.gov/Archives/edgar/data/93410/000009341025000009/cvx-20241231.htm"
  },
  {
    "date": "2023-12-31",
    "symbol": "CVX",
    "reportedCurrency": "USD",
    "cik": "0000093410",
    "fillingDate": "2024-02-26",
    "acceptedDate": "2024-02-26 16:07:14",
    "calendarYear": "2023",
    "period": "FY",
    "revenue": 196913000000,
    "costOfRevenue": 136522000000,
    "grossProfit": 60391000000,
    "grossProfitRatio": 0.3066887407,
    "researchAndDevelopmentExpenses": 320000000,
    "generalAndAdministrativeExpenses": 0,
    "sellingAndMarketingExpenses": 0,
    "sellingGeneralAndAdministrativeExpenses": 4141000000,
    "otherExpenses": 22140000000,
    "operatingExpenses": 26601000000,
    "costAndExpenses": 163123000000,
    "interestIncome": 0,
    "interestExpense": 469000000,
    "depreciationAndAmortization": 17762000000,
    "ebitda": 47815000000,
    "ebitdaratio": 0.2428229726,
    "operatingIncome": 33790000000,
    "operatingIncomeRatio": 0.1715986248,
    "totalOtherIncomeExpensesNet": -4206000000,
    "incomeBeforeTax": 29584000000,
    "incomeBeforeTaxRatio": 0.150238938,
    "incomeTaxExpense": 8173000000,
    "netIncome": 21369000000,
    "netIncomeRatio": 0.1085200063,
    "eps": 11.41,
    "epsdiluted": 11.36,
    "weightedAverageShsOut": 1872737000,
    "weightedAverageShsOutDil": 1880307000,
    "link": "https://www.sec.gov/Archives/edgar/data/93410/000009341024000013/0000093410-24-000013-index.htm",
    "finalLink": "https://www.sec.gov/Archives/edgar/data/93410/000009341024000013/cvx-20231231.htm"
  },
  {
    "date": "2022-12-31",
    "symbol": "CVX",
    "reportedCurrency": "USD",
    "cik": "0000093410",
    "fillingDate": "2023-02-23",
    "acceptedDate": "2023-02-23 11:51:02",
    "calendarYear": "2022",
    "period": "FY",
    "revenue": 235717000000,
    "costOfRevenue": 170130000000,
    "grossProfit": 65587000000,
    "grossProfitRatio": 0.2782446748,
    "researchAndDevelopmentExpenses": 268000000,
    "generalAndAdministrativeExpenses": 0,
    "sellingAndMarketingExpenses": 0,
    "sellingGeneralAndAdministrativeExpenses": 4312000000,
    "otherExpenses": 21057000000,
    "operatingExpenses": 25637000000,
    "costAndExpenses": 195767000000,
    "interestIncome": 0,
    "interestExpense": 516000000,
    "depreciationAndAmortization": 16805000000,
    "ebitda": 66995000000,
    "ebitdaratio": 0.2842179393,
    "operatingIncome": 39950000000,
    "operatingIncomeRatio": 0.1694828969,
    "totalOtherIncomeExpensesNet": 9724000000,
    "incomeBeforeTax": 49674000000,
    "incomeBeforeTaxRatio": 0.2107357552,
    "incomeTaxExpense": 14066000000,
    "netIncome": 35465000000,
    "netIncomeRatio": 0.1504558432,
    "eps": 18.36,
    "epsdiluted": 18.28,
    "weightedAverageShsOut": 1931486000,
    "weightedAverageShsOutDil": 1940277000,
    "link": "https://www.sec.gov/Archives/edgar/data/93410/000009341023000009/0000093410-23-000009-index.htm",
    "finalLink": "https://www.sec.gov/Archives/edgar/data/93410/000009341023000009/cvx-20221231.htm"
  },
  {
    "date": "2021-12-31",
    "symbol": "CVX",
    "reportedCurrency": "USD",
    "cik": "0000093410",
    "fillingDate": "2022-02-24",
    "acceptedDate": "2022-02-24 11:45:37",
    "calendarYear": "2021",
    "period": "FY",
    "revenue": 155606000000,
    "costOfRevenue": 110174000000,
    "grossProfit": 45432000000,
    "grossProfitRatio": 0.291968176,
    "researchAndDevelopmentExpenses": 268000000,
    "generalAndAdministrativeExpenses": 0,
    "sellingAndMarketingExpenses": 0,
    "sellingGeneralAndAdministrativeExpenses": 4014000000,
    "otherExpenses": 25046000000,
    "operatingExpenses": 29328000000,
    "costAndExpenses": 139502000000,
    "interestIncome": 0,
    "interestExpense": 712000000,
    "depreciationAndAmortization": 17013000000,
    "ebitda": 39364000000,
    "ebitdaratio": 0.2529722504,
    "operatingIncome": 16104000000,
    "operatingIncomeRatio": 0.1034921533,
    "totalOtherIncomeExpensesNet": 5535000000,
    "incomeBeforeTax": 21639000000,
    "incomeBeforeTaxRatio": 0.1390627611,
    "incomeTaxExpense": 5950000000,
    "netIncome": 15625000000,
    "netIncomeRatio": 0.1004138658,
    "eps": 8.15,
    "epsdiluted": 8.14,
    "weightedAverageShsOut": 1915989000,
    "weightedAverageShsOutDil": 1920275000,
    "link": "https://www.sec.gov/Archives/edgar/data/93410/000009341022000019/0000093410-22-000019-index.htm",
    "finalLink": "https://www.sec.gov/Archives/edgar/data/93410/000009341022000019/cvx-20211231.htm"
  },
  {
    "date": "2020-12-31",
    "symbol": "CVX",
    "reportedCurrency": "USD",
    "cik": "0000093410",
    "fillingDate": "2021-02-25",
    "acceptedDate": "2021-02-25 14:32:29",
    "calendarYear": "2020",
    "period": "FY",
    "revenue": 94471000000,
    "costOfRevenue": 71656000000,
    "grossProfit": 22815000000,
    "grossProfitRatio": 0.2415026834,
    "researchAndDevelopmentExpenses": 435000000,
    "generalAndAdministrativeExpenses": 0,
    "sellingAndMarketingExpenses": 0,
    "sellingGeneralAndAdministrativeExpenses": 4213000000,
    "otherExpenses": 25109000000,
    "operatingExpenses": 29757000000,
    "costAndExpenses": 101413000000,
    "interestIncome": 0,
    "interestExpense": 697000000,
    "depreciationAndAmortization": 17192000000,
    "ebitda": 10436000000,
    "ebitdaratio": 0.1104677626,
    "operatingIncome": -6942000000,
    "operatingIncomeRatio": -0.0734828678,
    "totalOtherIncomeExpensesNet": -511000000,
    "incomeBeforeTax": -7453000000,
    "incomeBeforeTaxRatio": -0.0788919351,
    "incomeTaxExpense": -1892000000,
    "netIncome": -5543000000,
    "netIncomeRatio": -0.0586740905,
    "eps": -2.96,
    "epsdiluted": -2.96,
    "weightedAverageShsOut": 1870027000,
    "weightedAverageShsOutDil": 1870027000,
    "link": "https://www.sec.gov/Archives/edgar/data/93410/000009341021000009/0000093410-21-000009-index.htm",
    "finalLink": "https://www.sec.gov/Archives/edgar/data/93410/000009341021000009/cvx-20201231.htm"
  },
  {
    "date": "2019-12-31",
    "symbol": "CVX",
    "reportedCurrency": "USD",
    "cik": "0000093410",
    "fillingDate": "2020-02-21",
    "acceptedDate": "2020-02-21 11:40:21",
    "calendarYear": "2019",
    "period": "FY",
    "revenue": 139865000000,
    "costOfRevenue": 109331000000,
    "grossProfit": 30534000000,
    "grossProfitRatio": 0.2183105137,
    "researchAndDevelopmentExpenses": 0,
    "generalAndAdministrativeExpenses": 0,
    "sellingAndMarketingExpenses": 0,
    "sellingGeneralAndAdministrativeExpenses": 4143000000,
    "otherExpenses": 26291000000,
    "operatingExpenses": 30434000000,
    "costAndExpenses": 139765000000,
    "interestIncome": 0,
    "interestExpense": 798000000,
    "depreciationAndAmortization": 17965000000,
    "ebitda": 24299000000,
    "ebitdaratio": 0.1737318128,
    "operatingIncome": 100000000,
    "operatingIncomeRatio": 0.0007149752,
    "totalOtherIncomeExpensesNet": 5436000000,
    "incomeBeforeTax": 5536000000,
    "incomeBeforeTaxRatio": 0.0395810246,
    "incomeTaxExpense": 2691000000,
    "netIncome": 2924000000,
    "netIncomeRatio": 0.0209058735,
    "eps": 1.55,
    "epsdiluted": 1.54,
    "weightedAverageShsOut": 1882499000,
    "weightedAverageShsOutDil": 1895126000,
    "link": "https://www.sec.gov/Archives/edgar/data/93410/000009341020000010/0000093410-20-000010-index.htm",
    "finalLink": "https://www.sec.gov/Archives/edgar/data/93410/000009341020000010/cvx12312019-10kdoc.htm"
  },
  {
    "date": "2018-12-31",
    "symbol": "CVX",
    "reportedCurrency": "USD",
    "cik": "0000093410",
    "fillingDate": "2019-02-22",
    "acceptedDate": "2019-02-22 11:25:08",
    "calendarYear": "2018",
    "period": "FY",
    "revenue": 158902000000,
    "costOfRevenue": 113997000000,
    "grossProfit": 44905000000,
    "grossProfitRatio": 0.282595562,
    "researchAndDevelopmentExpenses": 0,
    "generalAndAdministrativeExpenses": 0,
    "sellingAndMarketingExpenses": 0,
    "sellingGeneralAndAdministrativeExpenses": 3838000000,
    "otherExpenses": 26621000000,
    "operatingExpenses": 30459000000,
    "costAndExpenses": 144456000000,
    "interestIncome": 192000000,
    "interestExpense": 748000000,
    "depreciationAndAmortization": 18717000000,
    "ebitda": 40040000000,
    "ebitdaratio": 0.2519792073,
    "operatingIncome": 14446000000,
    "operatingIncomeRatio": 0.0909113793,
    "totalOtherIncomeExpensesNet": 6129000000,
    "incomeBeforeTax": 20575000000,
    "incomeBeforeTaxRatio": 0.1294823224,
    "incomeTaxExpense": 5715000000,
    "netIncome": 14824000000,
    "netIncomeRatio": 0.093290204,
    "eps": 7.81,
    "epsdiluted": 7.74,
    "weightedAverageShsOut": 1897623000,
    "weightedAverageShsOutDil": 1914107000,
    "link": "https://www.sec.gov/Archives/edgar/data/93410/000009341019000008/0000093410-19-000008-index.htm",
    "finalLink": "https://www.sec.gov/Archives/edgar/data/93410/000009341019000008/cvx12312018-10kdoc.htm"
  },
  {
    "date": "2017-12-31",
    "symbol": "CVX",
    "reportedCurrency": "USD",
    "cik": "0000093410",
    "fillingDate": "2018-02-22",
    "acceptedDate": "2018-02-22 11:49:59",
    "calendarYear": "2017",
    "period": "FY",
    "revenue": 134674000000,
    "costOfRevenue": 95114000000,
    "grossProfit": 39560000000,
    "grossProfitRatio": 0.2937463801,
    "researchAndDevelopmentExpenses": 0,
    "generalAndAdministrativeExpenses": 0,
    "sellingAndMarketingExpenses": 0,
    "sellingGeneralAndAdministrativeExpenses": 4110000000,
    "otherExpenses": 32322000000,
    "operatingExpenses": 36432000000,
    "costAndExpenses": 131546000000,
    "interestIncome": 107000000,
    "interestExpense": 307000000,
    "depreciationAndAmortization": 17858000000,
    "ebitda": 27386000000,
    "ebitdaratio": 0.2033503126,
    "operatingIncome": 3128000000,
    "operatingIncomeRatio": 0.023226458,
    "totalOtherIncomeExpensesNet": 6093000000,
    "incomeBeforeTax": 9221000000,
    "incomeBeforeTaxRatio": 0.0684690438,
    "incomeTaxExpense": -48000000,
    "netIncome": 9195000000,
    "netIncomeRatio": 0.068275985,
    "eps": 4.88,
    "epsdiluted": 4.85,
    "weightedAverageShsOut": 1882834000,
    "weightedAverageShsOutDil": 1897633000,
    "link": "https://www.sec.gov/Archives/edgar/data/93410/000009341018000010/0000093410-18-000010-index.htm",
    "finalLink": "https://www.sec.gov/Archives/edgar/data/93410/000009341018000010/cvx12312017-10kdoc.htm"
  },
  {
    "date": "2016-12-31",
    "symbol": "CVX",
    "reportedCurrency": "USD",
    "cik": "0000093410",
    "fillingDate": "2017-02-23",
    "acceptedDate": "2017-02-23 12:18:42",
    "calendarYear": "2016",
    "period": "FY",
    "revenue": 110215000000,
    "costOfRevenue": 78778000000,
    "grossProfit": 31437000000,
    "grossProfitRatio": 0.2852334074,
    "researchAndDevelopmentExpenses": 0,
    "generalAndAdministrativeExpenses": 0,
    "sellingAndMarketingExpenses": 0,
    "sellingGeneralAndAdministrativeExpenses": 4305000000,
    "otherExpenses": 32603000000,
    "operatingExpenses": 36908000000,
    "costAndExpenses": 115686000000,
    "interestIncome": 145000000,
    "interestExpense": 201000000,
    "depreciationAndAmortization": 16011000000,
    "ebitda": 14052000000,
    "ebitdaratio": 0.1274962573,
    "operatingIncome": -5471000000,
    "operatingIncomeRatio": -0.0496393413,
    "totalOtherIncomeExpensesNet": 3311000000,
    "incomeBeforeTax": -2160000000,
    "incomeBeforeTaxRatio": -0.0195980583,
    "incomeTaxExpense": -1729000000,
    "netIncome": -497000000,
    "netIncomeRatio": -0.0045093681,
    "eps": -0.27,
    "epsdiluted": -0.27,
    "weightedAverageShsOut": 1840740740,
    "weightedAverageShsOutDil": 1872789000,
    "link": "https://www.sec.gov/Archives/edgar/data/93410/000009341017000013/0000093410-17-000013-index.htm",
    "finalLink": "https://www.sec.gov/Archives/edgar/data/93410/000009341017000013/cvx-123116x10kdoc.htm"
  },
  {
    "date": "2015-12-31",
    "symbol": "CVX",
    "reportedCurrency": "USD",
    "cik": "0000093410",
    "fillingDate": "2016-02-25",
    "acceptedDate": "2016-02-25 12:08:14",
    "calendarYear": "2015",
    "period": "FY",
    "revenue": 129925000000,
    "costOfRevenue": 90788000000,
    "grossProfit": 39137000000,
    "grossProfitRatio": 0.3012276313,
    "researchAndDevelopmentExpenses": 0,
    "generalAndAdministrativeExpenses": 0,
    "sellingAndMarketingExpenses": 0,
    "sellingGeneralAndAdministrativeExpenses": 4443000000,
    "otherExpenses": 38404000000,
    "operatingExpenses": 42847000000,
    "costAndExpenses": 133635000000,
    "interestIncome": 119000000,
    "interestExpense": 0,
    "depreciationAndAmortization": 18565000000,
    "ebitda": 23407000000,
    "ebitdaratio": 0.1801577833,
    "operatingIncome": -3710000000,
    "operatingIncomeRatio": -0.0285549355,
    "totalOtherIncomeExpensesNet": 8552000000,
    "incomeBeforeTax": 4842000000,
    "incomeBeforeTaxRatio": 0.0372676544,
    "incomeTaxExpense": 132000000,
    "netIncome": 4587000000,
    "netIncomeRatio": 0.0353049836,
    "eps": 2.46,
    "epsdiluted": 2.45,
    "weightedAverageShsOut": 1867941000,
    "weightedAverageShsOutDil": 1874971000,
    "link": "https://www.sec.gov/Archives/edgar/data/93410/000009341016000049/0000093410-16-000049-index.htm",
    "finalLink": "https://www.sec.gov/Archives/edgar/data/93410/000009341016000049/cvx-123115x10kdoc.htm"
  },
  {
    "date": "2014-12-31",
    "symbol": "CVX",
    "reportedCurrency": "USD",
    "cik": "0000093410",
    "fillingDate": "2015-02-20",
    "acceptedDate": "2015-02-20 11:36:43",
    "calendarYear": "2014",
    "period": "FY",
    "revenue": 200494000000,
    "costOfRevenue": 136464000000,
    "grossProfit": 64030000000,
    "grossProfitRatio": 0.3193611779,
    "researchAndDevelopmentExpenses": 0,
    "generalAndAdministrativeExpenses": 0,
    "sellingAndMarketingExpenses": 0,
    "sellingGeneralAndAdministrativeExpenses": 4494000000,
    "otherExpenses": 39810000000,
    "operatingExpenses": 44304000000,
    "costAndExpenses": 180768000000,
    "interestIncome": 145000000,
    "interestExpense": 0,
    "depreciationAndAmortization": 17668000000,
    "ebitda": 48870000000,
    "ebitdaratio": 0.2437479426,
    "operatingIncome": 19726000000,
    "operatingIncomeRatio": 0.0983869841,
    "totalOtherIncomeExpensesNet": 11476000000,
    "incomeBeforeTax": 31202000000,
    "incomeBeforeTaxRatio": 0.1556256048,
    "incomeTaxExpense": 11892000000,
    "netIncome": 19241000000,
    "netIncomeRatio": 0.0959679591,
    "eps": 10.21,
    "epsdiluted": 10.14,
    "weightedAverageShsOut": 1883633000,
    "weightedAverageShsOutDil": 1897897000,
    "link": "https://www.sec.gov/Archives/edgar/data/93410/000009341015000010/0000093410-15-000010-index.htm",
    "finalLink": "https://www.sec.gov/Archives/edgar/data/93410/000009341015000010/cvx-123114x10kdoc.htm"
  },
  {
    "date": "2013-12-31",
    "symbol": "CVX",
    "reportedCurrency": "USD",
    "cik": "0000093410",
    "fillingDate": "2014-02-21",
    "acceptedDate": "2014-02-21 11:21:41",
    "calendarYear": "2013",
    "period": "FY",
    "revenue": 220156000000,
    "costOfRevenue": 148882000000,
    "grossProfit": 71274000000,
    "grossProfitRatio": 0.3237431639,
    "researchAndDevelopmentExpenses": 0,
    "generalAndAdministrativeExpenses": 0,
    "sellingAndMarketingExpenses": 0,
    "sellingGeneralAndAdministrativeExpenses": 4510000000,
    "otherExpenses": 39551000000,
    "operatingExpenses": 44061000000,
    "costAndExpenses": 192943000000,
    "interestIncome": 136000000,
    "interestExpense": 0,
    "depreciationAndAmortization": 14869000000,
    "ebitda": 42082000000,
    "ebitdaratio": 0.1911462781,
    "operatingIncome": 27213000000,
    "operatingIncomeRatio": 0.1236078054,
    "totalOtherIncomeExpensesNet": 8692000000,
    "incomeBeforeTax": 35905000000,
    "incomeBeforeTaxRatio": 0.1630889006,
    "incomeTaxExpense": 14308000000,
    "netIncome": 21423000000,
    "netIncomeRatio": 0.0973082723,
    "eps": 11.18,
    "epsdiluted": 11.09,
    "weightedAverageShsOut": 1917018000,
    "weightedAverageShsOutDil": 1932393000,
    "link": "https://www.sec.gov/Archives/edgar/data/93410/000009341014000011/0000093410-14-000011-index.htm",
    "finalLink": "https://www.sec.gov/Archives/edgar/data/93410/000009341014000011/cvx-123113x10kdoc.htm"
  },
  {
    "date": "2012-12-31",
    "symbol": "CVX",
    "reportedCurrency": "USD",
    "cik": "0000093410",
    "fillingDate": "2013-02-22",
    "acceptedDate": "2013-02-22 11:55:46",
    "calendarYear": "2012",
    "period": "FY",
    "revenue": 230590000000,
    "costOfRevenue": 154179000000,
    "grossProfit": 76411000000,
    "grossProfitRatio": 0.3313716987,
    "researchAndDevelopmentExpenses": 0,
    "generalAndAdministrativeExpenses": 0,
    "sellingAndMarketingExpenses": 0,
    "sellingGeneralAndAdministrativeExpenses": 4724000000,
    "otherExpenses": 36674000000,
    "operatingExpenses": 41398000000,
    "costAndExpenses": 195577000000,
    "interestIncome": 166000000,
    "interestExpense": 0,
    "depreciationAndAmortization": 13968000000,
    "ebitda": 48981000000,
    "ebitdaratio": 0.2124159764,
    "operatingIncome": 35013000000,
    "operatingIncomeRatio": 0.1518409298,
    "totalOtherIncomeExpensesNet": 11319000000,
    "incomeBeforeTax": 46332000000,
    "incomeBeforeTaxRatio": 0.2009280541,
    "incomeTaxExpense": 19996000000,
    "netIncome": 26179000000,
    "netIncomeRatio": 0.1135305087,
    "eps": 13.42,
    "epsdiluted": 13.32,
    "weightedAverageShsOut": 1950480000,
    "weightedAverageShsOutDil": 1964755000,
    "link": "https://www.sec.gov/Archives/edgar/data/93410/000009341013000003/0000093410-13-000003-index.htm",
    "finalLink": "https://www.sec.gov/Archives/edgar/data/93410/000009341013000003/cvx-123112x10kdoc.htm"
  },
  {
    "date": "2011-12-31",
    "symbol": "CVX",
    "reportedCurrency": "USD",
    "cik": "0000093410",
    "fillingDate": "2012-02-23",
    "acceptedDate": "2012-02-23 13:51:37",
    "calendarYear": "2011",
    "period": "FY",
    "revenue": 244371000000,
    "costOfRevenue": 162834000000,
    "grossProfit": 81537000000,
    "grossProfitRatio": 0.3336607044,
    "researchAndDevelopmentExpenses": 0,
    "generalAndAdministrativeExpenses": 0,
    "sellingAndMarketingExpenses": 0,
    "sellingGeneralAndAdministrativeExpenses": 4745000000,
    "otherExpenses": 38493000000,
    "operatingExpenses": 43238000000,
    "costAndExpenses": 206072000000,
    "interestIncome": 145000000,
    "interestExpense": 0,
    "depreciationAndAmortization": 13288000000,
    "ebitda": 51587000000,
    "ebitdaratio": 0.2111011536,
    "operatingIncome": 38299000000,
    "operatingIncomeRatio": 0.156724816,
    "totalOtherIncomeExpensesNet": 9335000000,
    "incomeBeforeTax": 47634000000,
    "incomeBeforeTaxRatio": 0.1949249297,
    "incomeTaxExpense": 20626000000,
    "netIncome": 26895000000,
    "netIncomeRatio": 0.1100580674,
    "eps": 13.54,
    "epsdiluted": 13.44,
    "weightedAverageShsOut": 1986482000,
    "weightedAverageShsOutDil": 2000785000,
    "link": "https://www.sec.gov/Archives/edgar/data/93410/000095012312002976/0000950123-12-002976-index.htm",
    "finalLink": "https://www.sec.gov/Archives/edgar/data/93410/000095012312002976/f60351e10vk.htm"
  },
  {
    "date": "2010-12-31",
    "symbol": "CVX",
    "reportedCurrency": "USD",
    "cik": "0000093410",
    "fillingDate": "2011-02-24",
    "acceptedDate": "2011-02-24 12:52:15",
    "calendarYear": "2010",
    "period": "FY",
    "revenue": 198198000000,
    "costOfRevenue": 129530000000,
    "grossProfit": 68668000000,
    "grossProfitRatio": 0.3464616192,
    "researchAndDevelopmentExpenses": 0,
    "generalAndAdministrativeExpenses": 0,
    "sellingAndMarketingExpenses": 0,
    "sellingGeneralAndAdministrativeExpenses": 4767000000,
    "otherExpenses": 38526000000,
    "operatingExpenses": 43293000000,
    "costAndExpenses": 172823000000,
    "interestIncome": 0,
    "interestExpense": 50000000,
    "depreciationAndAmortization": 13559000000,
    "ebitda": 45664000000,
    "ebitdaratio": 0.2303958668,
    "operatingIncome": 25375000000,
    "operatingIncomeRatio": 0.1280285371,
    "totalOtherIncomeExpensesNet": 6680000000,
    "incomeBeforeTax": 32055000000,
    "incomeBeforeTaxRatio": 0.1617322072,
    "incomeTaxExpense": 12919000000,
    "netIncome": 19024000000,
    "netIncomeRatio": 0.0959848233,
    "eps": 2.65,
    "epsdiluted": 2.64,
    "weightedAverageShsOut": 1998005000,
    "weightedAverageShsOutDil": 2009104000,
    "link": "https://www.sec.gov/Archives/edgar/data/93410/000095012311017688/0000950123-11-017688-index.htm",
    "finalLink": "https://www.sec.gov/Archives/edgar/data/93410/000095012311017688/f56670e10vk.htm"
  },
  {
    "date": "2009-12-31",
    "symbol": "CVX",
    "reportedCurrency": "USD",
    "cik": "0000093410",
    "fillingDate": "2010-02-25",
    "acceptedDate": "2010-02-25 12:56:14",
    "calendarYear": "2009",
    "period": "FY",
    "revenue": 168320000000,
    "costOfRevenue": 125619000000,
    "grossProfit": 42701000000,
    "grossProfitRatio": 0.2536894011,
    "researchAndDevelopmentExpenses": 0,
    "generalAndAdministrativeExpenses": 0,
    "sellingAndMarketingExpenses": 0,
    "sellingGeneralAndAdministrativeExpenses": 4527000000,
    "otherExpenses": 31043000000,
    "operatingExpenses": 35570000000,
    "costAndExpenses": 161189000000,
    "interestIncome": 0,
    "interestExpense": 28000000,
    "depreciationAndAmortization": 12110000000,
    "ebitda": 30666000000,
    "ebitdaratio": 0.1821886882,
    "operatingIncome": 7131000000,
    "operatingIncomeRatio": 0.0423657319,
    "totalOtherIncomeExpensesNet": 11397000000,
    "incomeBeforeTax": 18528000000,
    "incomeBeforeTaxRatio": 0.1100760456,
    "incomeTaxExpense": 7965000000,
    "netIncome": 10483000000,
    "netIncomeRatio": 0.0622801806,
    "eps": 5.26,
    "epsdiluted": 5.24,
    "weightedAverageShsOut": 1992274000,
    "weightedAverageShsOutDil": 2000925000,
    "link": "https://www.sec.gov/Archives/edgar/data/93410/000095012310016846/0000950123-10-016846-index.htm",
    "finalLink": "https://www.sec.gov/Archives/edgar/data/93410/000095012310016846/f54086e10vk.htm"
  },
  {
    "date": "2008-12-31",
    "symbol": "CVX",
    "reportedCurrency": "USD",
    "cik": "0000093410",
    "fillingDate": "2009-02-26",
    "acceptedDate": "2009-02-26 00:00:00",
    "calendarYear": "2008",
    "period": "FY",
    "revenue": 267639000000,
    "costOfRevenue": 192192000000,
    "grossProfit": 75447000000,
    "grossProfitRatio": 0.281898378,
    "researchAndDevelopmentExpenses": 0,
    "generalAndAdministrativeExpenses": 0,
    "sellingAndMarketingExpenses": 0,
    "sellingGeneralAndAdministrativeExpenses": 5756000000,
    "otherExpenses": 32000000000,
    "operatingExpenses": 37756000000,
    "costAndExpenses": 229948000000,
    "interestIncome": 0,
    "interestExpense": 0,
    "depreciationAndAmortization": 9528000000,
    "ebitda": 52585000000,
    "ebitdaratio": 0.1964773445,
    "operatingIncome": 37691000000,
    "operatingIncomeRatio": 0.1408277568,
    "totalOtherIncomeExpensesNet": 5366000000,
    "incomeBeforeTax": 43057000000,
    "incomeBeforeTaxRatio": 0.1608771517,
    "incomeTaxExpense": 19026000000,
    "netIncome": 23931000000,
    "netIncomeRatio": 0.0894152198,
    "eps": 11.74,
    "epsdiluted": 11.67,
    "weightedAverageShsOut": 2038000000,
    "weightedAverageShsOutDil": 2050000000,
    "link": "https://www.sec.gov/Archives/edgar/data/93410/000089161809000054/0000891618-09-000054-index.htm",
    "finalLink": "https://www.sec.gov/Archives/edgar/data/93410/000089161809000054/f50714e10vk.htm"
  },
  {
    "date": "2007-12-31",
    "symbol": "CVX",
    "reportedCurrency": "USD",
    "cik": "0000093410",
    "fillingDate": "2008-03-27",
    "acceptedDate": "2008-03-27 08:38:03",
    "calendarYear": "2007",
    "period": "FY",
    "revenue": 220904000000,
    "costOfRevenue": 151564000000,
    "grossProfit": 69340000000,
    "grossProfitRatio": 0.3138920074,
    "researchAndDevelopmentExpenses": 0,
    "generalAndAdministrativeExpenses": 0,
    "sellingAndMarketingExpenses": 0,
    "sellingGeneralAndAdministrativeExpenses": 5926000000,
    "otherExpenses": 30974000000,
    "operatingExpenses": 36900000000,
    "costAndExpenses": 188464000000,
    "interestIncome": 0,
    "interestExpense": 0,
    "depreciationAndAmortization": 8708000000,
    "ebitda": 41148000000,
    "ebitdaratio": 0.1862709593,
    "operatingIncome": 32440000000,
    "operatingIncomeRatio": 0.1468511208,
    "totalOtherIncomeExpensesNet": -273000000,
    "incomeBeforeTax": 32167000000,
    "incomeBeforeTaxRatio": 0.1456152899,
    "incomeTaxExpense": 13479000000,
    "netIncome": 18688000000,
    "netIncomeRatio": 0.0845978344,
    "eps": 8.83,
    "epsdiluted": 8.77,
    "weightedAverageShsOut": 2118000000,
    "weightedAverageShsOutDil": 2132000000,
    "link": "https://www.sec.gov/Archives/edgar/data/93410/000095013408005470/0000950134-08-005470-index.htm",
    "finalLink": "https://www.sec.gov/Archives/edgar/data/93410/000095013408005470/f37829a1e10vkza.htm"
  },
  {
    "date": "2006-12-31",
    "symbol": "CVX",
    "reportedCurrency": "USD",
    "cik": "0000093410",
    "fillingDate": "2007-02-28",
    "acceptedDate": "2007-02-28 17:24:00",
    "calendarYear": "2006",
    "period": "FY",
    "revenue": 210118000000,
    "costOfRevenue": 144139000000,
    "grossProfit": 65979000000,
    "grossProfitRatio": 0.314009271,
    "researchAndDevelopmentExpenses": 0,
    "generalAndAdministrativeExpenses": 0,
    "sellingAndMarketingExpenses": 0,
    "sellingGeneralAndAdministrativeExpenses": 5093000000,
    "otherExpenses": 28389000000,
    "operatingExpenses": 33482000000,
    "costAndExpenses": 177621000000,
    "interestIncome": 0,
    "interestExpense": 0,
    "depreciationAndAmortization": 7506000000,
    "ebitda": 40003000000,
    "ebitdaratio": 0.1903834988,
    "operatingIncome": 32497000000,
    "operatingIncomeRatio": 0.1546607145,
    "totalOtherIncomeExpensesNet": -521000000,
    "incomeBeforeTax": 31976000000,
    "incomeBeforeTaxRatio": 0.1521811554,
    "incomeTaxExpense": 14838000000,
    "netIncome": 17138000000,
    "netIncomeRatio": 0.0815636928,
    "eps": 7.84,
    "epsdiluted": 7.8,
    "weightedAverageShsOut": 2185969388,
    "weightedAverageShsOutDil": 2197179487,
    "link": "https://www.sec.gov/Archives/edgar/data/93410/000095014907000074/0000950149-07-000074-index.htm",
    "finalLink": "https://www.sec.gov/Archives/edgar/data/93410/000095014907000074/f27542e10vk.htm"
  },
  {
    "date": "2005-12-31",
    "symbol": "CVX",
    "reportedCurrency": "USD",
    "cik": "0000093410",
    "fillingDate": "2006-03-01",
    "acceptedDate": "2006-03-01 12:24:08",
    "calendarYear": "2005",
    "period": "FY",
    "revenue": 198200000000,
    "costOfRevenue": 140902000000,
    "grossProfit": 57298000000,
    "grossProfitRatio": 0.2890918264,
    "researchAndDevelopmentExpenses": 0,
    "generalAndAdministrativeExpenses": 0,
    "sellingAndMarketingExpenses": 0,
    "sellingGeneralAndAdministrativeExpenses": 4828000000,
    "otherExpenses": 17976000000,
    "operatingExpenses": 22804000000,
    "costAndExpenses": 163706000000,
    "interestIncome": 0,
    "interestExpense": 0,
    "depreciationAndAmortization": 5913000000,
    "ebitda": 40407000000,
    "ebitdaratio": 0.2038698285,
    "operatingIncome": 34494000000,
    "operatingIncomeRatio": 0.1740363269,
    "totalOtherIncomeExpensesNet": -9297000000,
    "incomeBeforeTax": 25197000000,
    "incomeBeforeTaxRatio": 0.1271291625,
    "incomeTaxExpense": 11098000000,
    "netIncome": 14099000000,
    "netIncomeRatio": 0.071135217,
    "eps": 6.58,
    "epsdiluted": 6.54,
    "weightedAverageShsOut": 2142705167,
    "weightedAverageShsOutDil": 2155810398,
    "link": "https://www.sec.gov/Archives/edgar/data/93410/000095014906000076/0000950149-06-000076-index.htm",
    "finalLink": "https://www.sec.gov/Archives/edgar/data/93410/000095014906000076/f16935e10vk.htm"
  },
  {
    "date": "2004-12-31",
    "symbol": "CVX",
    "reportedCurrency": "USD",
    "cik": "0000093410",
    "fillingDate": "2005-03-03",
    "acceptedDate": "2005-03-03 08:36:36",
    "calendarYear": "2004",
    "period": "FY",
    "revenue": 155300000000,
    "costOfRevenue": 104948000000,
    "grossProfit": 50352000000,
    "grossProfitRatio": 0.3242240824,
    "researchAndDevelopmentExpenses": 0,
    "generalAndAdministrativeExpenses": 0,
    "sellingAndMarketingExpenses": 0,
    "sellingGeneralAndAdministrativeExpenses": 4557000000,
    "otherExpenses": 16785000000,
    "operatingExpenses": 21342000000,
    "costAndExpenses": 126290000000,
    "interestIncome": 0,
    "interestExpense": 0,
    "depreciationAndAmortization": 4935000000,
    "ebitda": 33945000000,
    "ebitdaratio": 0.2185769478,
    "operatingIncome": 29010000000,
    "operatingIncomeRatio": 0.1867997424,
    "totalOtherIncomeExpensesNet": -8459000000,
    "incomeBeforeTax": 20551000000,
    "incomeBeforeTaxRatio": 0.1323309723,
    "incomeTaxExpense": 7517000000,
    "netIncome": 13328000000,
    "netIncomeRatio": 0.0858209916,
    "eps": 6.3,
    "epsdiluted": 6.28,
    "weightedAverageShsOut": 2115555556,
    "weightedAverageShsOutDil": 2122292994,
    "link": "https://www.sec.gov/Archives/edgar/data/93410/000095013405004137/0000950134-05-004137-index.htm",
    "finalLink": "https://www.sec.gov/Archives/edgar/data/93410/000095013405004137/f04196e10vk.htm"
  },
  {
    "date": "2003-12-31",
    "symbol": "CVX",
    "reportedCurrency": "USD",
    "cik": "0000093410",
    "fillingDate": "2004-03-09",
    "acceptedDate": "2004-03-09 12:55:13",
    "calendarYear": "2003",
    "period": "FY",
    "revenue": 121277000000,
    "costOfRevenue": 80380000000,
    "grossProfit": 40897000000,
    "grossProfitRatio": 0.3372197531,
    "researchAndDevelopmentExpenses": 0,
    "generalAndAdministrativeExpenses": 0,
    "sellingAndMarketingExpenses": 0,
    "sellingGeneralAndAdministrativeExpenses": 4440000000,
    "otherExpenses": 16132000000,
    "operatingExpenses": 20572000000,
    "costAndExpenses": 100952000000,
    "interestIncome": 0,
    "interestExpense": 0,
    "depreciationAndAmortization": 5326000000,
    "ebitda": 25651000000,
    "ebitdaratio": 0.2115075406,
    "operatingIncome": 20325000000,
    "operatingIncomeRatio": 0.1675915466,
    "totalOtherIncomeExpensesNet": -7649000000,
    "incomeBeforeTax": 12676000000,
    "incomeBeforeTaxRatio": 0.1045210551,
    "incomeTaxExpense": 5294000000,
    "netIncome": 7230000000,
    "netIncomeRatio": 0.0596155908,
    "eps": 3.48,
    "epsdiluted": 3.48,
    "weightedAverageShsOut": 2077586207,
    "weightedAverageShsOutDil": 2077586207,
    "link": "https://www.sec.gov/Archives/edgar/data/93410/000095013404003128/0000950134-04-003128-index.htm",
    "finalLink": "https://www.sec.gov/Archives/edgar/data/93410/000095013404003128/f96742e10vk.htm"
  },
  {
    "date": "2002-12-31",
    "symbol": "CVX",
    "reportedCurrency": "USD",
    "cik": "0000093410",
    "fillingDate": "2003-03-17",
    "acceptedDate": "2003-03-17 17:23:02",
    "calendarYear": "2002",
    "period": "FY",
    "revenue": 98537000000,
    "costOfRevenue": 65437000000,
    "grossProfit": 33100000000,
    "grossProfitRatio": 0.3359144281,
    "researchAndDevelopmentExpenses": 0,
    "generalAndAdministrativeExpenses": 0,
    "sellingAndMarketingExpenses": 0,
    "sellingGeneralAndAdministrativeExpenses": 4155000000,
    "otherExpenses": 14845000000,
    "operatingExpenses": 19000000000,
    "costAndExpenses": 84437000000,
    "interestIncome": 0,
    "interestExpense": 0,
    "depreciationAndAmortization": 5169000000,
    "ebitda": 19269000000,
    "ebitdaratio": 0.1955509098,
    "operatingIncome": 14100000000,
    "operatingIncomeRatio": 0.1430934573,
    "totalOtherIncomeExpensesNet": -10000000000,
    "incomeBeforeTax": 4100000000,
    "incomeBeforeTaxRatio": 0.0416087358,
    "incomeTaxExpense": 2998000000,
    "netIncome": 1132000000,
    "netIncomeRatio": 0.0114880705,
    "eps": 0.53,
    "epsdiluted": 0.53,
    "weightedAverageShsOut": 2135849057,
    "weightedAverageShsOutDil": 2135849057,
    "link": "https://www.sec.gov/Archives/edgar/data/93410/000095014903000567/0000950149-03-000567-index.htm",
    "finalLink": "https://www.sec.gov/Archives/edgar/data/93410/000095014903000567/f87939e10vk.htm"
  },
  {
    "date": "2001-12-31",
    "symbol": "CVX",
    "reportedCurrency": "USD",
    "cik": "0000093410",
    "fillingDate": "2002-03-27",
    "acceptedDate": "2002-03-27 00:00:00",
    "calendarYear": "2001",
    "period": "FY",
    "revenue": 106245000000,
    "costOfRevenue": 69238000000,
    "grossProfit": 37007000000,
    "grossProfitRatio": 0.3483175679,
    "researchAndDevelopmentExpenses": 0,
    "generalAndAdministrativeExpenses": 0,
    "sellingAndMarketingExpenses": 0,
    "sellingGeneralAndAdministrativeExpenses": 3984000000,
    "otherExpenses": 15669000000,
    "operatingExpenses": 19653000000,
    "costAndExpenses": 88891000000,
    "interestIncome": 0,
    "interestExpense": 0,
    "depreciationAndAmortization": 7059000000,
    "ebitda": 24413000000,
    "ebitdaratio": 0.229780225,
    "operatingIncome": 17354000000,
    "operatingIncomeRatio": 0.1633394513,
    "totalOtherIncomeExpensesNet": -9063000000,
    "incomeBeforeTax": 8291000000,
    "incomeBeforeTaxRatio": 0.0780366135,
    "incomeTaxExpense": 4360000000,
    "netIncome": 3288000000,
    "netIncomeRatio": 0.0309473387,
    "eps": 1.55,
    "epsdiluted": 1.55,
    "weightedAverageShsOut": 2117419355,
    "weightedAverageShsOutDil": 2124271845,
    "link": "https://www.sec.gov/Archives/edgar/data/93410/000095014902000568/0000950149-02-000568-index.htm",
    "finalLink": "https://www.sec.gov/Archives/edgar/data/93410/000095014902000568/f80065e10-k405.htm"
  },
  {
    "date": "2000-12-31",
    "symbol": "CVX",
    "reportedCurrency": "USD",
    "cik": "0000093410",
    "fillingDate": "2001-03-28",
    "acceptedDate": "2001-03-28 00:00:00",
    "calendarYear": "2000",
    "period": "FY",
    "revenue": 119130000000,
    "costOfRevenue": 79086000000,
    "grossProfit": 40044000000,
    "grossProfitRatio": 0.3361369932,
    "researchAndDevelopmentExpenses": 0,
    "generalAndAdministrativeExpenses": 0,
    "sellingAndMarketingExpenses": 0,
    "sellingGeneralAndAdministrativeExpenses": 3626000000,
    "otherExpenses": 14547000000,
    "operatingExpenses": 18173000000,
    "costAndExpenses": 97259000000,
    "interestIncome": 0,
    "interestExpense": 0,
    "depreciationAndAmortization": 5321000000,
    "ebitda": 27192000000,
    "ebitdaratio": 0.2282548476,
    "operatingIncome": 21871000000,
    "operatingIncomeRatio": 0.1835893562,
    "totalOtherIncomeExpensesNet": -7822000000,
    "incomeBeforeTax": 14049000000,
    "incomeBeforeTaxRatio": 0.1179299924,
    "incomeTaxExpense": 6322000000,
    "netIncome": 7727000000,
    "netIncomeRatio": 0.0648619156,
    "eps": 3.99,
    "epsdiluted": 3.99,
    "weightedAverageShsOut": 1305282000,
    "weightedAverageShsOutDil": 1307654000,
    "link": "https://www.sec.gov/Archives/edgar/data/93410/000009341001000015/0000093410-01-000015-index.htm",
    "finalLink": "https://www.sec.gov/Archives/edgar/data/93410/000009341001000015/0000093410-01-000015-0001.txt"
  },
  {
    "date": "1999-12-31",
    "symbol": "CVX",
    "reportedCurrency": "USD",
    "cik": "0000093410",
    "fillingDate": "2000-03-30",
    "acceptedDate": "2000-03-30 00:00:00",
    "calendarYear": "1999",
    "period": "FY",
    "revenue": 85713000000,
    "costOfRevenue": 55101000000,
    "grossProfit": 30612000000,
    "grossProfitRatio": 0.3571453572,
    "researchAndDevelopmentExpenses": 0,
    "generalAndAdministrativeExpenses": 0,
    "sellingAndMarketingExpenses": 0,
    "sellingGeneralAndAdministrativeExpenses": 3222000000,
    "otherExpenses": 14346000000,
    "operatingExpenses": 17568000000,
    "costAndExpenses": 72669000000,
    "interestIncome": 0,
    "interestExpense": 0,
    "depreciationAndAmortization": 4934000000,
    "ebitda": 17978000000,
    "ebitdaratio": 0.2097464795,
    "operatingIncome": 13044000000,
    "operatingIncomeRatio": 0.1521822827,
    "totalOtherIncomeExpensesNet": -7232000000,
    "incomeBeforeTax": 5812000000,
    "incomeBeforeTaxRatio": 0.0678076838,
    "incomeTaxExpense": 2565000000,
    "netIncome": 3247000000,
    "netIncomeRatio": 0.0378822349,
    "eps": 1.58,
    "epsdiluted": 1.57,
    "weightedAverageShsOut": 1313000000,
    "weightedAverageShsOutDil": 1319000000,
    "link": "https://www.sec.gov/Archives/edgar/data/93410/000009341000000006/0000093410-00-000006-index.html",
    "finalLink": "https://www.sec.gov/Archives/edgar/data/93410/000009341000000006/"
  },
  {
    "date": "1998-12-31",
    "symbol": "CVX",
    "reportedCurrency": "USD",
    "cik": "0000093410",
    "fillingDate": "1999-03-31",
    "acceptedDate": "1999-03-31 00:00:00",
    "calendarYear": "1998",
    "period": "FY",
    "revenue": 30557000000,
    "costOfRevenue": 14036000000,
    "grossProfit": 16521000000,
    "grossProfitRatio": 0.5406617142,
    "researchAndDevelopmentExpenses": 478000000,
    "generalAndAdministrativeExpenses": 0,
    "sellingAndMarketingExpenses": 0,
    "sellingGeneralAndAdministrativeExpenses": 2239000000,
    "otherExpenses": 11565000000,
    "operatingExpenses": 14282000000,
    "costAndExpenses": 28318000000,
    "interestIncome": 0,
    "interestExpense": 0,
    "depreciationAndAmortization": 2320000000,
    "ebitda": 4559000000,
    "ebitdaratio": 0.1491965834,
    "operatingIncome": 2239000000,
    "operatingIncomeRatio": 0.0732728998,
    "totalOtherIncomeExpensesNet": -405000000,
    "incomeBeforeTax": 1834000000,
    "incomeBeforeTaxRatio": 0.0600189809,
    "incomeTaxExpense": 495000000,
    "netIncome": 1339000000,
    "netIncomeRatio": 0.0438197467,
    "eps": 1.02,
    "epsdiluted": 1.02,
    "weightedAverageShsOut": 1306341463,
    "weightedAverageShsOutDil": 1312745098,
    "link": "https://www.sec.gov/Archives/edgar/data/93410/000009341099000034/0000093410-99-000034-index.html",
    "finalLink": "https://www.sec.gov/Archives/edgar/data/93410/"
  },
  {
    "date": "1997-12-31",
    "symbol": "CVX",
    "reportedCurrency": "USD",
    "cik": "0000093410",
    "fillingDate": "1998-03-25",
    "acceptedDate": "1998-03-25 00:00:00",
    "calendarYear": "1997",
    "period": "FY",
    "revenue": 41950000000,
    "costOfRevenue": 20223000000,
    "grossProfit": 21727000000,
    "grossProfitRatio": 0.5179261025,
    "researchAndDevelopmentExpenses": 493000000,
    "generalAndAdministrativeExpenses": 0,
    "sellingAndMarketingExpenses": 0,
    "sellingGeneralAndAdministrativeExpenses": 1533000000,
    "otherExpenses": 13887000000,
    "operatingExpenses": 15913000000,
    "costAndExpenses": 36136000000,
    "interestIncome": 0,
    "interestExpense": 0,
    "depreciationAndAmortization": 2300000000,
    "ebitda": 8114000000,
    "ebitdaratio": 0.193420739,
    "operatingIncome": 5814000000,
    "operatingIncomeRatio": 0.1385935638,
    "totalOtherIncomeExpensesNet": -312000000,
    "incomeBeforeTax": 5502000000,
    "incomeBeforeTaxRatio": 0.1311561383,
    "incomeTaxExpense": 2246000000,
    "netIncome": 3256000000,
    "netIncomeRatio": 0.0776162098,
    "eps": 2.49,
    "epsdiluted": 2.48,
    "weightedAverageShsOut": 1309981842,
    "weightedAverageShsOutDil": 1315555556,
    "link": "https://www.sec.gov/Archives/edgar/data/93410/000009341098000003/0000093410-98-000003-index.html",
    "finalLink": "https://www.sec.gov/Archives/edgar/data/93410/"
  },
  {
    "date": "1996-12-31",
    "symbol": "CVX",
    "reportedCurrency": "USD",
    "cik": "0000093410",
    "fillingDate": "1997-03-26",
    "acceptedDate": "1997-03-26 00:00:00",
    "calendarYear": "1996",
    "period": "FY",
    "revenue": 43893000000,
    "costOfRevenue": 22826000000,
    "grossProfit": 21067000000,
    "grossProfitRatio": 0.4799626364,
    "researchAndDevelopmentExpenses": 455000000,
    "generalAndAdministrativeExpenses": 0,
    "sellingAndMarketingExpenses": 0,
    "sellingGeneralAndAdministrativeExpenses": 1377000000,
    "otherExpenses": 14131000000,
    "operatingExpenses": 15963000000,
    "costAndExpenses": 38789000000,
    "interestIncome": 0,
    "interestExpense": 0,
    "depreciationAndAmortization": 2216000000,
    "ebitda": 7320000000,
    "ebitdaratio": 0.1667691887,
    "operatingIncome": 5104000000,
    "operatingIncomeRatio": 0.1162827786,
    "totalOtherIncomeExpensesNet": -364000000,
    "incomeBeforeTax": 4740000000,
    "incomeBeforeTaxRatio": 0.1079898845,
    "incomeTaxExpense": 2133000000,
    "netIncome": 2607000000,
    "netIncomeRatio": 0.0593944365,
    "eps": 2,
    "epsdiluted": 2,
    "weightedAverageShsOut": 1305538500,
    "weightedAverageShsOutDil": 1305538500,
    "link": "https://www.sec.gov/Archives/edgar/data/93410/000009341097000004/0000093410-97-000004-index.html",
    "finalLink": "https://www.sec.gov/Archives/edgar/data/93410/"
  },
  {
    "date": "1995-12-31",
    "symbol": "CVX",
    "reportedCurrency": "USD",
    "cik": "0000093410",
    "fillingDate": "1996-03-27",
    "acceptedDate": "1996-03-27 00:00:00",
    "calendarYear": "1995",
    "period": "FY",
    "revenue": 37082000000,
    "costOfRevenue": 18033000000,
    "grossProfit": 19049000000,
    "grossProfitRatio": 0.513699369,
    "researchAndDevelopmentExpenses": 372000000,
    "generalAndAdministrativeExpenses": 0,
    "sellingAndMarketingExpenses": 0,
    "sellingGeneralAndAdministrativeExpenses": 1384000000,
    "otherExpenses": 15103000000,
    "operatingExpenses": 16859000000,
    "costAndExpenses": 34892000000,
    "interestIncome": 0,
    "interestExpense": 0,
    "depreciationAndAmortization": 3381000000,
    "ebitda": 5571000000,
    "ebitdaratio": 0.1502346152,
    "operatingIncome": 2190000000,
    "operatingIncomeRatio": 0.0590583032,
    "totalOtherIncomeExpensesNet": -401000000,
    "incomeBeforeTax": 1789000000,
    "incomeBeforeTaxRatio": 0.0482444313,
    "incomeTaxExpense": 859000000,
    "netIncome": 930000000,
    "netIncomeRatio": 0.0250795534,
    "eps": 0.72,
    "epsdiluted": 0.72,
    "weightedAverageShsOut": 1304167608,
    "weightedAverageShsOutDil": 1304167608,
    "link": "https://www.sec.gov/Archives/edgar/data/93410/000009341096000003/0000093410-96-000003-index.html",
    "finalLink": "https://www.sec.gov/Archives/edgar/data/93410/"
  },
  {
    "date": "1994-12-31",
    "symbol": "CVX",
    "reportedCurrency": "USD",
    "cik": "0000093410",
    "fillingDate": "1995-03-30",
    "acceptedDate": "1995-03-30 00:00:00",
    "calendarYear": "1994",
    "period": "FY",
    "revenue": 35854000000,
    "costOfRevenue": 16990000000,
    "grossProfit": 18864000000,
    "grossProfitRatio": 0.5261337647,
    "researchAndDevelopmentExpenses": 379000000,
    "generalAndAdministrativeExpenses": 0,
    "sellingAndMarketingExpenses": 0,
    "sellingGeneralAndAdministrativeExpenses": 963000000,
    "otherExpenses": 14373000000,
    "operatingExpenses": 15715000000,
    "costAndExpenses": 32705000000,
    "interestIncome": 0,
    "interestExpense": 346000000,
    "depreciationAndAmortization": 2431000000,
    "ebitda": 5580000000,
    "ebitdaratio": 0.1556311709,
    "operatingIncome": 3149000000,
    "operatingIncomeRatio": 0.0878284152,
    "totalOtherIncomeExpensesNet": -346000000,
    "incomeBeforeTax": 2803000000,
    "incomeBeforeTaxRatio": 0.078178167,
    "incomeTaxExpense": 1110000000,
    "netIncome": 1693000000,
    "netIncomeRatio": 0.0472192782,
    "eps": 1.3,
    "epsdiluted": 1.3,
    "weightedAverageShsOut": 1303344476,
    "weightedAverageShsOutDil": 1303344476,
    "link": "https://www.sec.gov/Archives/edgar/data/93410/000009341095000012/0000093410-95-000012-index.html",
    "finalLink": "https://www.sec.gov/Archives/edgar/data/93410/"
  },
  {
    "date": "1993-12-31",
    "symbol": "CVX",
    "reportedCurrency": "USD",
    "cik": "0000093410",
    "fillingDate": "1994-03-30",
    "acceptedDate": "1994-03-30 00:00:00",
    "calendarYear": "1993",
    "period": "FY",
    "revenue": 36642000000,
    "costOfRevenue": 18007000000,
    "grossProfit": 18635000000,
    "grossProfitRatio": 0.5085694012,
    "researchAndDevelopmentExpenses": 0,
    "generalAndAdministrativeExpenses": 0,
    "sellingAndMarketingExpenses": 0,
    "sellingGeneralAndAdministrativeExpenses": 1530000000,
    "otherExpenses": 7698000000,
    "operatingExpenses": 9228000000,
    "costAndExpenses": 27235000000,
    "interestIncome": 0,
    "interestExpense": 317000000,
    "depreciationAndAmortization": 2452000000,
    "ebitda": 5195000000,
    "ebitdaratio": 0.1417771956,
    "operatingIncome": 9407000000,
    "operatingIncomeRatio": 0.2567272529,
    "totalOtherIncomeExpensesNet": -6981000000,
    "incomeBeforeTax": 2426000000,
    "incomeBeforeTaxRatio": 0.0662081764,
    "incomeTaxExpense": 1161000000,
    "netIncome": 1265000000,
    "netIncomeRatio": 0.0345232247,
    "eps": 0.97,
    "epsdiluted": 0.97,
    "weightedAverageShsOut": 1301915504,
    "weightedAverageShsOutDil": 1301915504,
    "link": "https://www.sec.gov/Archives/edgar/data/93410/000009341094000002/0000093410-94-000002-index.html",
    "finalLink": "https://www.sec.gov/Archives/edgar/data/93410/"
  },
  {
    "date": "1992-12-31",
    "symbol": "CVX",
    "reportedCurrency": "USD",
    "cik": "0000093410",
    "fillingDate": "1992-12-31",
    "acceptedDate": "1992-12-30 19:00:00",
    "calendarYear": "1992",
    "period": "FY",
    "revenue": 39271000000,
    "costOfRevenue": 19872000000,
    "grossProfit": 19399000000,
    "grossProfitRatio": 0.4939777444,
    "researchAndDevelopmentExpenses": 0,
    "generalAndAdministrativeExpenses": 0,
    "sellingAndMarketingExpenses": 0,
    "sellingGeneralAndAdministrativeExpenses": 1761000000,
    "otherExpenses": 8000000000,
    "operatingExpenses": 9761000000,
    "costAndExpenses": 29633000000,
    "interestIncome": 0,
    "interestExpense": 436000000,
    "depreciationAndAmortization": 2594000000,
    "ebitda": 5852000000,
    "ebitdaratio": 0.1490158132,
    "operatingIncome": 9638000000,
    "operatingIncomeRatio": 0.2454228311,
    "totalOtherIncomeExpensesNet": -6816000000,
    "incomeBeforeTax": 2822000000,
    "incomeBeforeTaxRatio": 0.071859642,
    "incomeTaxExpense": 1253000000,
    "netIncome": 1569000000,
    "netIncomeRatio": 0.0399531461,
    "eps": 1.16,
    "epsdiluted": 1.16,
    "weightedAverageShsOut": 1355909656,
    "weightedAverageShsOutDil": 1355909656,
    "link": "",
    "finalLink": ""
  }
]